instrument,tradingday,calendarday,time,lastp,volume,openinterest,turnover,ask1,asksz1,bid1,bidsz1
rb1805,20170622,20170621,183635500,2836.0,0,79790,0.0,0.0,0,0.0,0
rb1805,20170622,20170621,205900500,2846.0,34,79758,967640.0,2847.0,3,2846.0,5
rb1805,20170622,20170621,210000500,2846.0,36,79756,1024560.0,2847.0,3,2846.0,4
rb1805,20170622,20170621,210001000,2846.0,40,79752,1138400.0,2847.0,3,2846.0,2
rb1805,20170622,20170621,210001500,2847.0,42,79752,1195340.0,2847.0,2,2846.0,2
rb1805,20170622,20170621,210002000,2847.0,46,79752,1309220.0,2848.0,19,2846.0,2
rb1805,20170622,20170621,210002500,2841.0,52,79750,1479880.0,2848.0,20,2841.0,14
rb1805,20170622,20170621,210003000,2857.0,148,79670,4216940.0,2858.0,1,2842.0,2
rb1805,20170622,20170621,210003500,2847.0,150,79670,4273880.0,2847.0,4,2842.0,1
rb1805,20170622,20170621,210004000,2841.0,174,79646,4956920.0,2859.0,13,2841.0,7
rb1805,20170622,20170621,210004500,2841.0,174,79646,4956920.0,2847.0,1,2843.0,1
rb1805,20170622,20170621,210005000,2847.0,176,79646,5013860.0,2848.0,1,2842.0,1
rb1805,20170622,20170621,210005500,2848.0,180,79648,5127780.0,2857.0,10,2848.0,1
rb1805,20170622,20170621,210006000,2848.0,180,79648,5127780.0,2859.0,10,2848.0,1
rb1805,20170622,20170621,210006500,2848.0,180,79648,5127780.0,2850.0,1,2848.0,1
rb1805,20170622,20170621,210007000,2848.0,180,79648,5127780.0,2850.0,1,2848.0,1
rb1805,20170622,20170621,210007500,2848.0,180,79648,5127780.0,2850.0,1,2848.0,1
rb1805,20170622,20170621,210008000,2848.0,182,79650,5184740.0,2850.0,1,2843.0,1
rb1805,20170622,20170621,210008500,2848.0,182,79650,5184740.0,2848.0,3,2843.0,1
rb1805,20170622,20170621,210009000,2848.0,182,79650,5184740.0,2848.0,3,2844.0,3
rb1805,20170622,20170621,210009500,2848.0,182,79650,5184740.0,2848.0,3,2843.0,1
rb1805,20170622,20170621,210010500,2848.0,182,79650,5184740.0,2848.0,3,2843.0,1
rb1805,20170622,20170621,210011000,2848.0,186,79648,5298660.0,2848.0,1,2844.0,10
rb1805,20170622,20170621,210011500,2848.0,186,79648,5298660.0,2848.0,1,2844.0,11
rb1805,20170622,20170621,210012000,2848.0,186,79648,5298660.0,2848.0,1,2844.0,11
rb1805,20170622,20170621,210012500,2848.0,186,79648,5298660.0,2848.0,2,2844.0,1
rb1805,20170622,20170621,210013000,2848.0,186,79648,5298660.0,2848.0,2,2843.0,1
rb1805,20170622,20170621,210013500,2848.0,186,79648,5298660.0,2848.0,2,2845.0,6
rb1805,20170622,20170621,210014000,2848.0,186,79648,5298660.0,2848.0,2,2845.0,6
rb1805,20170622,20170621,210014500,2848.0,186,79648,5298660.0,2848.0,2,2846.0,1
rb1805,20170622,20170621,210015000,2848.0,186,79648,5298660.0,2848.0,2,2846.0,1
rb1805,20170622,20170621,210016000,2848.0,186,79648,5298660.0,2848.0,2,2846.0,1
rb1805,20170622,20170621,210016500,2848.0,186,79648,5298660.0,2848.0,2,2846.0,1
rb1805,20170622,20170621,210017000,2846.0,188,79648,5355580.0,2848.0,2,2844.0,1
rb1805,20170622,20170621,210017500,2848.0,192,79644,5469500.0,2850.0,2,2845.0,3
rb1805,20170622,20170621,210018000,2848.0,192,79644,5469500.0,2848.0,1,2845.0,3
rb1805,20170622,20170621,210018500,2850.0,198,79640,5640460.0,2848.0,1,2845.0,3
rb1805,20170622,20170621,210019000,2848.0,212,79638,6039000.0,2856.0,12,2843.0,2
rb1805,20170622,20170621,210019500,2848.0,212,79638,6039000.0,2846.0,1,2843.0,3
rb1805,20170622,20170621,210020000,2846.0,214,79636,6095920.0,2848.0,1,2844.0,5
rb1805,20170622,20170621,210020500,2846.0,214,79636,6095920.0,2848.0,1,2844.0,5
rb1805,20170622,20170621,210021500,2846.0,214,79636,6095920.0,2846.0,2,2844.0,5
rb1805,20170622,20170621,210022000,2846.0,218,79636,6209760.0,2848.0,1,2844.0,5
rb1805,20170622,20170621,210022500,2846.0,218,79636,6209760.0,2848.0,1,2844.0,5
rb1805,20170622,20170621,210023000,2846.0,218,79636,6209760.0,2848.0,1,2844.0,5
rb1805,20170622,20170621,210024000,2846.0,218,79636,6209760.0,2848.0,1,2844.0,2
rb1805,20170622,20170621,210025000,2848.0,220,79636,6266720.0,2852.0,12,2845.0,1
rb1805,20170622,20170621,210025500,2848.0,220,79636,6266720.0,2851.0,1,2845.0,1
rb1805,20170622,20170621,210026000,2848.0,220,79636,6266720.0,2851.0,1,2845.0,1
rb1805,20170622,20170621,210026500,2848.0,220,79636,6266720.0,2851.0,1,2845.0,1
rb1805,20170622,20170621,210027000,2848.0,220,79636,6266720.0,2851.0,1,2846.0,8
rb1805,20170622,20170621,210027500,2846.0,230,79626,6551320.0,2851.0,1,2846.0,3
rb1805,20170622,20170621,210028000,2846.0,234,79622,6665160.0,2851.0,1,2846.0,1
rb1805,20170622,20170621,210028500,2846.0,234,79622,6665160.0,2851.0,1,2846.0,1
rb1805,20170622,20170621,210029000,2846.0,234,79622,6665160.0,2851.0,1,2845.0,1
rb1805,20170622,20170621,210029500,2846.0,234,79622,6665160.0,2851.0,1,2846.0,2
rb1805,20170622,20170621,210030000,2846.0,236,79620,6722080.0,2851.0,1,2846.0,1
rb1805,20170622,20170621,210030500,2846.0,236,79620,6722080.0,2851.0,1,2845.0,1
rb1805,20170622,20170621,210031500,2846.0,236,79620,6722080.0,2851.0,2,2845.0,1
rb1805,20170622,20170621,210032000,2846.0,236,79620,6722080.0,2851.0,2,2846.0,1
rb1805,20170622,20170621,210033500,2846.0,236,79620,6722080.0,2851.0,2,2846.0,1
rb1805,20170622,20170621,210034000,2846.0,236,79620,6722080.0,2850.0,2,2846.0,1
rb1805,20170622,20170621,210034500,2846.0,236,79620,6722080.0,2851.0,2,2846.0,1
rb1805,20170622,20170621,210035500,2846.0,236,79620,6722080.0,2851.0,2,2846.0,1
rb1805,20170622,20170621,210036000,2846.0,236,79620,6722080.0,2850.0,1,2846.0,1
rb1805,20170622,20170621,210037000,2846.0,236,79620,6722080.0,2850.0,1,2846.0,1
rb1805,20170622,20170621,210038000,2846.0,236,79620,6722080.0,2848.0,1,2846.0,1
rb1805,20170622,20170621,210038500,2846.0,236,79620,6722080.0,2848.0,1,2846.0,2
rb1805,20170622,20170621,210039000,2846.0,236,79620,6722080.0,2848.0,1,2846.0,2
rb1805,20170622,20170621,210040000,2846.0,236,79620,6722080.0,2848.0,1,2846.0,2
rb1805,20170622,20170621,210040500,2846.0,236,79620,6722080.0,2848.0,1,2846.0,2
rb1805,20170622,20170621,210042000,2846.0,236,79620,6722080.0,2848.0,1,2846.0,2
rb1805,20170622,20170621,210043500,2846.0,236,79620,6722080.0,2848.0,1,2846.0,8
rb1805,20170622,20170621,210044000,2846.0,238,79620,6779000.0,2848.0,2,2846.0,7
rb1805,20170622,20170621,210045000,2846.0,238,79620,6779000.0,2848.0,2,2846.0,7
rb1805,20170622,20170621,210046000,2846.0,250,79610,7120560.0,2848.0,1,2846.0,2
rb1805,20170622,20170621,210047000,2848.0,254,79612,7234480.0,2849.0,5,2848.0,3
rb1805,20170622,20170621,210047500,2848.0,254,79612,7234480.0,2849.0,5,2848.0,3
rb1805,20170622,20170621,210048000,2848.0,254,79612,7234480.0,2849.0,5,2848.0,3
rb1805,20170622,20170621,210048500,2848.0,254,79612,7234480.0,2849.0,5,2848.0,3
rb1805,20170622,20170621,210049000,2848.0,254,79612,7234480.0,2849.0,5,2848.0,4
rb1805,20170622,20170621,210049500,2848.0,254,79612,7234480.0,2849.0,5,2848.0,4
rb1805,20170622,20170621,210050000,2848.0,262,79612,7462320.0,2848.0,1,2846.0,2
rb1805,20170622,20170621,210050500,2848.0,262,79612,7462320.0,2848.0,3,2846.0,2
rb1805,20170622,20170621,210051000,2848.0,262,79612,7462320.0,2848.0,3,2846.0,2
rb1805,20170622,20170621,210053500,2848.0,262,79612,7462320.0,2848.0,3,2847.0,1
rb1805,20170622,20170621,210054000,2847.0,278,79604,7917980.0,2849.0,5,2846.0,2
rb1805,20170622,20170621,210055000,2847.0,278,79604,7917980.0,2848.0,1,2846.0,2
rb1805,20170622,20170621,210055500,2849.0,288,79596,8202860.0,2849.0,1,2846.0,2
rb1805,20170622,20170621,210056000,2849.0,288,79596,8202860.0,2849.0,1,2847.0,2
rb1805,20170622,20170621,210056500,2849.0,288,79596,8202860.0,2849.0,1,2847.0,2
rb1805,20170622,20170621,210057500,2849.0,288,79596,8202860.0,2849.0,1,2847.0,2
rb1805,20170622,20170621,210059500,2849.0,288,79596,8202860.0,2849.0,1,2847.0,2
rb1805,20170622,20170621,210100000,2850.0,292,79596,8316840.0,2851.0,1,2847.0,3
rb1805,20170622,20170621,210100500,2850.0,292,79596,8316840.0,2851.0,1,2847.0,3
rb1805,20170622,20170621,210101000,2850.0,292,79596,8316840.0,2851.0,1,2847.0,9
rb1805,20170622,20170621,210101500,2850.0,292,79596,8316840.0,2850.0,2,2848.0,6
rb1805,20170622,20170621,210102000,2850.0,296,79596,8430840.0,2851.0,6,2848.0,11
rb1805,20170622,20170621,210102500,2851.0,300,79594,8544880.0,2851.0,4,2850.0,1
rb1805,20170622,20170621,210103000,2850.0,306,79590,8715880.0,2850.0,6,2849.0,1
rb1805,20170622,20170621,210103500,2849.0,308,79590,8772860.0,2849.0,1,2847.0,8
rb1805,20170622,20170621,210104000,2849.0,308,79590,8772860.0,2850.0,10,2849.0,1
rb1805,20170622,20170621,210104500,2849.0,308,79590,8772860.0,2850.0,6,2847.0,8
rb1805,20170622,20170621,210105000,2849.0,308,79590,8772860.0,2850.0,6,2848.0,6
rb1805,20170622,20170621,210105500,2849.0,308,79590,8772860.0,2849.0,1,2848.0,11
rb1805,20170622,20170621,210106000,2850.0,322,79578,9171840.0,2851.0,4,2850.0,15
rb1805,20170622,20170621,210106500,2850.0,322,79578,9171840.0,2854.0,1,2850.0,15
rb1805,20170622,20170621,210107000,2850.0,322,79578,9171840.0,2853.0,1,2850.0,20
rb1805,20170622,20170621,210107500,2850.0,322,79578,9171840.0,2851.0,1,2850.0,20
rb1805,20170622,20170621,210108000,2850.0,324,79580,9228840.0,2851.0,1,2850.0,14
rb1805,20170622,20170621,210109500,2850.0,324,79580,9228840.0,2851.0,5,2850.0,14
rb1805,20170622,20170621,210110000,2850.0,336,79586,9570840.0,2851.0,5,2850.0,8
rb1805,20170622,20170621,210110500,2850.0,342,79592,9741840.0,2851.0,5,2850.0,5
rb1805,20170622,20170621,210111000,2850.0,342,79592,9741840.0,2851.0,5,2850.0,5
rb1805,20170622,20170621,210111500,2851.0,352,79590,10026940.0,2853.0,4,2850.0,5
rb1805,20170622,20170621,210112000,2851.0,352,79590,10026940.0,2853.0,5,2850.0,10
rb1805,20170622,20170621,210113000,2853.0,358,79596,10198120.0,2853.0,2,2850.0,10
rb1805,20170622,20170621,210114000,2854.0,364,79598,10369320.0,2853.0,1,2850.0,10
rb1805,20170622,20170621,210114500,2854.0,364,79598,10369320.0,2854.0,4,2851.0,2
rb1805,20170622,20170621,210115000,2854.0,370,79604,10540560.0,2854.0,1,2851.0,7
rb1805,20170622,20170621,210115500,2854.0,370,79604,10540560.0,2854.0,1,2851.0,7
rb1805,20170622,20170621,210116000,2854.0,370,79604,10540560.0,2854.0,1,2851.0,7
rb1805,20170622,20170621,210116500,2856.0,376,79610,10711860.0,2858.0,2,2851.0,7
rb1805,20170622,20170621,210117000,2851.0,386,79608,10996980.0,2857.0,1,2851.0,3
rb1805,20170622,20170621,210117500,2851.0,396,79606,11282080.0,2858.0,2,2851.0,5
rb1805,20170622,20170621,210118000,2851.0,396,79606,11282080.0,2857.0,1,2851.0,5
rb1805,20170622,20170621,210118500,2851.0,404,79598,11510160.0,2857.0,52,2851.0,1
rb1805,20170622,20170621,210119000,2857.0,406,79598,11567300.0,2857.0,51,2851.0,1
rb1805,20170622,20170621,210119500,2857.0,406,79598,11567300.0,2856.0,1,2851.0,1
rb1805,20170622,20170621,210120000,2857.0,406,79598,11567300.0,2856.0,3,2851.0,1
rb1805,20170622,20170621,210120500,2857.0,406,79598,11567300.0,2856.0,2,2851.0,5
rb1805,20170622,20170621,210121000,2857.0,406,79598,11567300.0,2856.0,2,2851.0,6
rb1805,20170622,20170621,210121500,2857.0,412,79592,11738720.0,2857.0,51,2851.0,8
rb1805,20170622,20170621,210122000,2857.0,414,79592,11795860.0,2857.0,50,2851.0,8
rb1805,20170622,20170621,210122500,2857.0,414,79592,11795860.0,2857.0,50,2851.0,8
rb1805,20170622,20170621,210123000,2857.0,414,79592,11795860.0,2857.0,50,2852.0,9
rb1805,20170622,20170621,210123500,2857.0,414,79592,11795860.0,2857.0,51,2852.0,14
rb1805,20170622,20170621,210124000,2857.0,414,79592,11795860.0,2857.0,50,2852.0,14
rb1805,20170622,20170621,210124500,2857.0,414,79592,11795860.0,2857.0,51,2852.0,15
rb1805,20170622,20170621,210125000,2857.0,416,79592,11853000.0,2857.0,49,2852.0,18
rb1805,20170622,20170621,210125500,2857.0,416,79592,11853000.0,2856.0,1,2852.0,18
rb1805,20170622,20170621,210126000,2852.0,424,79584,12081160.0,2856.0,1,2852.0,14
rb1805,20170622,20170621,210126500,2852.0,424,79584,12081160.0,2856.0,1,2852.0,14
rb1805,20170622,20170621,210127000,2852.0,428,79580,12195240.0,2856.0,1,2852.0,12
rb1805,20170622,20170621,210128000,2856.0,430,79580,12252360.0,2857.0,50,2853.0,7
rb1805,20170622,20170621,210128500,2856.0,430,79580,12252360.0,2857.0,60,2856.0,4
rb1805,20170622,20170621,210129000,2856.0,438,79580,12480840.0,2856.0,1,2853.0,7
rb1805,20170622,20170621,210129500,2853.0,442,79582,12594960.0,2856.0,1,2853.0,5
rb1805,20170622,20170621,210130000,2853.0,442,79582,12594960.0,2856.0,1,2853.0,5
rb1805,20170622,20170621,210130500,2853.0,442,79582,12594960.0,2856.0,2,2853.0,5
rb1805,20170622,20170621,210131000,2853.0,442,79582,12594960.0,2856.0,1,2853.0,5
rb1805,20170622,20170621,210131500,2853.0,442,79582,12594960.0,2855.0,7,2853.0,5
rb1805,20170622,20170621,210132000,2853.0,442,79582,12594960.0,2855.0,8,2853.0,1
rb1805,20170622,20170621,210132500,2853.0,442,79582,12594960.0,2855.0,8,2853.0,4
rb1805,20170622,20170621,210133000,2855.0,444,79582,12652060.0,2855.0,7,2853.0,4
rb1805,20170622,20170621,210134000,2855.0,444,79582,12652060.0,2855.0,7,2853.0,4
rb1805,20170622,20170621,210134500,2855.0,444,79582,12652060.0,2855.0,6,2853.0,9
rb1805,20170622,20170621,210135000,2855.0,444,79582,12652060.0,2855.0,6,2853.0,9
rb1805,20170622,20170621,210135500,2855.0,444,79582,12652060.0,2855.0,6,2853.0,9
rb1805,20170622,20170621,210136000,2855.0,444,79582,12652060.0,2855.0,6,2853.0,9
rb1805,20170622,20170621,210136500,2855.0,444,79582,12652060.0,2855.0,6,2853.0,9
rb1805,20170622,20170621,210137000,2855.0,446,79582,12709160.0,2855.0,6,2853.0,9
rb1805,20170622,20170621,210137500,2854.0,448,79580,12766240.0,2855.0,6,2854.0,2
rb1805,20170622,20170621,210139000,2854.0,448,79580,12766240.0,2855.0,6,2854.0,5
rb1805,20170622,20170621,210139500,2854.0,448,79580,12766240.0,2855.0,6,2854.0,5
rb1805,20170622,20170621,210140000,2854.0,462,79566,13165840.0,2855.0,4,2853.0,15
rb1805,20170622,20170621,210140500,2854.0,464,79564,13222920.0,2855.0,4,2854.0,1
rb1805,20170622,20170621,210141000,2855.0,470,79562,13394220.0,2855.0,1,2854.0,9
rb1805,20170622,20170621,210141500,2855.0,472,79560,13451320.0,2856.0,2,2855.0,7
rb1805,20170622,20170621,210142000,2855.0,480,79552,13679720.0,2856.0,1,2855.0,2
rb1805,20170622,20170621,210142500,2855.0,482,79552,13736820.0,2856.0,1,2855.0,1
rb1805,20170622,20170621,210143000,2855.0,484,79552,13793920.0,2856.0,1,2855.0,10
rb1805,20170622,20170621,210143500,2855.0,484,79552,13793920.0,2856.0,1,2855.0,10
rb1805,20170622,20170621,210145000,2855.0,484,79552,13793920.0,2856.0,1,2855.0,10
rb1805,20170622,20170621,210145500,2855.0,484,79552,13793920.0,2856.0,2,2855.0,10
rb1805,20170622,20170621,210146000,2855.0,488,79548,13908120.0,2856.0,2,2855.0,8
rb1805,20170622,20170621,210146500,2855.0,488,79548,13908120.0,2856.0,2,2855.0,9
rb1805,20170622,20170621,210147500,2855.0,490,79546,13965220.0,2856.0,2,2855.0,8
rb1805,20170622,20170621,210148500,2855.0,490,79546,13965220.0,2856.0,2,2855.0,8
rb1805,20170622,20170621,210149000,2855.0,492,79544,14022320.0,2856.0,2,2855.0,7
rb1805,20170622,20170621,210151000,2855.0,492,79544,14022320.0,2856.0,2,2855.0,7
rb1805,20170622,20170621,210151500,2856.0,496,79542,14136560.0,2857.0,61,2856.0,1
rb1805,20170622,20170621,210152000,2856.0,498,79542,14193680.0,2857.0,61,2855.0,7
rb1805,20170622,20170621,210152500,2856.0,498,79542,14193680.0,2857.0,61,2855.0,12
rb1805,20170622,20170621,210153500,2857.0,500,79540,14250820.0,2857.0,60,2855.0,12
rb1805,20170622,20170621,210154000,2857.0,500,79540,14250820.0,2857.0,59,2855.0,12
rb1805,20170622,20170621,210155000,2857.0,502,79540,14307960.0,2857.0,58,2855.0,13
rb1805,20170622,20170621,210155500,2857.0,502,79540,14307960.0,2857.0,58,2855.0,13
rb1805,20170622,20170621,210156500,2857.0,502,79540,14307960.0,2857.0,58,2855.0,13
rb1805,20170622,20170621,210157000,2857.0,502,79540,14307960.0,2857.0,58,2855.0,13
rb1805,20170622,20170621,210157500,2857.0,502,79540,14307960.0,2856.0,1,2855.0,13
rb1805,20170622,20170621,210158000,2857.0,510,79540,14536520.0,2857.0,56,2855.0,13
rb1805,20170622,20170621,210158500,2855.0,518,79532,14764920.0,2857.0,57,2855.0,9
rb1805,20170622,20170621,210159000,2856.0,520,79534,14822040.0,2856.0,2,2855.0,3
rb1805,20170622,20170621,210159500,2856.0,520,79534,14822040.0,2856.0,6,2855.0,3
rb1805,20170622,20170621,210201000,2856.0,520,79534,14822040.0,2856.0,6,2855.0,3
rb1805,20170622,20170621,210201500,2856.0,520,79534,14822040.0,2856.0,4,2855.0,3
rb1805,20170622,20170621,210203000,2856.0,522,79532,14879160.0,2856.0,4,2855.0,3
rb1805,20170622,20170621,210203500,2856.0,522,79532,14879160.0,2856.0,4,2855.0,3
rb1805,20170622,20170621,210204000,2855.0,524,79532,14936260.0,2856.0,5,2855.0,2
rb1805,20170622,20170621,210204500,2856.0,538,79524,15336040.0,2856.0,1,2854.0,5
rb1805,20170622,20170621,210205000,2856.0,538,79524,15336040.0,2855.0,1,2854.0,5
rb1805,20170622,20170621,210205500,2856.0,538,79524,15336040.0,2855.0,1,2854.0,5
rb1805,20170622,20170621,210206500,2855.0,540,79522,15393140.0,2856.0,2,2854.0,5
rb1805,20170622,20170621,210207000,2856.0,544,79518,15507380.0,2857.0,56,2853.0,14
rb1805,20170622,20170621,210208500,2856.0,544,79518,15507380.0,2857.0,57,2853.0,14
rb1805,20170622,20170621,210209000,2856.0,544,79518,15507380.0,2857.0,57,2853.0,15
rb1805,20170622,20170621,210209500,2857.0,552,79518,15735940.0,2856.0,2,2853.0,9
rb1805,20170622,20170621,210210000,2857.0,552,79518,15735940.0,2856.0,2,2853.0,9
rb1805,20170622,20170621,210213000,2853.0,554,79520,15793000.0,2856.0,2,2853.0,13
rb1805,20170622,20170621,210213500,2853.0,554,79520,15793000.0,2856.0,2,2854.0,2
rb1805,20170622,20170621,210214000,2853.0,556,79520,15850060.0,2856.0,2,2854.0,1
rb1805,20170622,20170621,210214500,2853.0,556,79520,15850060.0,2856.0,2,2854.0,2
rb1805,20170622,20170621,210215000,2854.0,558,79520,15907140.0,2856.0,2,2854.0,1
rb1805,20170622,20170621,210216000,2854.0,558,79520,15907140.0,2856.0,2,2854.0,1
rb1805,20170622,20170621,210216500,2854.0,558,79520,15907140.0,2856.0,2,2854.0,1
rb1805,20170622,20170621,210217000,2854.0,558,79520,15907140.0,2856.0,4,2854.0,4
rb1805,20170622,20170621,210217500,2854.0,558,79520,15907140.0,2856.0,4,2854.0,4
rb1805,20170622,20170621,210218000,2854.0,560,79520,15964220.0,2856.0,4,2854.0,4
rb1805,20170622,20170621,210218500,2854.0,560,79520,15964220.0,2856.0,4,2854.0,4
rb1805,20170622,20170621,210219000,2854.0,562,79522,16021300.0,2856.0,4,2854.0,4
rb1805,20170622,20170621,210219500,2854.0,562,79522,16021300.0,2856.0,4,2854.0,4
rb1805,20170622,20170621,210220000,2854.0,562,79522,16021300.0,2855.0,2,2854.0,4
rb1805,20170622,20170621,210220500,2854.0,562,79522,16021300.0,2855.0,2,2854.0,4
rb1805,20170622,20170621,210221000,2854.0,562,79522,16021300.0,2855.0,2,2854.0,9
rb1805,20170622,20170621,210222000,2854.0,562,79522,16021300.0,2855.0,2,2854.0,4
rb1805,20170622,20170621,210222500,2854.0,562,79522,16021300.0,2855.0,2,2854.0,4
rb1805,20170622,20170621,210223000,2854.0,562,79522,16021300.0,2855.0,2,2854.0,4
rb1805,20170622,20170621,210223500,2854.0,562,79522,16021300.0,2855.0,2,2854.0,4
rb1805,20170622,20170621,210224000,2854.0,562,79522,16021300.0,2855.0,2,2854.0,9
rb1805,20170622,20170621,210224500,2855.0,566,79518,16135500.0,2856.0,15,2854.0,9
rb1805,20170622,20170621,210225000,2855.0,566,79518,16135500.0,2855.0,15,2854.0,9
rb1805,20170622,20170621,210225500,2855.0,584,79500,16649400.0,2855.0,7,2854.0,4
rb1805,20170622,20170621,210226500,2855.0,584,79500,16649400.0,2855.0,10,2854.0,3
rb1805,20170622,20170621,210227500,2854.0,590,79502,16820640.0,2855.0,10,2853.0,13
rb1805,20170622,20170621,210228000,2854.0,590,79502,16820640.0,2854.0,1,2853.0,13
rb1805,20170622,20170621,210228500,2854.0,590,79502,16820640.0,2854.0,1,2853.0,8
rb1805,20170622,20170621,210230000,2854.0,590,79502,16820640.0,2854.0,1,2853.0,8
rb1805,20170622,20170621,210230500,2854.0,590,79502,16820640.0,2854.0,1,2853.0,10
rb1805,20170622,20170621,210231000,2854.0,592,79500,16877720.0,2855.0,11,2854.0,2
rb1805,20170622,20170621,210231500,2853.0,594,79500,16934780.0,2855.0,11,2853.0,10
rb1805,20170622,20170621,210232000,2853.0,594,79500,16934780.0,2855.0,11,2853.0,8
rb1805,20170622,20170621,210232500,2853.0,594,79500,16934780.0,2854.0,1,2853.0,8
rb1805,20170622,20170621,210233000,2853.0,594,79500,16934780.0,2854.0,1,2853.0,8
rb1805,20170622,20170621,210233500,2853.0,596,79500,16991840.0,2854.0,1,2853.0,7
rb1805,20170622,20170621,210234500,2854.0,598,79500,17048920.0,2855.0,15,2853.0,7
rb1805,20170622,20170621,210235000,2854.0,598,79500,17048920.0,2855.0,15,2853.0,7
rb1805,20170622,20170621,210236500,2854.0,598,79500,17048920.0,2855.0,15,2853.0,7
rb1805,20170622,20170621,210237000,2854.0,598,79500,17048920.0,2855.0,15,2853.0,7
rb1805,20170622,20170621,210237500,2854.0,598,79500,17048920.0,2854.0,1,2853.0,7
rb1805,20170622,20170621,210238000,2854.0,598,79500,17048920.0,2854.0,2,2853.0,6
rb1805,20170622,20170621,210238500,2854.0,598,79500,17048920.0,2854.0,2,2853.0,6
rb1805,20170622,20170621,210239000,2854.0,598,79500,17048920.0,2854.0,2,2853.0,6
rb1805,20170622,20170621,210241000,2854.0,598,79500,17048920.0,2854.0,6,2853.0,6
rb1805,20170622,20170621,210241500,2854.0,602,79504,17163080.0,2854.0,5,2853.0,6
rb1805,20170622,20170621,210242000,2854.0,604,79504,17220160.0,2854.0,5,2853.0,6
rb1805,20170622,20170621,210243000,2854.0,604,79504,17220160.0,2854.0,5,2852.0,4
rb1805,20170622,20170621,210243500,2854.0,604,79504,17220160.0,2854.0,5,2852.0,4
rb1805,20170622,20170621,210245000,2854.0,604,79504,17220160.0,2854.0,5,2852.0,4
rb1805,20170622,20170621,210245500,2854.0,604,79504,17220160.0,2854.0,5,2852.0,4
rb1805,20170622,20170621,210247500,2854.0,604,79504,17220160.0,2854.0,5,2852.0,6
rb1805,20170622,20170621,210248500,2854.0,604,79504,17220160.0,2854.0,5,2852.0,6
rb1805,20170622,20170621,210249000,2852.0,606,79504,17277200.0,2854.0,4,2852.0,5
rb1805,20170622,20170621,210250000,2852.0,616,79504,17562400.0,2852.0,33,2850.0,7
rb1805,20170622,20170621,210250500,2852.0,616,79504,17562400.0,2852.0,33,2851.0,2
rb1805,20170622,20170621,210252500,2852.0,616,79504,17562400.0,2852.0,33,2851.0,2
rb1805,20170622,20170621,210254000,2852.0,616,79504,17562400.0,2852.0,33,2851.0,2
rb1805,20170622,20170621,210254500,2851.0,620,79504,17676440.0,2851.0,3,2850.0,7
rb1805,20170622,20170621,210255000,2851.0,628,79500,17904520.0,2852.0,33,2851.0,4
rb1805,20170622,20170621,210255500,2851.0,630,79500,17961540.0,2851.0,1,2850.0,12
rb1805,20170622,20170621,210257000,2852.0,634,79500,18075600.0,2852.0,32,2850.0,14
rb1805,20170622,20170621,210257500,2852.0,634,79500,18075600.0,2852.0,32,2850.0,14
rb1805,20170622,20170621,210258000,2852.0,642,79492,18303760.0,2852.0,28,2850.0,14
rb1805,20170622,20170621,210258500,2852.0,642,79492,18303760.0,2852.0,28,2850.0,14
rb1805,20170622,20170621,210259500,2852.0,642,79492,18303760.0,2852.0,28,2850.0,15
rb1805,20170622,20170621,210300000,2850.0,644,79492,18360760.0,2852.0,28,2850.0,17
rb1805,20170622,20170621,210300500,2850.0,646,79492,18417760.0,2852.0,28,2850.0,16
rb1805,20170622,20170621,210301000,2850.0,646,79492,18417760.0,2852.0,28,2850.0,18
rb1805,20170622,20170621,210302000,2850.0,646,79492,18417760.0,2852.0,28,2850.0,23
rb1805,20170622,20170621,210303000,2850.0,646,79492,18417760.0,2852.0,28,2850.0,23
rb1805,20170622,20170621,210304000,2850.0,646,79492,18417760.0,2852.0,28,2850.0,16
rb1805,20170622,20170621,210305000,2850.0,646,79492,18417760.0,2852.0,28,2850.0,16
rb1805,20170622,20170621,210305500,2850.0,646,79492,18417760.0,2852.0,28,2850.0,16
rb1805,20170622,20170621,210306000,2852.0,650,79492,18531840.0,2852.0,26,2850.0,16
rb1805,20170622,20170621,210307000,2852.0,650,79492,18531840.0,2852.0,28,2850.0,16
rb1805,20170622,20170621,210307500,2852.0,650,79492,18531840.0,2852.0,29,2850.0,16
rb1805,20170622,20170621,210308500,2852.0,650,79492,18531840.0,2851.0,1,2850.0,16
rb1805,20170622,20170621,210309000,2851.0,652,79492,18588860.0,2852.0,29,2851.0,1
rb1805,20170622,20170621,210309500,2851.0,652,79492,18588860.0,2852.0,29,2850.0,18
rb1805,20170622,20170621,210310000,2852.0,654,79492,18645900.0,2852.0,29,2850.0,16
rb1805,20170622,20170621,210311000,2852.0,654,79492,18645900.0,2852.0,31,2850.0,16
rb1805,20170622,20170621,210311500,2851.0,658,79492,18759940.0,2852.0,31,2850.0,16
rb1805,20170622,20170621,210312000,2851.0,658,79492,18759940.0,2852.0,33,2850.0,16
rb1805,20170622,20170621,210313000,2851.0,658,79492,18759940.0,2852.0,33,2851.0,1
rb1805,20170622,20170621,210314500,2851.0,658,79492,18759940.0,2852.0,33,2851.0,1
rb1805,20170622,20170621,210315000,2851.0,658,79492,18759940.0,2852.0,33,2851.0,1
rb1805,20170622,20170621,210315500,2851.0,660,79490,18816960.0,2852.0,33,2850.0,17
rb1805,20170622,20170621,210316000,2851.0,660,79490,18816960.0,2852.0,38,2850.0,17
rb1805,20170622,20170621,210317000,2851.0,660,79490,18816960.0,2852.0,38,2850.0,17
rb1805,20170622,20170621,210318000,2851.0,660,79490,18816960.0,2852.0,40,2850.0,17
rb1805,20170622,20170621,210318500,2852.0,740,79414,21098560.0,2854.0,5,2850.0,17
rb1805,20170622,20170621,210319000,2852.0,740,79414,21098560.0,2854.0,5,2850.0,22
rb1805,20170622,20170621,210319500,2852.0,740,79414,21098560.0,2854.0,5,2850.0,23
rb1805,20170622,20170621,210320500,2852.0,740,79414,21098560.0,2854.0,5,2850.0,23
rb1805,20170622,20170621,210321500,2850.0,742,79414,21155560.0,2854.0,5,2850.0,22
rb1805,20170622,20170621,210322000,2850.0,742,79414,21155560.0,2854.0,5,2851.0,6
rb1805,20170622,20170621,210324000,2850.0,742,79414,21155560.0,2854.0,5,2851.0,11
rb1805,20170622,20170621,210324500,2850.0,742,79414,21155560.0,2854.0,5,2852.0,2
rb1805,20170622,20170621,210325000,2850.0,742,79414,21155560.0,2854.0,5,2852.0,2
rb1805,20170622,20170621,210325500,2850.0,742,79414,21155560.0,2854.0,5,2852.0,4
rb1805,20170622,20170621,210327000,2850.0,742,79414,21155560.0,2854.0,5,2852.0,4
rb1805,20170622,20170621,210328000,2854.0,744,79414,21212640.0,2854.0,4,2852.0,6
rb1805,20170622,20170621,210329000,2854.0,744,79414,21212640.0,2854.0,3,2852.0,6
rb1805,20170622,20170621,210329500,2854.0,744,79414,21212640.0,2854.0,4,2852.0,6
rb1805,20170622,20170621,210330500,2854.0,744,79414,21212640.0,2854.0,4,2852.0,13
rb1805,20170622,20170621,210331000,2854.0,744,79414,21212640.0,2854.0,3,2852.0,13
rb1805,20170622,20170621,210331500,2854.0,744,79414,21212640.0,2854.0,3,2852.0,11
rb1805,20170622,20170621,210333000,2854.0,744,79414,21212640.0,2854.0,3,2852.0,8
rb1805,20170622,20170621,210333500,2854.0,744,79414,21212640.0,2854.0,4,2852.0,8
rb1805,20170622,20170621,210334000,2854.0,744,79414,21212640.0,2854.0,4,2852.0,13
rb1805,20170622,20170621,210334500,2854.0,744,79414,21212640.0,2854.0,3,2852.0,8
rb1805,20170622,20170621,210335500,2854.0,746,79412,21269720.0,2854.0,3,2852.0,8
rb1805,20170622,20170621,210336000,2852.0,748,79414,21326760.0,2854.0,3,2852.0,7
rb1805,20170622,20170621,210337000,2852.0,748,79414,21326760.0,2854.0,3,2852.0,7
rb1805,20170622,20170621,210337500,2852.0,748,79414,21326760.0,2853.0,1,2852.0,12
rb1805,20170622,20170621,210338000,2852.0,748,79414,21326760.0,2854.0,2,2852.0,13
rb1805,20170622,20170621,210338500,2852.0,750,79416,21383800.0,2854.0,3,2852.0,12
rb1805,20170622,20170621,210339500,2852.0,750,79416,21383800.0,2854.0,3,2852.0,12
rb1805,20170622,20170621,210340000,2852.0,750,79416,21383800.0,2854.0,3,2852.0,14
rb1805,20170622,20170621,210340500,2854.0,756,79416,21555040.0,2855.0,23,2854.0,2
rb1805,20170622,20170621,210341000,2854.0,756,79416,21555040.0,2855.0,23,2853.0,3
rb1805,20170622,20170621,210341500,2854.0,756,79416,21555040.0,2855.0,23,2853.0,11
rb1805,20170622,20170621,210343000,2854.0,756,79416,21555040.0,2855.0,23,2853.0,11
rb1805,20170622,20170621,210343500,2854.0,756,79416,21555040.0,2855.0,24,2853.0,11
rb1805,20170622,20170621,210344000,2854.0,756,79416,21555040.0,2855.0,23,2853.0,11
rb1805,20170622,20170621,210346000,2854.0,756,79416,21555040.0,2855.0,24,2853.0,11
rb1805,20170622,20170621,210346500,2854.0,756,79416,21555040.0,2854.0,1,2853.0,11
rb1805,20170622,20170621,210347000,2854.0,758,79416,21612120.0,2855.0,23,2854.0,3
rb1805,20170622,20170621,210347500,2854.0,758,79416,21612120.0,2855.0,23,2854.0,2
rb1805,20170622,20170621,210348000,2854.0,758,79416,21612120.0,2855.0,24,2854.0,2
rb1805,20170622,20170621,210348500,2855.0,762,79412,21726320.0,2855.0,22,2853.0,13
rb1805,20170622,20170621,210349000,2855.0,762,79412,21726320.0,2855.0,23,2853.0,13
rb1805,20170622,20170621,210349500,2855.0,762,79412,21726320.0,2854.0,5,2853.0,6
rb1805,20170622,20170621,210350000,2854.0,766,79408,21840480.0,2854.0,3,2853.0,6
rb1805,20170622,20170621,210352000,2854.0,772,79402,22011720.0,2855.0,22,2853.0,6
rb1805,20170622,20170621,210352500,2854.0,774,79400,22068800.0,2855.0,22,2853.0,11
rb1805,20170622,20170621,210353000,2854.0,774,79400,22068800.0,2855.0,22,2854.0,1
rb1805,20170622,20170621,210353500,2854.0,776,79398,22125880.0,2854.0,1,2853.0,11
rb1805,20170622,20170621,210354000,2854.0,778,79396,22182960.0,2855.0,22,2854.0,2
rb1805,20170622,20170621,210355000,2855.0,782,79392,22297160.0,2855.0,20,2854.0,1
rb1805,20170622,20170621,210356000,2855.0,782,79392,22297160.0,2855.0,20,2854.0,1
rb1805,20170622,20170621,210356500,2854.0,786,79392,22411320.0,2855.0,20,2853.0,11
rb1805,20170622,20170621,210357000,2854.0,786,79392,22411320.0,2855.0,20,2853.0,6
rb1805,20170622,20170621,210357500,2854.0,786,79392,22411320.0,2855.0,20,2854.0,2
rb1805,20170622,20170621,210358000,2854.0,786,79392,22411320.0,2855.0,20,2854.0,2
rb1805,20170622,20170621,210358500,2854.0,786,79392,22411320.0,2855.0,21,2854.0,2
rb1805,20170622,20170621,210359500,2854.0,786,79392,22411320.0,2855.0,21,2854.0,2
rb1805,20170622,20170621,210400000,2854.0,788,79390,22468400.0,2855.0,20,2854.0,1
rb1805,20170622,20170621,210400500,2855.0,792,79386,22582600.0,2855.0,18,2854.0,1
rb1805,20170622,20170621,210401000,2854.0,794,79386,22639680.0,2854.0,4,2853.0,6
rb1805,20170622,20170621,210401500,2855.0,806,79376,22982200.0,2855.0,16,2853.0,6
rb1805,20170622,20170621,210402000,2855.0,806,79376,22982200.0,2855.0,16,2853.0,11
rb1805,20170622,20170621,210403000,2855.0,806,79376,22982200.0,2855.0,16,2854.0,2
rb1805,20170622,20170621,210405000,2855.0,806,79376,22982200.0,2855.0,16,2854.0,2
rb1805,20170622,20170621,210405500,2855.0,806,79376,22982200.0,2855.0,15,2853.0,11
rb1805,20170622,20170621,210406000,2855.0,810,79372,23096400.0,2855.0,13,2854.0,2
rb1805,20170622,20170621,210406500,2855.0,820,79372,23381900.0,2855.0,8,2854.0,2
rb1805,20170622,20170621,210407000,2854.0,822,79370,23438980.0,2855.0,8,2854.0,1
rb1805,20170622,20170621,210407500,2855.0,826,79366,23553180.0,2855.0,6,2853.0,11
rb1805,20170622,20170621,210408000,2855.0,826,79366,23553180.0,2855.0,6,2854.0,1
rb1805,20170622,20170621,210408500,2855.0,826,79366,23553180.0,2855.0,6,2854.0,1
rb1805,20170622,20170621,210409000,2854.0,832,79364,23724460.0,2855.0,4,2853.0,11
rb1805,20170622,20170621,210409500,2854.0,832,79364,23724460.0,2855.0,4,2853.0,11
rb1805,20170622,20170621,210410000,2854.0,832,79364,23724460.0,2855.0,4,2854.0,2
rb1805,20170622,20170621,210410500,2854.0,832,79364,23724460.0,2855.0,4,2854.0,2
rb1805,20170622,20170621,210411000,2855.0,836,79360,23838660.0,2855.0,3,2853.0,11
rb1805,20170622,20170621,210411500,2855.0,836,79360,23838660.0,2855.0,3,2853.0,11
rb1805,20170622,20170621,210412500,2853.0,838,79358,23895720.0,2855.0,3,2853.0,10
rb1805,20170622,20170621,210413000,2853.0,838,79358,23895720.0,2855.0,3,2853.0,10
rb1805,20170622,20170621,210413500,2853.0,838,79358,23895720.0,2855.0,3,2854.0,2
rb1805,20170622,20170621,210414500,2855.0,842,79356,24009920.0,2855.0,1,2853.0,10
rb1805,20170622,20170621,210415000,2855.0,842,79356,24009920.0,2855.0,1,2854.0,2
rb1805,20170622,20170621,210416500,2855.0,844,79354,24067020.0,2856.0,16,2855.0,1
rb1805,20170622,20170621,210417000,2855.0,846,79352,24124120.0,2855.0,2,2853.0,10
rb1805,20170622,20170621,210417500,2855.0,846,79352,24124120.0,2856.0,17,2853.0,10
rb1805,20170622,20170621,210418000,2855.0,846,79352,24124120.0,2856.0,17,2853.0,10
rb1805,20170622,20170621,210418500,2855.0,846,79352,24124120.0,2854.0,1,2853.0,10
rb1805,20170622,20170621,210419000,2854.0,848,79352,24181200.0,2856.0,17,2853.0,10
rb1805,20170622,20170621,210419500,2854.0,848,79352,24181200.0,2855.0,2,2853.0,5
rb1805,20170622,20170621,210420000,2854.0,848,79352,24181200.0,2855.0,3,2853.0,5
rb1805,20170622,20170621,210421000,2855.0,850,79352,24238300.0,2855.0,2,2853.0,5
rb1805,20170622,20170621,210421500,2855.0,850,79352,24238300.0,2855.0,2,2853.0,5
rb1805,20170622,20170621,210422000,2855.0,850,79352,24238300.0,2855.0,2,2853.0,7
rb1805,20170622,20170621,210422500,2855.0,850,79352,24238300.0,2855.0,2,2854.0,15
rb1805,20170622,20170621,210423000,2855.0,850,79352,24238300.0,2855.0,2,2854.0,15
rb1805,20170622,20170621,210424000,2855.0,850,79352,24238300.0,2855.0,2,2854.0,15
rb1805,20170622,20170621,210425000,2855.0,850,79352,24238300.0,2855.0,2,2854.0,15
rb1805,20170622,20170621,210427000,2855.0,852,79352,24295400.0,2855.0,2,2854.0,15
rb1805,20170622,20170621,210428000,2855.0,852,79352,24295400.0,2855.0,2,2854.0,15
rb1805,20170622,20170621,210430000,2855.0,852,79352,24295400.0,2855.0,2,2854.0,15
rb1805,20170622,20170621,210430500,2855.0,852,79352,24295400.0,2855.0,2,2854.0,15
rb1805,20170622,20170621,210431500,2855.0,852,79352,24295400.0,2855.0,2,2854.0,15
rb1805,20170622,20170621,210432500,2855.0,854,79352,24352500.0,2855.0,1,2854.0,15
rb1805,20170622,20170621,210433500,2855.0,854,79352,24352500.0,2855.0,1,2854.0,15
rb1805,20170622,20170621,210434000,2855.0,854,79352,24352500.0,2855.0,2,2854.0,15
rb1805,20170622,20170621,210434500,2855.0,854,79352,24352500.0,2855.0,2,2854.0,16
rb1805,20170622,20170621,210435000,2855.0,854,79352,24352500.0,2855.0,2,2854.0,16
rb1805,20170622,20170621,210438000,2855.0,860,79346,24523780.0,2856.0,18,2854.0,21
rb1805,20170622,20170621,210439000,2855.0,860,79346,24523780.0,2856.0,18,2854.0,21
rb1805,20170622,20170621,210439500,2855.0,860,79346,24523780.0,2856.0,18,2855.0,2
rb1805,20170622,20170621,210440500,2855.0,860,79346,24523780.0,2856.0,17,2855.0,2
rb1805,20170622,20170621,210441000,2855.0,860,79346,24523780.0,2856.0,15,2855.0,2
rb1805,20170622,20170621,210442500,2855.0,860,79346,24523780.0,2856.0,15,2855.0,2
rb1805,20170622,20170621,210443000,2855.0,860,79346,24523780.0,2856.0,18,2855.0,2
rb1805,20170622,20170621,210443500,2855.0,864,79346,24637980.0,2856.0,18,2854.0,21
rb1805,20170622,20170621,210444000,2855.0,864,79346,24637980.0,2856.0,18,2854.0,22
rb1805,20170622,20170621,210444500,2855.0,864,79346,24637980.0,2855.0,1,2854.0,19
rb1805,20170622,20170621,210446000,2855.0,866,79344,24695080.0,2856.0,18,2854.0,22
rb1805,20170622,20170621,210446500,2855.0,866,79344,24695080.0,2856.0,19,2854.0,19
rb1805,20170622,20170621,210447500,2855.0,866,79344,24695080.0,2856.0,19,2854.0,20
rb1805,20170622,20170621,210448500,2855.0,866,79344,24695080.0,2856.0,19,2855.0,2
rb1805,20170622,20170621,210449000,2855.0,866,79344,24695080.0,2856.0,21,2855.0,2
rb1805,20170622,20170621,210450000,2855.0,866,79344,24695080.0,2856.0,19,2855.0,2
rb1805,20170622,20170621,210452500,2855.0,866,79344,24695080.0,2856.0,18,2855.0,2
rb1805,20170622,20170621,210454500,2855.0,866,79344,24695080.0,2856.0,18,2855.0,2
rb1805,20170622,20170621,210455500,2856.0,872,79338,24866440.0,2856.0,15,2855.0,9
rb1805,20170622,20170621,210456000,2855.0,894,79342,25494740.0,2856.0,5,2855.0,8
rb1805,20170622,20170621,210456500,2856.0,898,79346,25608980.0,2856.0,3,2855.0,8
rb1805,20170622,20170621,210457000,2856.0,904,79340,25780340.0,2857.0,58,2855.0,8
rb1805,20170622,20170621,210457500,2856.0,904,79340,25780340.0,2857.0,57,2855.0,6
rb1805,20170622,20170621,210458000,2856.0,906,79340,25837460.0,2857.0,57,2856.0,2
rb1805,20170622,20170621,210458500,2856.0,906,79340,25837460.0,2857.0,57,2855.0,6
rb1805,20170622,20170621,210459000,2856.0,906,79340,25837460.0,2856.0,2,2855.0,6
rb1805,20170622,20170621,210459500,2856.0,910,79336,25951700.0,2857.0,57,2855.0,1
rb1805,20170622,20170621,210500000,2856.0,910,79336,25951700.0,2857.0,57,2855.0,6
rb1805,20170622,20170621,210501000,2856.0,910,79336,25951700.0,2857.0,57,2855.0,6
rb1805,20170622,20170621,210502000,2856.0,910,79336,25951700.0,2857.0,57,2856.0,3
rb1805,20170622,20170621,210504000,2856.0,910,79336,25951700.0,2857.0,57,2856.0,3
rb1805,20170622,20170621,210504500,2856.0,910,79336,25951700.0,2857.0,58,2856.0,3
rb1805,20170622,20170621,210505000,2856.0,910,79336,25951700.0,2857.0,60,2856.0,3
rb1805,20170622,20170621,210505500,2856.0,910,79336,25951700.0,2857.0,60,2856.0,8
rb1805,20170622,20170621,210506000,2857.0,914,79336,26065980.0,2857.0,56,2856.0,8
rb1805,20170622,20170621,210506500,2857.0,914,79336,26065980.0,2857.0,55,2856.0,3
rb1805,20170622,20170621,210507000,2857.0,916,79336,26123120.0,2857.0,56,2856.0,3
rb1805,20170622,20170621,210507500,2857.0,916,79336,26123120.0,2857.0,57,2856.0,3
rb1805,20170622,20170621,210508000,2857.0,916,79336,26123120.0,2857.0,57,2856.0,3
rb1805,20170622,20170621,210508500,2857.0,916,79336,26123120.0,2857.0,57,2855.0,13
rb1805,20170622,20170621,210509000,2857.0,916,79336,26123120.0,2857.0,55,2855.0,13
rb1805,20170622,20170621,210509500,2857.0,916,79336,26123120.0,2857.0,55,2856.0,3
rb1805,20170622,20170621,210510000,2857.0,916,79336,26123120.0,2857.0,55,2856.0,8
rb1805,20170622,20170621,210510500,2857.0,916,79336,26123120.0,2857.0,54,2856.0,8
rb1805,20170622,20170621,210511000,2857.0,1016,79336,28980120.0,2857.0,6,2855.0,13
rb1805,20170622,20170621,210511500,2857.0,1016,79336,28980120.0,2857.0,11,2855.0,13
rb1805,20170622,20170621,210512000,2857.0,1020,79332,29094400.0,2857.0,10,2855.0,13
rb1805,20170622,20170621,210512500,2857.0,1020,79332,29094400.0,2857.0,17,2855.0,8
rb1805,20170622,20170621,210513000,2855.0,1034,79320,29494100.0,2857.0,17,2855.0,1
rb1805,20170622,20170621,210513500,2855.0,1034,79320,29494100.0,2856.0,1,2855.0,1
rb1805,20170622,20170621,210514000,2855.0,1036,79320,29551200.0,2855.0,2,2854.0,20
rb1805,20170622,20170621,210514500,2855.0,1036,79320,29551200.0,2856.0,8,2854.0,15
rb1805,20170622,20170621,210515000,2855.0,1036,79320,29551200.0,2855.0,1,2854.0,15
rb1805,20170622,20170621,210515500,2856.0,1038,79320,29608320.0,2856.0,6,2854.0,15
rb1805,20170622,20170621,210516000,2856.0,1038,79320,29608320.0,2856.0,6,2854.0,15
rb1805,20170622,20170621,210517500,2856.0,1038,79320,29608320.0,2856.0,5,2854.0,15
rb1805,20170622,20170621,210518000,2856.0,1038,79320,29608320.0,2857.0,16,2855.0,2
rb1805,20170622,20170621,210518500,2856.0,1038,79320,29608320.0,2857.0,15,2855.0,2
rb1805,20170622,20170621,210520000,2855.0,1042,79320,29722520.0,2857.0,15,2854.0,20
rb1805,20170622,20170621,210524000,2855.0,1042,79320,29722520.0,2857.0,15,2855.0,1
rb1805,20170622,20170621,210524500,2855.0,1042,79320,29722520.0,2856.0,2,2855.0,1
rb1805,20170622,20170621,210525500,2855.0,1042,79320,29722520.0,2856.0,4,2855.0,6
rb1805,20170622,20170621,210526000,2855.0,1042,79320,29722520.0,2856.0,2,2855.0,6
rb1805,20170622,20170621,210527000,2855.0,1042,79320,29722520.0,2856.0,2,2855.0,6
rb1805,20170622,20170621,210528500,2855.0,1042,79320,29722520.0,2856.0,2,2855.0,6
rb1805,20170622,20170621,210530500,2855.0,1044,79322,29779620.0,2856.0,2,2855.0,5
rb1805,20170622,20170621,210532000,2855.0,1044,79322,29779620.0,2856.0,2,2854.0,20
rb1805,20170622,20170621,210532500,2855.0,1044,79322,29779620.0,2856.0,7,2854.0,21
rb1805,20170622,20170621,210533000,2855.0,1044,79322,29779620.0,2856.0,3,2854.0,20
rb1805,20170622,20170621,210534000,2855.0,1044,79322,29779620.0,2856.0,8,2854.0,20
rb1805,20170622,20170621,210534500,2855.0,1044,79322,29779620.0,2856.0,8,2855.0,1
rb1805,20170622,20170621,210535000,2855.0,1044,79322,29779620.0,2856.0,9,2855.0,1
rb1805,20170622,20170621,210538000,2855.0,1044,79322,29779620.0,2856.0,11,2855.0,1
rb1805,20170622,20170621,210538500,2855.0,1046,79322,29836720.0,2855.0,1,2854.0,20
rb1805,20170622,20170621,210539500,2855.0,1046,79322,29836720.0,2855.0,1,2854.0,15
rb1805,20170622,20170621,210540000,2855.0,1048,79320,29893820.0,2856.0,11,2855.0,1
rb1805,20170622,20170621,210540500,2855.0,1050,79320,29950920.0,2856.0,6,2854.0,15
rb1805,20170622,20170621,210541000,2855.0,1050,79320,29950920.0,2856.0,7,2854.0,15
rb1805,20170622,20170621,210543000,2855.0,1050,79320,29950920.0,2856.0,5,2854.0,15
rb1805,20170622,20170621,210543500,2855.0,1050,79320,29950920.0,2856.0,3,2854.0,15
rb1805,20170622,20170621,210544500,2855.0,1050,79320,29950920.0,2856.0,8,2854.0,15
rb1805,20170622,20170621,210545000,2855.0,1050,79320,29950920.0,2856.0,10,2854.0,15
rb1805,20170622,20170621,210546000,2855.0,1050,79320,29950920.0,2856.0,10,2854.0,15
rb1805,20170622,20170621,210548000,2855.0,1050,79320,29950920.0,2856.0,11,2854.0,15
rb1805,20170622,20170621,210549500,2855.0,1050,79320,29950920.0,2856.0,11,2854.0,15
rb1805,20170622,20170621,210551000,2855.0,1050,79320,29950920.0,2855.0,3,2854.0,15
rb1805,20170622,20170621,210551500,2855.0,1050,79320,29950920.0,2855.0,3,2854.0,15
rb1805,20170622,20170621,210552000,2854.0,1052,79318,30008000.0,2855.0,3,2854.0,14
rb1805,20170622,20170621,210552500,2854.0,1052,79318,30008000.0,2855.0,3,2854.0,15
rb1805,20170622,20170621,210553500,2854.0,1052,79318,30008000.0,2855.0,3,2854.0,16
rb1805,20170622,20170621,210554000,2854.0,1052,79318,30008000.0,2855.0,8,2854.0,16
rb1805,20170622,20170621,210554500,2854.0,1052,79318,30008000.0,2855.0,8,2854.0,17
rb1805,20170622,20170621,210555000,2854.0,1054,79316,30065080.0,2855.0,5,2854.0,16
rb1805,20170622,20170621,210556000,2854.0,1056,79314,30122160.0,2856.0,10,2854.0,15
rb1805,20170622,20170621,210556500,2854.0,1056,79314,30122160.0,2855.0,1,2854.0,15
rb1805,20170622,20170621,210557500,2854.0,1056,79314,30122160.0,2855.0,1,2854.0,15
rb1805,20170622,20170621,210559000,2854.0,1056,79314,30122160.0,2855.0,1,2854.0,15
rb1805,20170622,20170621,210559500,2854.0,1056,79314,30122160.0,2855.0,1,2854.0,20
rb1805,20170622,20170621,210600500,2854.0,1056,79314,30122160.0,2855.0,1,2854.0,20
rb1805,20170622,20170621,210601500,2854.0,1056,79314,30122160.0,2855.0,2,2854.0,20
rb1805,20170622,20170621,210602000,2854.0,1056,79314,30122160.0,2855.0,2,2854.0,20
rb1805,20170622,20170621,210604500,2854.0,1056,79314,30122160.0,2855.0,2,2854.0,20
rb1805,20170622,20170621,210605000,2854.0,1056,79314,30122160.0,2855.0,4,2854.0,20
rb1805,20170622,20170621,210606500,2854.0,1062,79308,30293400.0,2855.0,4,2854.0,17
rb1805,20170622,20170621,210607500,2854.0,1072,79298,30578800.0,2855.0,4,2854.0,12
rb1805,20170622,20170621,210608000,2854.0,1072,79298,30578800.0,2855.0,4,2854.0,7
rb1805,20170622,20170621,210608500,2854.0,1072,79298,30578800.0,2855.0,4,2854.0,7
rb1805,20170622,20170621,210609000,2854.0,1074,79296,30635880.0,2855.0,4,2854.0,6
rb1805,20170622,20170621,210611000,2854.0,1074,79296,30635880.0,2855.0,5,2854.0,6
rb1805,20170622,20170621,210612000,2854.0,1074,79296,30635880.0,2855.0,5,2854.0,7
rb1805,20170622,20170621,210612500,2854.0,1074,79296,30635880.0,2855.0,5,2854.0,7
rb1805,20170622,20170621,210613000,2854.0,1074,79296,30635880.0,2855.0,15,2854.0,7
rb1805,20170622,20170621,210614500,2854.0,1074,79296,30635880.0,2855.0,15,2854.0,7
rb1805,20170622,20170621,210616000,2854.0,1088,79290,31035440.0,2854.0,3,2853.0,4
rb1805,20170622,20170621,210617000,2854.0,1088,79290,31035440.0,2854.0,3,2853.0,4
rb1805,20170622,20170621,210618000,2854.0,1088,79290,31035440.0,2854.0,3,2853.0,4
rb1805,20170622,20170621,210619000,2855.0,1100,79278,31377980.0,2855.0,13,2853.0,5
rb1805,20170622,20170621,210619500,2855.0,1100,79278,31377980.0,2855.0,13,2853.0,4
rb1805,20170622,20170621,210620500,2855.0,1100,79278,31377980.0,2854.0,2,2853.0,4
rb1805,20170622,20170621,210621000,2853.0,1102,79278,31435040.0,2854.0,2,2853.0,3
rb1805,20170622,20170621,210621500,2853.0,1102,79278,31435040.0,2854.0,2,2853.0,3
rb1805,20170622,20170621,210622500,2854.0,1106,79282,31549200.0,2855.0,13,2854.0,2
rb1805,20170622,20170621,210623000,2854.0,1106,79282,31549200.0,2855.0,15,2854.0,2
rb1805,20170622,20170621,210623500,2854.0,1106,79282,31549200.0,2855.0,15,2854.0,2
rb1805,20170622,20170621,210624500,2854.0,1108,79282,31606280.0,2855.0,15,2854.0,1
rb1805,20170622,20170621,210626500,2854.0,1108,79282,31606280.0,2855.0,15,2854.0,1
rb1805,20170622,20170621,210630000,2854.0,1108,79282,31606280.0,2855.0,20,2854.0,1
rb1805,20170622,20170621,210630500,2854.0,1108,79282,31606280.0,2855.0,20,2854.0,1
rb1805,20170622,20170621,210631000,2854.0,1110,79284,31663360.0,2855.0,20,2853.0,3
rb1805,20170622,20170621,210631500,2854.0,1110,79284,31663360.0,2855.0,18,2853.0,3
rb1805,20170622,20170621,210633000,2854.0,1110,79284,31663360.0,2855.0,18,2853.0,8
rb1805,20170622,20170621,210633500,2854.0,1110,79284,31663360.0,2855.0,13,2853.0,8
rb1805,20170622,20170621,210635500,2853.0,1116,79284,31834540.0,2855.0,18,2852.0,16
rb1805,20170622,20170621,210636000,2853.0,1116,79284,31834540.0,2855.0,18,2852.0,16
rb1805,20170622,20170621,210636500,2853.0,1116,79284,31834540.0,2855.0,18,2852.0,22
rb1805,20170622,20170621,210637000,2853.0,1116,79284,31834540.0,2855.0,18,2853.0,1
rb1805,20170622,20170621,210637500,2853.0,1116,79284,31834540.0,2855.0,18,2853.0,2
rb1805,20170622,20170621,210638500,2853.0,1116,79284,31834540.0,2855.0,18,2853.0,2
rb1805,20170622,20170621,210640000,2853.0,1116,79284,31834540.0,2855.0,20,2853.0,2
rb1805,20170622,20170621,210642000,2853.0,1116,79284,31834540.0,2855.0,19,2853.0,2
rb1805,20170622,20170621,210643000,2855.0,1118,79286,31891640.0,2855.0,19,2853.0,2
rb1805,20170622,20170621,210644500,2855.0,1118,79286,31891640.0,2855.0,19,2853.0,2
rb1805,20170622,20170621,210649000,2855.0,1120,79286,31948740.0,2855.0,18,2853.0,2
rb1805,20170622,20170621,210652000,2855.0,1120,79286,31948740.0,2855.0,18,2853.0,2
rb1805,20170622,20170621,210653000,2855.0,1120,79286,31948740.0,2855.0,18,2853.0,2
rb1805,20170622,20170621,210654000,2855.0,1120,79286,31948740.0,2855.0,18,2854.0,2
rb1805,20170622,20170621,210654500,2855.0,1120,79286,31948740.0,2855.0,20,2854.0,2
rb1805,20170622,20170621,210655500,2855.0,1138,79286,32462640.0,2855.0,11,2854.0,2
rb1805,20170622,20170621,210658500,2855.0,1138,79286,32462640.0,2855.0,12,2854.0,2
rb1805,20170622,20170621,210659000,2854.0,1142,79290,32576800.0,2854.0,6,2853.0,2
rb1805,20170622,20170621,210659500,2854.0,1142,79290,32576800.0,2854.0,7,2853.0,2
rb1805,20170622,20170621,210701000,2854.0,1144,79288,32633880.0,2854.0,6,2853.0,2
rb1805,20170622,20170621,210701500,2854.0,1148,79284,32748040.0,2854.0,4,2853.0,7
rb1805,20170622,20170621,210702500,2856.0,1196,79288,34118500.0,2856.0,4,2853.0,7
rb1805,20170622,20170621,210703000,2856.0,1196,79288,34118500.0,2856.0,4,2855.0,2
rb1805,20170622,20170621,210703500,2855.0,1198,79286,34175600.0,2856.0,4,2855.0,1
rb1805,20170622,20170621,210704500,2855.0,1198,79286,34175600.0,2856.0,4,2855.0,1
rb1805,20170622,20170621,210705500,2855.0,1200,79284,34232700.0,2856.0,4,2854.0,2
rb1805,20170622,20170621,210706000,2855.0,1200,79284,34232700.0,2856.0,4,2854.0,7
rb1805,20170622,20170621,210706500,2855.0,1200,79284,34232700.0,2856.0,4,2854.0,8
rb1805,20170622,20170621,210707000,2855.0,1200,79284,34232700.0,2856.0,4,2855.0,1
rb1805,20170622,20170621,210708000,2855.0,1200,79284,34232700.0,2856.0,4,2855.0,1
rb1805,20170622,20170621,210710000,2856.0,1204,79282,34346940.0,2856.0,2,2855.0,1
rb1805,20170622,20170621,210711000,2856.0,1208,79282,34461180.0,2857.0,17,2855.0,1
rb1805,20170622,20170621,210711500,2856.0,1208,79282,34461180.0,2856.0,3,2855.0,1
rb1805,20170622,20170621,210712000,2856.0,1214,79276,34632540.0,2856.0,1,2855.0,3
rb1805,20170622,20170621,210712500,2856.0,1214,79276,34632540.0,2857.0,17,2855.0,6
rb1805,20170622,20170621,210713000,2856.0,1214,79276,34632540.0,2857.0,12,2855.0,6
rb1805,20170622,20170621,210714500,2855.0,1216,79278,34689640.0,2856.0,1,2855.0,5
rb1805,20170622,20170621,210715000,2856.0,1218,79276,34746760.0,2857.0,12,2856.0,4
rb1805,20170622,20170621,210715500,2856.0,1218,79276,34746760.0,2857.0,12,2856.0,2
rb1805,20170622,20170621,210716000,2857.0,1222,79272,34861040.0,2857.0,10,2855.0,6
rb1805,20170622,20170621,210716500,2857.0,1222,79272,34861040.0,2857.0,13,2855.0,6
rb1805,20170622,20170621,210717000,2857.0,1226,79268,34975320.0,2857.0,11,2856.0,2
rb1805,20170622,20170621,210717500,2857.0,1226,79268,34975320.0,2857.0,11,2856.0,2
rb1805,20170622,20170621,210718000,2857.0,1230,79264,35089600.0,2857.0,9,2855.0,6
rb1805,20170622,20170621,210718500,2857.0,1234,79260,35203880.0,2857.0,7,2855.0,6
rb1805,20170622,20170621,210719000,2857.0,1234,79260,35203880.0,2857.0,7,2856.0,3
rb1805,20170622,20170621,210720000,2857.0,1238,79256,35318160.0,2857.0,9,2856.0,3
rb1805,20170622,20170621,210720500,2857.0,1256,79254,35832420.0,2858.0,12,2857.0,8
rb1805,20170622,20170621,210721000,2857.0,1264,79254,36060980.0,2858.0,12,2856.0,9
rb1805,20170622,20170621,210721500,2858.0,1268,79252,36175300.0,2858.0,10,2857.0,3
rb1805,20170622,20170621,210722000,2858.0,1268,79252,36175300.0,2858.0,10,2857.0,3
rb1805,20170622,20170621,210723000,2858.0,1272,79252,36289620.0,2858.0,8,2857.0,3
rb1805,20170622,20170621,210724000,2858.0,1276,79248,36403940.0,2858.0,6,2857.0,3
rb1805,20170622,20170621,210724500,2858.0,1278,79246,36461100.0,2858.0,5,2857.0,3
rb1805,20170622,20170621,210725000,2858.0,1282,79242,36575420.0,2858.0,3,2857.0,3
rb1805,20170622,20170621,210726000,2858.0,1288,79238,36746900.0,2859.0,14,2858.0,2
rb1805,20170622,20170621,210726500,2858.0,1288,79238,36746900.0,2859.0,14,2858.0,2
rb1805,20170622,20170621,210727000,2858.0,1288,79238,36746900.0,2859.0,14,2858.0,2
rb1805,20170622,20170621,210727500,2858.0,1290,79236,36804060.0,2859.0,14,2858.0,1
rb1805,20170622,20170621,210728000,2858.0,1290,79236,36804060.0,2859.0,14,2858.0,1
rb1805,20170622,20170621,210728500,2859.0,1298,79228,37032780.0,2859.0,10,2858.0,1
rb1805,20170622,20170621,210729000,2859.0,1298,79228,37032780.0,2859.0,10,2858.0,1
rb1805,20170622,20170621,210729500,2859.0,1298,79228,37032780.0,2859.0,13,2858.0,1
rb1805,20170622,20170621,210730000,2859.0,1298,79228,37032780.0,2859.0,13,2858.0,6
rb1805,20170622,20170621,210730500,2858.0,1308,79228,37318660.0,2859.0,9,2858.0,5
rb1805,20170622,20170621,210733500,2858.0,1310,79228,37375820.0,2859.0,12,2858.0,4
rb1805,20170622,20170621,210734500,2858.0,1310,79228,37375820.0,2859.0,12,2858.0,4
rb1805,20170622,20170621,210735000,2859.0,1326,79214,37833260.0,2859.0,4,2858.0,4
rb1805,20170622,20170621,210736000,2859.0,1326,79214,37833260.0,2859.0,4,2858.0,4
rb1805,20170622,20170621,210736500,2859.0,1326,79214,37833260.0,2859.0,4,2857.0,5
rb1805,20170622,20170621,210737000,2859.0,1326,79214,37833260.0,2859.0,4,2858.0,2
rb1805,20170622,20170621,210737500,2859.0,1326,79214,37833260.0,2859.0,4,2857.0,10
rb1805,20170622,20170621,210738500,2859.0,1326,79214,37833260.0,2859.0,4,2857.0,11
rb1805,20170622,20170621,210739000,2859.0,1334,79206,38061980.0,2860.0,20,2858.0,1
rb1805,20170622,20170621,210739500,2860.0,1336,79204,38119180.0,2860.0,19,2858.0,5
rb1805,20170622,20170621,210740000,2860.0,1336,79204,38119180.0,2860.0,19,2858.0,9
rb1805,20170622,20170621,210740500,2860.0,1336,79204,38119180.0,2860.0,19,2858.0,10
rb1805,20170622,20170621,210741500,2860.0,1336,79204,38119180.0,2860.0,19,2859.0,1
rb1805,20170622,20170621,210743500,2860.0,1336,79204,38119180.0,2860.0,20,2859.0,1
rb1805,20170622,20170621,210744000,2859.0,1338,79204,38176360.0,2859.0,2,2858.0,9
rb1805,20170622,20170621,210744500,2859.0,1338,79204,38176360.0,2860.0,20,2858.0,9
rb1805,20170622,20170621,210745000,2859.0,1338,79204,38176360.0,2860.0,19,2859.0,1
rb1805,20170622,20170621,210745500,2859.0,1340,79204,38233540.0,2859.0,1,2858.0,9
rb1805,20170622,20170621,210746000,2859.0,1340,79204,38233540.0,2860.0,22,2858.0,10
rb1805,20170622,20170621,210746500,2859.0,1340,79204,38233540.0,2860.0,22,2858.0,10
rb1805,20170622,20170621,210747000,2859.0,1340,79204,38233540.0,2860.0,22,2858.0,10
rb1805,20170622,20170621,210747500,2859.0,1340,79204,38233540.0,2860.0,22,2859.0,1
rb1805,20170622,20170621,210748000,2859.0,1340,79204,38233540.0,2860.0,22,2859.0,1
rb1805,20170622,20170621,210748500,2859.0,1340,79204,38233540.0,2860.0,22,2859.0,1
rb1805,20170622,20170621,210749000,2859.0,1340,79204,38233540.0,2860.0,22,2859.0,1
rb1805,20170622,20170621,210749500,2859.0,1340,79204,38233540.0,2860.0,23,2859.0,2
rb1805,20170622,20170621,210750000,2859.0,1344,79204,38347900.0,2859.0,6,2858.0,11
rb1805,20170622,20170621,210750500,2859.0,1344,79204,38347900.0,2859.0,2,2858.0,6
rb1805,20170622,20170621,210751000,2859.0,1348,79204,38462260.0,2860.0,23,2858.0,6
rb1805,20170622,20170621,210751500,2859.0,1348,79204,38462260.0,2860.0,22,2858.0,7
rb1805,20170622,20170621,210752000,2859.0,1348,79204,38462260.0,2860.0,23,2858.0,7
rb1805,20170622,20170621,210753500,2859.0,1348,79204,38462260.0,2860.0,24,2858.0,7
rb1805,20170622,20170621,210754000,2860.0,1368,79210,39034000.0,2860.0,22,2858.0,2
rb1805,20170622,20170621,210754500,2857.0,1376,79210,39262600.0,2858.0,13,2857.0,6
rb1805,20170622,20170621,210755000,2857.0,1376,79210,39262600.0,2858.0,4,2857.0,2
rb1805,20170622,20170621,210756000,2860.0,1390,79214,39662820.0,2860.0,20,2857.0,2
rb1805,20170622,20170621,210756500,2860.0,1390,79214,39662820.0,2860.0,21,2857.0,7
rb1805,20170622,20170621,210757500,2860.0,1390,79214,39662820.0,2860.0,20,2857.0,7
rb1805,20170622,20170621,210758000,2860.0,1390,79214,39662820.0,2860.0,21,2857.0,7
rb1805,20170622,20170621,210758500,2860.0,1390,79214,39662820.0,2860.0,20,2857.0,7
rb1805,20170622,20170621,210759000,2860.0,1414,79190,40349220.0,2860.0,8,2858.0,2
rb1805,20170622,20170621,210800500,2860.0,1414,79190,40349220.0,2860.0,8,2858.0,2
rb1805,20170622,20170621,210801000,2858.0,1416,79190,40406380.0,2860.0,8,2858.0,1
rb1805,20170622,20170621,210801500,2858.0,1418,79192,40463540.0,2860.0,8,2857.0,7
rb1805,20170622,20170621,210802000,2861.0,1444,79196,41207240.0,2862.0,2,2857.0,7
rb1805,20170622,20170621,210802500,2857.0,1448,79196,41321520.0,2862.0,2,2857.0,5
rb1805,20170622,20170621,210803000,2864.0,1464,79206,41779620.0,2865.0,3,2857.0,5
rb1805,20170622,20170621,210803500,2857.0,1468,79202,41893900.0,2862.0,1,2857.0,4
rb1805,20170622,20170621,210804000,2857.0,1468,79202,41893900.0,2862.0,1,2857.0,4
rb1805,20170622,20170621,210804500,2857.0,1468,79202,41893900.0,2862.0,1,2857.0,4
rb1805,20170622,20170621,210805000,2860.0,1470,79200,41951100.0,2860.0,2,2857.0,4
rb1805,20170622,20170621,210805500,2857.0,1472,79198,42008240.0,2860.0,2,2857.0,3
rb1805,20170622,20170621,210808000,2857.0,1472,79198,42008240.0,2860.0,2,2857.0,4
rb1805,20170622,20170621,210808500,2857.0,1472,79198,42008240.0,2860.0,2,2857.0,5
rb1805,20170622,20170621,210809000,2857.0,1472,79198,42008240.0,2860.0,2,2857.0,5
rb1805,20170622,20170621,210809500,2860.0,1474,79196,42065440.0,2860.0,1,2857.0,5
rb1805,20170622,20170621,210810000,2860.0,1474,79196,42065440.0,2860.0,1,2857.0,5
rb1805,20170622,20170621,210812500,2860.0,1474,79196,42065440.0,2860.0,1,2857.0,6
rb1805,20170622,20170621,210813000,2860.0,1474,79196,42065440.0,2860.0,1,2857.0,4
rb1805,20170622,20170621,210813500,2860.0,1474,79196,42065440.0,2860.0,1,2857.0,3
rb1805,20170622,20170621,210814500,2860.0,1474,79196,42065440.0,2860.0,1,2857.0,8
rb1805,20170622,20170621,210815500,2860.0,1474,79196,42065440.0,2860.0,1,2857.0,8
rb1805,20170622,20170621,210816500,2860.0,1474,79196,42065440.0,2860.0,1,2857.0,9
rb1805,20170622,20170621,210817000,2860.0,1474,79196,42065440.0,2860.0,1,2857.0,10
rb1805,20170622,20170621,210818000,2860.0,1474,79196,42065440.0,2860.0,1,2857.0,10
rb1805,20170622,20170621,210818500,2860.0,1474,79196,42065440.0,2860.0,1,2857.0,9
rb1805,20170622,20170621,210819000,2860.0,1474,79196,42065440.0,2860.0,1,2857.0,10
rb1805,20170622,20170621,210819500,2860.0,1474,79196,42065440.0,2860.0,1,2857.0,11
rb1805,20170622,20170621,210820500,2860.0,1474,79196,42065440.0,2860.0,13,2857.0,10
rb1805,20170622,20170621,210821000,2860.0,1474,79196,42065440.0,2860.0,13,2857.0,10
rb1805,20170622,20170621,210821500,2860.0,1474,79196,42065440.0,2860.0,19,2857.0,10
rb1805,20170622,20170621,210822500,2860.0,1476,79196,42122640.0,2860.0,18,2857.0,10
rb1805,20170622,20170621,210823500,2860.0,1476,79196,42122640.0,2860.0,18,2857.0,10
rb1805,20170622,20170621,210824000,2860.0,1476,79196,42122640.0,2860.0,18,2857.0,10
rb1805,20170622,20170621,210824500,2860.0,1476,79196,42122640.0,2860.0,18,2857.0,10
rb1805,20170622,20170621,210825000,2860.0,1476,79196,42122640.0,2860.0,18,2857.0,5
rb1805,20170622,20170621,210826500,2860.0,1476,79196,42122640.0,2860.0,18,2857.0,5
rb1805,20170622,20170621,210827000,2860.0,1476,79196,42122640.0,2859.0,2,2857.0,4
rb1805,20170622,20170621,210827500,2860.0,1476,79196,42122640.0,2859.0,3,2857.0,4
rb1805,20170622,20170621,210829000,2860.0,1476,79196,42122640.0,2859.0,3,2857.0,5
rb1805,20170622,20170621,210829500,2860.0,1476,79196,42122640.0,2859.0,3,2857.0,9
rb1805,20170622,20170621,210830000,2860.0,1476,79196,42122640.0,2859.0,3,2857.0,10
rb1805,20170622,20170621,210830500,2860.0,1476,79196,42122640.0,2859.0,3,2857.0,12
rb1805,20170622,20170621,210831500,2859.0,1480,79192,42237000.0,2859.0,1,2857.0,12
rb1805,20170622,20170621,210832000,2859.0,1482,79190,42294180.0,2860.0,24,2858.0,2
rb1805,20170622,20170621,210832500,2859.0,1482,79190,42294180.0,2860.0,24,2858.0,2
rb1805,20170622,20170621,210833000,2859.0,1482,79190,42294180.0,2860.0,18,2859.0,2
rb1805,20170622,20170621,210833500,2859.0,1482,79190,42294180.0,2860.0,18,2859.0,2
rb1805,20170622,20170621,210834500,2859.0,1482,79190,42294180.0,2860.0,18,2859.0,2
rb1805,20170622,20170621,210835000,2859.0,1486,79190,42408540.0,2859.0,3,2858.0,2
rb1805,20170622,20170621,210835500,2859.0,1486,79190,42408540.0,2860.0,18,2858.0,2
rb1805,20170622,20170621,210836000,2859.0,1486,79190,42408540.0,2860.0,19,2859.0,2
rb1805,20170622,20170621,210837000,2859.0,1486,79190,42408540.0,2860.0,19,2859.0,2
rb1805,20170622,20170621,210837500,2859.0,1488,79190,42465720.0,2860.0,19,2859.0,1
rb1805,20170622,20170621,210838000,2859.0,1488,79190,42465720.0,2860.0,19,2859.0,1
rb1805,20170622,20170621,210838500,2859.0,1488,79190,42465720.0,2860.0,19,2859.0,1
rb1805,20170622,20170621,210839000,2859.0,1490,79192,42522900.0,2859.0,2,2858.0,2
rb1805,20170622,20170621,210839500,2859.0,1490,79192,42522900.0,2859.0,1,2858.0,2
rb1805,20170622,20170621,210840000,2859.0,1490,79192,42522900.0,2859.0,1,2858.0,2
rb1805,20170622,20170621,210840500,2859.0,1490,79192,42522900.0,2859.0,2,2858.0,2
rb1805,20170622,20170621,210841000,2859.0,1492,79192,42580080.0,2859.0,1,2858.0,2
rb1805,20170622,20170621,210841500,2859.0,1492,79192,42580080.0,2859.0,1,2858.0,2
rb1805,20170622,20170621,210843000,2859.0,1492,79192,42580080.0,2859.0,1,2858.0,2
rb1805,20170622,20170621,210843500,2859.0,1492,79192,42580080.0,2859.0,1,2858.0,2
rb1805,20170622,20170621,210845500,2859.0,1492,79192,42580080.0,2859.0,1,2858.0,2
rb1805,20170622,20170621,210846500,2859.0,1492,79192,42580080.0,2859.0,1,2858.0,2
rb1805,20170622,20170621,210847000,2859.0,1492,79192,42580080.0,2859.0,2,2858.0,2
rb1805,20170622,20170621,210848000,2859.0,1492,79192,42580080.0,2859.0,2,2858.0,3
rb1805,20170622,20170621,210848500,2859.0,1492,79192,42580080.0,2859.0,3,2858.0,3
rb1805,20170622,20170621,210849000,2858.0,1494,79194,42637240.0,2859.0,3,2858.0,2
rb1805,20170622,20170621,210850500,2858.0,1494,79194,42637240.0,2859.0,3,2858.0,2
rb1805,20170622,20170621,210851000,2858.0,1494,79194,42637240.0,2859.0,3,2858.0,1
rb1805,20170622,20170621,210852000,2858.0,1496,79194,42694400.0,2859.0,3,2857.0,13
rb1805,20170622,20170621,210852500,2858.0,1496,79194,42694400.0,2859.0,3,2858.0,1
rb1805,20170622,20170621,210853500,2858.0,1498,79194,42751560.0,2859.0,3,2857.0,23
rb1805,20170622,20170621,210855500,2858.0,1498,79194,42751560.0,2859.0,3,2857.0,23
rb1805,20170622,20170621,210856000,2858.0,1498,79194,42751560.0,2859.0,3,2857.0,18
rb1805,20170622,20170621,210856500,2858.0,1498,79194,42751560.0,2859.0,3,2857.0,7
rb1805,20170622,20170621,210858500,2858.0,1498,79194,42751560.0,2859.0,3,2857.0,12
rb1805,20170622,20170621,210859000,2858.0,1498,79194,42751560.0,2859.0,8,2857.0,12
rb1805,20170622,20170621,210900500,2858.0,1498,79194,42751560.0,2858.0,20,2857.0,12
rb1805,20170622,20170621,210901000,2858.0,1498,79194,42751560.0,2858.0,20,2857.0,12
rb1805,20170622,20170621,210902000,2858.0,1506,79194,42980200.0,2858.0,16,2857.0,14
rb1805,20170622,20170621,210902500,2858.0,1514,79194,43208840.0,2858.0,12,2857.0,12
rb1805,20170622,20170621,210903000,2858.0,1514,79194,43208840.0,2858.0,12,2857.0,12
rb1805,20170622,20170621,210903500,2858.0,1522,79202,43437480.0,2858.0,8,2857.0,12
rb1805,20170622,20170621,210904000,2858.0,1522,79202,43437480.0,2858.0,8,2857.0,7
rb1805,20170622,20170621,210905500,2857.0,1524,79202,43494620.0,2858.0,8,2857.0,6
rb1805,20170622,20170621,210906500,2857.0,1526,79202,43551760.0,2858.0,8,2857.0,5
rb1805,20170622,20170621,210907000,2857.0,1526,79202,43551760.0,2858.0,8,2857.0,5
rb1805,20170622,20170621,210907500,2857.0,1528,79202,43608900.0,2858.0,8,2857.0,4
rb1805,20170622,20170621,210909000,2857.0,1528,79202,43608900.0,2858.0,8,2857.0,4
rb1805,20170622,20170621,210909500,2857.0,1528,79202,43608900.0,2858.0,8,2857.0,4
rb1805,20170622,20170621,210910000,2857.0,1528,79202,43608900.0,2858.0,8,2857.0,8
rb1805,20170622,20170621,210913000,2858.0,1544,79202,44066180.0,2859.0,8,2857.0,19
rb1805,20170622,20170621,210914500,2858.0,1544,79202,44066180.0,2859.0,8,2858.0,4
rb1805,20170622,20170621,210916000,2858.0,1544,79202,44066180.0,2859.0,8,2858.0,4
rb1805,20170622,20170621,210917500,2858.0,1546,79202,44123340.0,2859.0,8,2858.0,3
rb1805,20170622,20170621,210918000,2858.0,1546,79202,44123340.0,2859.0,8,2858.0,3
rb1805,20170622,20170621,210920000,2858.0,1548,79202,44180500.0,2859.0,9,2858.0,2
rb1805,20170622,20170621,210923000,2858.0,1548,79202,44180500.0,2859.0,9,2858.0,2
rb1805,20170622,20170621,210923500,2858.0,1552,79206,44294820.0,2858.0,7,2857.0,15
rb1805,20170622,20170621,210924000,2858.0,1552,79206,44294820.0,2859.0,9,2857.0,3
rb1805,20170622,20170621,210926500,2858.0,1552,79206,44294820.0,2859.0,9,2857.0,3
rb1805,20170622,20170621,210927000,2858.0,1554,79208,44351980.0,2858.0,1,2857.0,3
rb1805,20170622,20170621,210927500,2858.0,1554,79208,44351980.0,2858.0,4,2857.0,3
rb1805,20170622,20170621,210929000,2857.0,1556,79208,44409120.0,2858.0,4,2857.0,2
rb1805,20170622,20170621,210931000,2857.0,1556,79208,44409120.0,2858.0,4,2857.0,2
rb1805,20170622,20170621,210931500,2858.0,1560,79210,44523440.0,2858.0,2,2857.0,2
rb1805,20170622,20170621,210932000,2858.0,1560,79210,44523440.0,2858.0,2,2857.0,2
rb1805,20170622,20170621,210932500,2858.0,1562,79210,44580600.0,2858.0,1,2857.0,2
rb1805,20170622,20170621,210933000,2857.0,1566,79210,44694880.0,2858.0,1,2856.0,5
rb1805,20170622,20170621,210933500,2857.0,1566,79210,44694880.0,2858.0,1,2856.0,17
rb1805,20170622,20170621,210935000,2857.0,1566,79210,44694880.0,2858.0,1,2856.0,17
rb1805,20170622,20170621,210936500,2857.0,1566,79210,44694880.0,2858.0,1,2856.0,12
rb1805,20170622,20170621,210937000,2857.0,1566,79210,44694880.0,2858.0,1,2855.0,18
rb1805,20170622,20170621,210937500,2857.0,1566,79210,44694880.0,2858.0,1,2856.0,2
rb1805,20170622,20170621,210938000,2857.0,1566,79210,44694880.0,2858.0,1,2856.0,2
rb1805,20170622,20170621,210938500,2857.0,1566,79210,44694880.0,2858.0,1,2856.0,2
rb1805,20170622,20170621,210940000,2857.0,1566,79210,44694880.0,2858.0,1,2856.0,2
rb1805,20170622,20170621,210940500,2857.0,1566,79210,44694880.0,2858.0,1,2856.0,2
rb1805,20170622,20170621,210942500,2857.0,1566,79210,44694880.0,2858.0,1,2856.0,2
rb1805,20170622,20170621,210943500,2857.0,1566,79210,44694880.0,2858.0,1,2856.0,7
rb1805,20170622,20170621,210944500,2857.0,1566,79210,44694880.0,2857.0,1,2856.0,7
rb1805,20170622,20170621,210945500,2857.0,1568,79212,44752020.0,2858.0,1,2857.0,1
rb1805,20170622,20170621,210946500,2857.0,1568,79212,44752020.0,2858.0,2,2857.0,1
rb1805,20170622,20170621,210947500,2857.0,1568,79212,44752020.0,2858.0,2,2856.0,7
rb1805,20170622,20170621,210948000,2857.0,1568,79212,44752020.0,2858.0,2,2856.0,7
rb1805,20170622,20170621,210948500,2857.0,1568,79212,44752020.0,2858.0,2,2856.0,17
rb1805,20170622,20170621,210949000,2857.0,1568,79212,44752020.0,2858.0,2,2856.0,23
rb1805,20170622,20170621,210949500,2858.0,1572,79208,44866340.0,2859.0,15,2858.0,3
rb1805,20170622,20170621,210950000,2858.0,1572,79208,44866340.0,2859.0,15,2856.0,23
rb1805,20170622,20170621,210950500,2858.0,1572,79208,44866340.0,2859.0,15,2856.0,23
rb1805,20170622,20170621,210951000,2858.0,1572,79208,44866340.0,2859.0,15,2858.0,1
rb1805,20170622,20170621,210953000,2858.0,1574,79208,44923500.0,2858.0,11,2856.0,23
rb1805,20170622,20170621,210954000,2858.0,1574,79208,44923500.0,2858.0,11,2856.0,23
rb1805,20170622,20170621,210954500,2858.0,1574,79208,44923500.0,2858.0,11,2857.0,2
rb1805,20170622,20170621,210955000,2858.0,1574,79208,44923500.0,2858.0,11,2857.0,2
rb1805,20170622,20170621,210955500,2858.0,1574,79208,44923500.0,2858.0,11,2857.0,2
rb1805,20170622,20170621,210956500,2858.0,1574,79208,44923500.0,2858.0,11,2857.0,2
rb1805,20170622,20170621,210957500,2858.0,1574,79208,44923500.0,2858.0,11,2857.0,2
rb1805,20170622,20170621,210958500,2858.0,1574,79208,44923500.0,2858.0,11,2857.0,2
rb1805,20170622,20170621,211000000,2858.0,1574,79208,44923500.0,2858.0,11,2857.0,2
rb1805,20170622,20170621,211001000,2858.0,1574,79208,44923500.0,2858.0,12,2857.0,2
rb1805,20170622,20170621,211001500,2858.0,1598,79192,45609420.0,2859.0,15,2858.0,1
rb1805,20170622,20170621,211002000,2858.0,1598,79192,45609420.0,2859.0,15,2857.0,2
rb1805,20170622,20170621,211002500,2858.0,1598,79192,45609420.0,2859.0,15,2857.0,3
rb1805,20170622,20170621,211003000,2858.0,1598,79192,45609420.0,2859.0,15,2857.0,3
rb1805,20170622,20170621,211004000,2858.0,1598,79192,45609420.0,2859.0,15,2857.0,3
rb1805,20170622,20170621,211004500,2858.0,1598,79192,45609420.0,2859.0,15,2857.0,3
rb1805,20170622,20170621,211005500,2858.0,1598,79192,45609420.0,2859.0,15,2857.0,3
rb1805,20170622,20170621,211006000,2858.0,1598,79192,45609420.0,2859.0,15,2858.0,4
rb1805,20170622,20170621,211006500,2858.0,1598,79192,45609420.0,2859.0,15,2858.0,9
rb1805,20170622,20170621,211007500,2858.0,1598,79192,45609420.0,2859.0,15,2858.0,9
rb1805,20170622,20170621,211008000,2859.0,1628,79166,46467120.0,2860.0,24,2858.0,20
rb1805,20170622,20170621,211008500,2859.0,1628,79166,46467120.0,2860.0,24,2858.0,9
rb1805,20170622,20170621,211009000,2859.0,1628,79166,46467120.0,2859.0,1,2858.0,9
rb1805,20170622,20170621,211010000,2858.0,1632,79166,46581460.0,2860.0,24,2858.0,11
rb1805,20170622,20170621,211010500,2858.0,1632,79166,46581460.0,2860.0,24,2858.0,17
rb1805,20170622,20170621,211011000,2860.0,1680,79120,47954260.0,2861.0,3,2859.0,3
rb1805,20170622,20170621,211011500,2860.0,1680,79120,47954260.0,2861.0,3,2858.0,9
rb1805,20170622,20170621,211012000,2860.0,1680,79120,47954260.0,2861.0,3,2859.0,2
rb1805,20170622,20170621,211012500,2860.0,1680,79120,47954260.0,2861.0,3,2859.0,2
rb1805,20170622,20170621,211013000,2860.0,1680,79120,47954260.0,2860.0,1,2859.0,2
rb1805,20170622,20170621,211013500,2860.0,1682,79120,48011460.0,2861.0,3,2859.0,2
rb1805,20170622,20170621,211014000,2862.0,1690,79114,48240360.0,2862.0,8,2859.0,8
rb1805,20170622,20170621,211014500,2862.0,1690,79114,48240360.0,2862.0,8,2859.0,7
rb1805,20170622,20170621,211015000,2862.0,1690,79114,48240360.0,2862.0,8,2859.0,7
rb1805,20170622,20170621,211015500,2862.0,1690,79114,48240360.0,2862.0,8,2859.0,7
rb1805,20170622,20170621,211016000,2862.0,1690,79114,48240360.0,2862.0,8,2859.0,7
rb1805,20170622,20170621,211017000,2862.0,1690,79114,48240360.0,2862.0,8,2860.0,13
rb1805,20170622,20170621,211017500,2862.0,1690,79114,48240360.0,2862.0,8,2859.0,7
rb1805,20170622,20170621,211018500,2862.0,1690,79114,48240360.0,2862.0,8,2859.0,19
rb1805,20170622,20170621,211019000,2862.0,1690,79114,48240360.0,2862.0,8,2859.0,24
rb1805,20170622,20170621,211020000,2862.0,1690,79114,48240360.0,2862.0,8,2859.0,24
rb1805,20170622,20170621,211020500,2862.0,1690,79114,48240360.0,2862.0,8,2859.0,24
rb1805,20170622,20170621,211021000,2862.0,1690,79114,48240360.0,2862.0,8,2860.0,1
rb1805,20170622,20170621,211021500,2862.0,1690,79114,48240360.0,2862.0,8,2859.0,14
rb1805,20170622,20170621,211022000,2862.0,1690,79114,48240360.0,2862.0,8,2859.0,15
rb1805,20170622,20170621,211022500,2862.0,1690,79114,48240360.0,2862.0,8,2859.0,15
rb1805,20170622,20170621,211023000,2859.0,1700,79110,48526260.0,2862.0,11,2859.0,10
rb1805,20170622,20170621,211023500,2862.0,1702,79110,48583500.0,2862.0,10,2859.0,19
rb1805,20170622,20170621,211024000,2862.0,1702,79110,48583500.0,2862.0,10,2859.0,7
rb1805,20170622,20170621,211024500,2862.0,1702,79110,48583500.0,2862.0,10,2859.0,18
rb1805,20170622,20170621,211025000,2862.0,1702,79110,48583500.0,2862.0,10,2859.0,7
rb1805,20170622,20170621,211025500,2862.0,1702,79110,48583500.0,2862.0,10,2860.0,13
rb1805,20170622,20170621,211026000,2862.0,1702,79110,48583500.0,2862.0,10,2859.0,12
rb1805,20170622,20170621,211026500,2862.0,1702,79110,48583500.0,2862.0,10,2860.0,11
rb1805,20170622,20170621,211027000,2862.0,1702,79110,48583500.0,2862.0,10,2859.0,12
rb1805,20170622,20170621,211027500,2862.0,1702,79110,48583500.0,2862.0,10,2859.0,12
rb1805,20170622,20170621,211028000,2862.0,1702,79110,48583500.0,2861.0,2,2860.0,13
rb1805,20170622,20170621,211028500,2860.0,1706,79112,48697900.0,2861.0,2,2860.0,3
rb1805,20170622,20170621,211029000,2860.0,1706,79112,48697900.0,2861.0,3,2860.0,3
rb1805,20170622,20170621,211029500,2860.0,1706,79112,48697900.0,2861.0,2,2860.0,3
rb1805,20170622,20170621,211031000,2860.0,1706,79112,48697900.0,2861.0,2,2860.0,1
rb1805,20170622,20170621,211031500,2860.0,1706,79112,48697900.0,2861.0,2,2860.0,1
rb1805,20170622,20170621,211032000,2861.0,1712,79118,48869560.0,2862.0,13,2861.0,7
rb1805,20170622,20170621,211032500,2861.0,1720,79124,49098440.0,2862.0,10,2861.0,3
rb1805,20170622,20170621,211033000,2861.0,1720,79124,49098440.0,2862.0,10,2861.0,3
rb1805,20170622,20170621,211033500,2861.0,1720,79124,49098440.0,2862.0,10,2861.0,3
rb1805,20170622,20170621,211035000,2861.0,1724,79128,49212880.0,2862.0,10,2861.0,1
rb1805,20170622,20170621,211035500,2861.0,1724,79128,49212880.0,2862.0,16,2861.0,1
rb1805,20170622,20170621,211036500,2861.0,1724,79128,49212880.0,2862.0,16,2861.0,1
rb1805,20170622,20170621,211037000,2861.0,1726,79130,49270100.0,2861.0,2,2860.0,1
rb1805,20170622,20170621,211038000,2861.0,1726,79130,49270100.0,2861.0,1,2860.0,1
rb1805,20170622,20170621,211038500,2860.0,1728,79130,49327300.0,2861.0,1,2859.0,12
rb1805,20170622,20170621,211039000,2860.0,1728,79130,49327300.0,2861.0,1,2860.0,10
rb1805,20170622,20170621,211040000,2860.0,1728,79130,49327300.0,2861.0,1,2860.0,11
rb1805,20170622,20170621,211041000,2861.0,1730,79130,49384520.0,2862.0,19,2860.0,11
rb1805,20170622,20170621,211041500,2861.0,1730,79130,49384520.0,2862.0,31,2860.0,11
rb1805,20170622,20170621,211042000,2861.0,1730,79130,49384520.0,2862.0,31,2860.0,1
rb1805,20170622,20170621,211042500,2861.0,1730,79130,49384520.0,2862.0,31,2860.0,11
rb1805,20170622,20170621,211043000,2861.0,1730,79130,49384520.0,2861.0,1,2860.0,13
rb1805,20170622,20170621,211043500,2861.0,1732,79132,49441740.0,2862.0,25,2861.0,2
rb1805,20170622,20170621,211044000,2861.0,1732,79132,49441740.0,2862.0,25,2860.0,18
rb1805,20170622,20170621,211044500,2862.0,1750,79132,49956900.0,2862.0,16,2860.0,19
rb1805,20170622,20170621,211047000,2862.0,1750,79132,49956900.0,2862.0,17,2860.0,19
rb1805,20170622,20170621,211047500,2862.0,1750,79132,49956900.0,2862.0,17,2861.0,10
rb1805,20170622,20170621,211050500,2861.0,1752,79130,50014120.0,2862.0,18,2861.0,9
rb1805,20170622,20170621,211051500,2861.0,1752,79130,50014120.0,2862.0,16,2861.0,9
rb1805,20170622,20170621,211052000,2861.0,1768,79114,50471880.0,2862.0,16,2861.0,1
rb1805,20170622,20170621,211052500,2861.0,1768,79114,50471880.0,2862.0,16,2861.0,1
rb1805,20170622,20170621,211054500,2861.0,1768,79114,50471880.0,2862.0,17,2861.0,1
rb1805,20170622,20170621,211057500,2861.0,1768,79114,50471880.0,2862.0,17,2861.0,1
rb1805,20170622,20170621,211100000,2862.0,1770,79114,50529120.0,2862.0,16,2861.0,1
rb1805,20170622,20170621,211100500,2860.0,1782,79104,50872340.0,2862.0,16,2860.0,3
rb1805,20170622,20170621,211101000,2860.0,1782,79104,50872340.0,2862.0,16,2861.0,4
rb1805,20170622,20170621,211101500,2860.0,1782,79104,50872340.0,2862.0,16,2861.0,4
rb1805,20170622,20170621,211102000,2860.0,1782,79104,50872340.0,2862.0,16,2861.0,4
rb1805,20170622,20170621,211102500,2860.0,1782,79104,50872340.0,2862.0,16,2861.0,4
rb1805,20170622,20170621,211103500,2860.0,1782,79104,50872340.0,2862.0,16,2861.0,7
rb1805,20170622,20170621,211104000,2860.0,1782,79104,50872340.0,2862.0,16,2861.0,7
rb1805,20170622,20170621,211104500,2862.0,1792,79096,51158540.0,2862.0,11,2861.0,7
rb1805,20170622,20170621,211105000,2861.0,1794,79096,51215760.0,2862.0,11,2861.0,6
rb1805,20170622,20170621,211107500,2862.0,1816,79076,51845400.0,2863.0,40,2861.0,7
rb1805,20170622,20170621,211108000,2862.0,1816,79076,51845400.0,2863.0,40,2861.0,12
rb1805,20170622,20170621,211109000,2862.0,1816,79076,51845400.0,2863.0,40,2861.0,14
rb1805,20170622,20170621,211112000,2862.0,1816,79076,51845400.0,2863.0,45,2861.0,11
rb1805,20170622,20170621,211113500,2862.0,1816,79076,51845400.0,2862.0,5,2861.0,14
rb1805,20170622,20170621,211114000,2862.0,1816,79076,51845400.0,2862.0,5,2861.0,14
rb1805,20170622,20170621,211114500,2862.0,1816,79076,51845400.0,2862.0,5,2861.0,14
rb1805,20170622,20170621,211115000,2862.0,1826,79076,52131600.0,2863.0,36,2861.0,13
rb1805,20170622,20170621,211115500,2862.0,1826,79076,52131600.0,2863.0,36,2861.0,10
rb1805,20170622,20170621,211116000,2862.0,1826,79076,52131600.0,2863.0,36,2861.0,13
rb1805,20170622,20170621,211117000,2862.0,1826,79076,52131600.0,2863.0,30,2861.0,13
rb1805,20170622,20170621,211118000,2862.0,1826,79076,52131600.0,2863.0,35,2861.0,13
rb1805,20170622,20170621,211118500,2862.0,1826,79076,52131600.0,2863.0,35,2861.0,13
rb1805,20170622,20170621,211119000,2862.0,1826,79076,52131600.0,2863.0,35,2862.0,7
rb1805,20170622,20170621,211119500,2862.0,1832,79076,52303320.0,2863.0,35,2862.0,4
rb1805,20170622,20170621,211120500,2862.0,1832,79076,52303320.0,2863.0,30,2862.0,4
rb1805,20170622,20170621,211121000,2862.0,1832,79076,52303320.0,2863.0,30,2862.0,4
rb1805,20170622,20170621,211122000,2862.0,1832,79076,52303320.0,2863.0,30,2862.0,14
rb1805,20170622,20170621,211122500,2862.0,1834,79076,52360560.0,2863.0,30,2862.0,13
rb1805,20170622,20170621,211123000,2862.0,1844,79072,52646760.0,2863.0,30,2862.0,8
rb1805,20170622,20170621,211123500,2863.0,1884,79032,53791960.0,2863.0,10,2862.0,8
rb1805,20170622,20170621,211124000,2863.0,1884,79032,53791960.0,2863.0,10,2862.0,11
rb1805,20170622,20170621,211124500,2862.0,1886,79030,53849200.0,2863.0,10,2862.0,10
rb1805,20170622,20170621,211126000,2862.0,1888,79028,53906440.0,2863.0,10,2862.0,9
rb1805,20170622,20170621,211126500,2863.0,1890,79028,53963700.0,2863.0,9,2862.0,9
rb1805,20170622,20170621,211127000,2863.0,1890,79028,53963700.0,2863.0,9,2862.0,9
rb1805,20170622,20170621,211128000,2863.0,1890,79028,53963700.0,2863.0,9,2862.0,9
rb1805,20170622,20170621,211128500,2863.0,1908,79012,54479040.0,2864.0,1,2862.0,10
rb1805,20170622,20170621,211129000,2863.0,1908,79012,54479040.0,2864.0,1,2862.0,10
rb1805,20170622,20170621,211129500,2863.0,1908,79012,54479040.0,2864.0,6,2862.0,10
rb1805,20170622,20170621,211130000,2863.0,1908,79012,54479040.0,2864.0,6,2862.0,7
rb1805,20170622,20170621,211130500,2863.0,1908,79012,54479040.0,2864.0,6,2863.0,1
rb1805,20170622,20170621,211131000,2863.0,1908,79012,54479040.0,2864.0,6,2863.0,1
rb1805,20170622,20170621,211132500,2864.0,1910,79014,54536320.0,2864.0,5,2863.0,1
rb1805,20170622,20170621,211133000,2863.0,1912,79012,54593580.0,2864.0,11,2862.0,7
rb1805,20170622,20170621,211134000,2863.0,1912,79012,54593580.0,2864.0,6,2862.0,10
rb1805,20170622,20170621,211134500,2863.0,1912,79012,54593580.0,2863.0,1,2862.0,10
rb1805,20170622,20170621,211136500,2863.0,1912,79012,54593580.0,2863.0,1,2862.0,7
rb1805,20170622,20170621,211137000,2863.0,1912,79012,54593580.0,2863.0,3,2862.0,7
rb1805,20170622,20170621,211140000,2863.0,1914,79010,54650840.0,2863.0,2,2862.0,8
rb1805,20170622,20170621,211140500,2862.0,1916,79010,54708080.0,2863.0,2,2862.0,7
rb1805,20170622,20170621,211141500,2862.0,1916,79010,54708080.0,2863.0,3,2862.0,7
rb1805,20170622,20170621,211142000,2862.0,1916,79010,54708080.0,2863.0,3,2862.0,7
rb1805,20170622,20170621,211142500,2862.0,1916,79010,54708080.0,2863.0,4,2862.0,6
rb1805,20170622,20170621,211143000,2862.0,1916,79010,54708080.0,2863.0,4,2862.0,6
rb1805,20170622,20170621,211144000,2862.0,1916,79010,54708080.0,2863.0,4,2862.0,6
rb1805,20170622,20170621,211144500,2862.0,1920,79006,54822560.0,2863.0,4,2862.0,4
rb1805,20170622,20170621,211145000,2862.0,1920,79006,54822560.0,2863.0,5,2862.0,4
rb1805,20170622,20170621,211145500,2863.0,1922,79008,54879820.0,2863.0,4,2862.0,4
rb1805,20170622,20170621,211146000,2862.0,1924,79008,54937060.0,2863.0,4,2862.0,3
rb1805,20170622,20170621,211147000,2862.0,1928,79008,55051540.0,2863.0,4,2862.0,1
rb1805,20170622,20170621,211147500,2863.0,1930,79010,55108800.0,2863.0,3,2862.0,1
rb1805,20170622,20170621,211148000,2863.0,1930,79010,55108800.0,2863.0,3,2862.0,4
rb1805,20170622,20170621,211148500,2863.0,1930,79010,55108800.0,2863.0,3,2862.0,5
rb1805,20170622,20170621,211149000,2863.0,1930,79010,55108800.0,2863.0,3,2862.0,4
rb1805,20170622,20170621,211150000,2863.0,1930,79010,55108800.0,2863.0,3,2862.0,4
rb1805,20170622,20170621,211151500,2863.0,1930,79010,55108800.0,2863.0,3,2862.0,2
rb1805,20170622,20170621,211152000,2863.0,1930,79010,55108800.0,2863.0,3,2862.0,1
rb1805,20170622,20170621,211152500,2863.0,1930,79010,55108800.0,2863.0,3,2862.0,1
rb1805,20170622,20170621,211154500,2862.0,1932,79010,55166040.0,2863.0,3,2861.0,7
rb1805,20170622,20170621,211155000,2862.0,1932,79010,55166040.0,2863.0,3,2861.0,8
rb1805,20170622,20170621,211155500,2861.0,1934,79008,55223260.0,2863.0,3,2861.0,7
rb1805,20170622,20170621,211156000,2861.0,1934,79008,55223260.0,2863.0,3,2861.0,7
rb1805,20170622,20170621,211156500,2861.0,1934,79008,55223260.0,2863.0,3,2861.0,15
rb1805,20170622,20170621,211159000,2863.0,1940,79006,55395040.0,2864.0,6,2863.0,2
rb1805,20170622,20170621,211200000,2864.0,1942,79004,55452320.0,2864.0,5,2863.0,5
rb1805,20170622,20170621,211200500,2864.0,1946,79004,55566880.0,2864.0,3,2863.0,3
rb1805,20170622,20170621,211201000,2863.0,1960,78996,55967840.0,2865.0,2,2864.0,1
rb1805,20170622,20170621,211201500,2865.0,1964,78992,56082440.0,2866.0,16,2865.0,1
rb1805,20170622,20170621,211202000,2864.0,1968,78988,56197000.0,2865.0,2,2863.0,6
rb1805,20170622,20170621,211202500,2864.0,1972,78988,56311560.0,2866.0,16,2863.0,17
rb1805,20170622,20170621,211203500,2863.0,1976,78984,56426080.0,2866.0,16,2863.0,15
rb1805,20170622,20170621,211204000,2863.0,1976,78984,56426080.0,2866.0,16,2864.0,1
rb1805,20170622,20170621,211204500,2863.0,1976,78984,56426080.0,2866.0,16,2864.0,12
rb1805,20170622,20170621,211205500,2863.0,2020,78942,57687060.0,2866.0,5,2863.0,5
rb1805,20170622,20170621,211206000,2863.0,2020,78942,57687060.0,2865.0,2,2864.0,12
rb1805,20170622,20170621,211206500,2863.0,2020,78942,57687060.0,2865.0,2,2863.0,8
rb1805,20170622,20170621,211207000,2865.0,2024,78942,57801660.0,2866.0,5,2864.0,15
rb1805,20170622,20170621,211207500,2865.0,2024,78942,57801660.0,2865.0,1,2864.0,15
rb1805,20170622,20170621,211208000,2865.0,2026,78940,57858960.0,2866.0,5,2864.0,15
rb1805,20170622,20170621,211208500,2865.0,2026,78940,57858960.0,2866.0,5,2864.0,15
rb1805,20170622,20170621,211209000,2865.0,2026,78940,57858960.0,2866.0,5,2864.0,19
rb1805,20170622,20170621,211209500,2865.0,2026,78940,57858960.0,2866.0,5,2864.0,19
rb1805,20170622,20170621,211210000,2865.0,2026,78940,57858960.0,2866.0,5,2864.0,19
rb1805,20170622,20170621,211210500,2866.0,2036,78950,58145560.0,2867.0,16,2864.0,4
rb1805,20170622,20170621,211211000,2867.0,2046,78950,58432260.0,2867.0,12,2865.0,12
rb1805,20170622,20170621,211211500,2866.0,2048,78952,58489580.0,2866.0,1,2864.0,4
rb1805,20170622,20170621,211212000,2866.0,2050,78952,58546900.0,2867.0,12,2866.0,1
rb1805,20170622,20170621,211212500,2866.0,2052,78954,58604220.0,2866.0,3,2865.0,2
rb1805,20170622,20170621,211213000,2866.0,2054,78954,58661540.0,2867.0,11,2865.0,2
rb1805,20170622,20170621,211213500,2866.0,2054,78954,58661540.0,2867.0,11,2865.0,5
rb1805,20170622,20170621,211214000,2866.0,2054,78954,58661540.0,2867.0,26,2865.0,5
rb1805,20170622,20170621,211215000,2866.0,2054,78954,58661540.0,2867.0,27,2865.0,5
rb1805,20170622,20170621,211215500,2867.0,2056,78954,58718880.0,2867.0,26,2865.0,5
rb1805,20170622,20170621,211216000,2867.0,2056,78954,58718880.0,2867.0,26,2865.0,16
rb1805,20170622,20170621,211216500,2867.0,2056,78954,58718880.0,2867.0,26,2865.0,16
rb1805,20170622,20170621,211217500,2865.0,2066,78950,59005380.0,2867.0,26,2865.0,11
rb1805,20170622,20170621,211218000,2865.0,2066,78950,59005380.0,2866.0,10,2864.0,5
rb1805,20170622,20170621,211218500,2865.0,2066,78950,59005380.0,2866.0,10,2865.0,5
rb1805,20170622,20170621,211219000,2866.0,2086,78930,59578580.0,2867.0,25,2865.0,6
rb1805,20170622,20170621,211219500,2865.0,2090,78930,59693180.0,2867.0,25,2865.0,8
rb1805,20170622,20170621,211220000,2865.0,2090,78930,59693180.0,2866.0,2,2865.0,3
rb1805,20170622,20170621,211220500,2866.0,2094,78932,59807820.0,2867.0,25,2865.0,3
rb1805,20170622,20170621,211221000,2866.0,2094,78932,59807820.0,2867.0,25,2865.0,14
rb1805,20170622,20170621,211221500,2866.0,2094,78932,59807820.0,2867.0,25,2865.0,14
rb1805,20170622,20170621,211222000,2866.0,2094,78932,59807820.0,2867.0,26,2865.0,3
rb1805,20170622,20170621,211222500,2866.0,2094,78932,59807820.0,2867.0,27,2865.0,3
rb1805,20170622,20170621,211223000,2866.0,2094,78932,59807820.0,2867.0,27,2866.0,1
rb1805,20170622,20170621,211223500,2866.0,2094,78932,59807820.0,2867.0,27,2866.0,1
rb1805,20170622,20170621,211224000,2866.0,2094,78932,59807820.0,2867.0,27,2866.0,1
rb1805,20170622,20170621,211224500,2867.0,2096,78932,59865160.0,2867.0,26,2866.0,1
rb1805,20170622,20170621,211225000,2866.0,2100,78934,59979800.0,2866.0,1,2865.0,3
rb1805,20170622,20170621,211225500,2866.0,2100,78934,59979800.0,2867.0,26,2865.0,7
rb1805,20170622,20170621,211226000,2866.0,2100,78934,59979800.0,2866.0,2,2865.0,3
rb1805,20170622,20170621,211226500,2866.0,2104,78938,60094440.0,2867.0,26,2864.0,5
rb1805,20170622,20170621,211227000,2866.0,2104,78938,60094440.0,2865.0,1,2864.0,16
rb1805,20170622,20170621,211227500,2865.0,2106,78936,60151740.0,2867.0,30,2866.0,1
rb1805,20170622,20170621,211228000,2866.0,2108,78938,60209060.0,2866.0,1,2865.0,5
rb1805,20170622,20170621,211228500,2866.0,2108,78938,60209060.0,2867.0,27,2865.0,3
rb1805,20170622,20170621,211229000,2866.0,2108,78938,60209060.0,2867.0,27,2865.0,3
rb1805,20170622,20170621,211230000,2866.0,2108,78938,60209060.0,2866.0,2,2865.0,3
rb1805,20170622,20170621,211230500,2866.0,2112,78934,60323700.0,2866.0,3,2865.0,4
rb1805,20170622,20170621,211231000,2866.0,2112,78934,60323700.0,2866.0,3,2865.0,3
rb1805,20170622,20170621,211231500,2866.0,2114,78932,60381020.0,2866.0,2,2865.0,3
rb1805,20170622,20170621,211232500,2866.0,2114,78932,60381020.0,2866.0,2,2865.0,3
rb1805,20170622,20170621,211233500,2866.0,2114,78932,60381020.0,2866.0,3,2865.0,3
rb1805,20170622,20170621,211234000,2866.0,2114,78932,60381020.0,2866.0,3,2865.0,3
rb1805,20170622,20170621,211234500,2865.0,2116,78934,60438320.0,2866.0,3,2865.0,2
rb1805,20170622,20170621,211235000,2865.0,2116,78934,60438320.0,2866.0,1,2865.0,2
rb1805,20170622,20170621,211235500,2865.0,2116,78934,60438320.0,2866.0,1,2865.0,2
rb1805,20170622,20170621,211236500,2866.0,2118,78932,60495640.0,2867.0,32,2866.0,1
rb1805,20170622,20170621,211237000,2865.0,2122,78936,60610260.0,2866.0,3,2865.0,1
rb1805,20170622,20170621,211237500,2865.0,2122,78936,60610260.0,2867.0,32,2865.0,1
rb1805,20170622,20170621,211238000,2865.0,2122,78936,60610260.0,2866.0,2,2865.0,7
rb1805,20170622,20170621,211238500,2865.0,2124,78938,60667560.0,2866.0,2,2865.0,6
rb1805,20170622,20170621,211239000,2866.0,2128,78938,60782200.0,2867.0,32,2865.0,13
rb1805,20170622,20170621,211239500,2866.0,2128,78938,60782200.0,2867.0,32,2865.0,6
rb1805,20170622,20170621,211240000,2866.0,2128,78938,60782200.0,2867.0,32,2865.0,17
rb1805,20170622,20170621,211242500,2866.0,2128,78938,60782200.0,2866.0,2,2865.0,17
rb1805,20170622,20170621,211243000,2866.0,2128,78938,60782200.0,2866.0,2,2865.0,6
rb1805,20170622,20170621,211243500,2866.0,2128,78938,60782200.0,2866.0,2,2865.0,6
rb1805,20170622,20170621,211244000,2866.0,2128,78938,60782200.0,2866.0,2,2865.0,6
rb1805,20170622,20170621,211245500,2865.0,2130,78938,60839500.0,2866.0,2,2865.0,5
rb1805,20170622,20170621,211246000,2865.0,2130,78938,60839500.0,2866.0,2,2865.0,7
rb1805,20170622,20170621,211246500,2865.0,2130,78938,60839500.0,2866.0,2,2865.0,8
rb1805,20170622,20170621,211247000,2865.0,2130,78938,60839500.0,2866.0,2,2865.0,14
rb1805,20170622,20170621,211247500,2866.0,2132,78940,60896820.0,2866.0,1,2865.0,14
rb1805,20170622,20170621,211248500,2866.0,2134,78940,60954140.0,2867.0,33,2865.0,30
rb1805,20170622,20170621,211249000,2866.0,2134,78940,60954140.0,2867.0,33,2866.0,1
rb1805,20170622,20170621,211249500,2866.0,2134,78940,60954140.0,2867.0,33,2866.0,6
rb1805,20170622,20170621,211250000,2866.0,2134,78940,60954140.0,2867.0,32,2866.0,6
rb1805,20170622,20170621,211250500,2866.0,2134,78940,60954140.0,2867.0,32,2866.0,6
rb1805,20170622,20170621,211251000,2867.0,2156,78918,61584880.0,2867.0,21,2866.0,11
rb1805,20170622,20170621,211251500,2867.0,2198,78876,62789020.0,2868.0,28,2866.0,22
rb1805,20170622,20170621,211252000,2867.0,2200,78876,62846360.0,2868.0,28,2866.0,22
rb1805,20170622,20170621,211253000,2867.0,2200,78876,62846360.0,2868.0,28,2867.0,1
rb1805,20170622,20170621,211254000,2867.0,2200,78876,62846360.0,2868.0,28,2867.0,1
rb1805,20170622,20170621,211254500,2867.0,2200,78876,62846360.0,2868.0,28,2866.0,22
rb1805,20170622,20170621,211255000,2866.0,2202,78876,62903680.0,2868.0,28,2866.0,21
rb1805,20170622,20170621,211255500,2868.0,2268,78886,64796560.0,2869.0,3,2868.0,17
rb1805,20170622,20170621,211256000,2868.0,2272,78888,64911280.0,2869.0,3,2868.0,15
rb1805,20170622,20170621,211256500,2868.0,2286,78902,65312800.0,2869.0,3,2868.0,10
rb1805,20170622,20170621,211257000,2868.0,2290,78906,65427520.0,2869.0,3,2868.0,9
rb1805,20170622,20170621,211257500,2868.0,2292,78906,65484880.0,2869.0,3,2868.0,8
rb1805,20170622,20170621,211258000,2868.0,2292,78906,65484880.0,2869.0,3,2868.0,8
rb1805,20170622,20170621,211258500,2868.0,2292,78906,65484880.0,2869.0,3,2868.0,8
rb1805,20170622,20170621,211259500,2869.0,2294,78908,65542260.0,2869.0,2,2868.0,6
rb1805,20170622,20170621,211300000,2869.0,2294,78908,65542260.0,2869.0,2,2868.0,6
rb1805,20170622,20170621,211300500,2868.0,2304,78916,65829060.0,2869.0,2,2868.0,6
rb1805,20170622,20170621,211301000,2868.0,2306,78916,65886420.0,2869.0,2,2868.0,5
rb1805,20170622,20170621,211301500,2868.0,2306,78916,65886420.0,2869.0,2,2868.0,5
rb1805,20170622,20170621,211302000,2868.0,2306,78916,65886420.0,2869.0,2,2867.0,3
rb1805,20170622,20170621,211303000,2868.0,2306,78916,65886420.0,2869.0,2,2867.0,3
rb1805,20170622,20170621,211303500,2869.0,2310,78918,66001180.0,2870.0,32,2867.0,8
rb1805,20170622,20170621,211304000,2869.0,2310,78918,66001180.0,2869.0,2,2867.0,9
rb1805,20170622,20170621,211304500,2869.0,2310,78918,66001180.0,2869.0,2,2867.0,9
rb1805,20170622,20170621,211306000,2869.0,2312,78920,66058560.0,2869.0,1,2867.0,9
rb1805,20170622,20170621,211306500,2869.0,2312,78920,66058560.0,2869.0,1,2867.0,9
rb1805,20170622,20170621,211307000,2869.0,2314,78922,66115940.0,2870.0,32,2869.0,1
rb1805,20170622,20170621,211307500,2869.0,2314,78922,66115940.0,2870.0,32,2869.0,2
rb1805,20170622,20170621,211308000,2869.0,2318,78926,66230700.0,2870.0,32,2867.0,9
rb1805,20170622,20170621,211308500,2869.0,2318,78926,66230700.0,2870.0,33,2868.0,3
rb1805,20170622,20170621,211309000,2869.0,2318,78926,66230700.0,2870.0,33,2868.0,3
rb1805,20170622,20170621,211309500,2870.0,2322,78926,66345500.0,2870.0,31,2869.0,30
rb1805,20170622,20170621,211310000,2869.0,2336,78926,66747160.0,2870.0,31,2869.0,23
rb1805,20170622,20170621,211310500,2869.0,2338,78928,66804540.0,2870.0,31,2869.0,22
rb1805,20170622,20170621,211311000,2869.0,2342,78932,66919300.0,2870.0,31,2869.0,20
rb1805,20170622,20170621,211311500,2869.0,2344,78934,66976680.0,2870.0,31,2869.0,19
rb1805,20170622,20170621,211312000,2869.0,2346,78934,67034060.0,2870.0,31,2869.0,18
rb1805,20170622,20170621,211312500,2870.0,2388,78938,68239440.0,2870.0,11,2869.0,17
rb1805,20170622,20170621,211314000,2869.0,2390,78938,68296820.0,2870.0,11,2869.0,16
rb1805,20170622,20170621,211314500,2869.0,2390,78938,68296820.0,2870.0,11,2869.0,21
rb1805,20170622,20170621,211315000,2869.0,2390,78938,68296820.0,2870.0,11,2869.0,21
rb1805,20170622,20170621,211316500,2869.0,2390,78938,68296820.0,2870.0,11,2869.0,16
rb1805,20170622,20170621,211317000,2869.0,2392,78940,68354200.0,2870.0,11,2869.0,15
rb1805,20170622,20170621,211317500,2869.0,2392,78940,68354200.0,2870.0,11,2869.0,15
rb1805,20170622,20170621,211318000,2869.0,2394,78942,68411580.0,2870.0,11,2869.0,14
rb1805,20170622,20170621,211319000,2869.0,2394,78942,68411580.0,2870.0,11,2869.0,14
rb1805,20170622,20170621,211319500,2869.0,2394,78942,68411580.0,2870.0,11,2869.0,14
rb1805,20170622,20170621,211320000,2870.0,2398,78940,68526360.0,2870.0,15,2869.0,19
rb1805,20170622,20170621,211320500,2870.0,2398,78940,68526360.0,2870.0,15,2869.0,19
rb1805,20170622,20170621,211321500,2869.0,2408,78940,68813260.0,2870.0,15,2869.0,14
rb1805,20170622,20170621,211322000,2869.0,2408,78940,68813260.0,2870.0,15,2869.0,14
rb1805,20170622,20170621,211322500,2870.0,2438,78920,69674260.0,2871.0,2,2870.0,1
rb1805,20170622,20170621,211323000,2869.0,2450,78932,70018560.0,2871.0,2,2869.0,20
rb1805,20170622,20170621,211323500,2869.0,2450,78932,70018560.0,2871.0,2,2870.0,2
rb1805,20170622,20170621,211324000,2871.0,2452,78934,70075980.0,2871.0,1,2870.0,2
rb1805,20170622,20170621,211326500,2871.0,2452,78934,70075980.0,2871.0,1,2870.0,2
rb1805,20170622,20170621,211327000,2871.0,2452,78934,70075980.0,2871.0,1,2870.0,2
rb1805,20170622,20170621,211327500,2870.0,2456,78932,70190800.0,2872.0,8,2870.0,1
rb1805,20170622,20170621,211328000,2870.0,2456,78932,70190800.0,2871.0,2,2870.0,1
rb1805,20170622,20170621,211329500,2870.0,2458,78930,70248200.0,2871.0,2,2870.0,5
rb1805,20170622,20170621,211330500,2870.0,2458,78930,70248200.0,2871.0,2,2870.0,5
rb1805,20170622,20170621,211331000,2870.0,2458,78930,70248200.0,2871.0,2,2870.0,6
rb1805,20170622,20170621,211331500,2870.0,2458,78930,70248200.0,2871.0,2,2870.0,6
rb1805,20170622,20170621,211332000,2870.0,2464,78932,70420400.0,2871.0,2,2870.0,3
rb1805,20170622,20170621,211332500,2871.0,2468,78932,70535240.0,2872.0,8,2871.0,18
rb1805,20170622,20170621,211333000,2871.0,2470,78932,70592660.0,2872.0,8,2871.0,17
rb1805,20170622,20170621,211334000,2871.0,2472,78932,70650080.0,2872.0,8,2871.0,16
rb1805,20170622,20170621,211335500,2871.0,2474,78930,70707500.0,2872.0,8,2871.0,15
rb1805,20170622,20170621,211336500,2872.0,2500,78932,71454120.0,2873.0,1,2872.0,2
rb1805,20170622,20170621,211337000,2871.0,2506,78932,71626420.0,2872.0,6,2871.0,9
rb1805,20170622,20170621,211337500,2871.0,2508,78930,71683840.0,2872.0,6,2871.0,9
rb1805,20170622,20170621,211338000,2871.0,2514,78932,71856120.0,2872.0,6,2871.0,7
rb1805,20170622,20170621,211338500,2871.0,2514,78932,71856120.0,2872.0,6,2871.0,7
rb1805,20170622,20170621,211339000,2871.0,2514,78932,71856120.0,2872.0,6,2871.0,7
rb1805,20170622,20170621,211339500,2871.0,2520,78928,72028380.0,2872.0,6,2871.0,4
rb1805,20170622,20170621,211340500,2872.0,2524,78932,72143260.0,2872.0,4,2871.0,4
rb1805,20170622,20170621,211341000,2872.0,2524,78932,72143260.0,2872.0,4,2871.0,4
rb1805,20170622,20170621,211341500,2872.0,2524,78932,72143260.0,2872.0,4,2871.0,8
rb1805,20170622,20170621,211342000,2872.0,2524,78932,72143260.0,2872.0,1,2871.0,8
rb1805,20170622,20170621,211343000,2872.0,2524,78932,72143260.0,2872.0,1,2871.0,9
rb1805,20170622,20170621,211344000,2872.0,2524,78932,72143260.0,2872.0,1,2871.0,9
rb1805,20170622,20170621,211344500,2872.0,2524,78932,72143260.0,2872.0,3,2871.0,9
rb1805,20170622,20170621,211345000,2872.0,2524,78932,72143260.0,2872.0,3,2871.0,5
rb1805,20170622,20170621,211345500,2872.0,2530,78938,72315580.0,2873.0,2,2872.0,1
rb1805,20170622,20170621,211349000,2873.0,2532,78938,72373040.0,2873.0,1,2872.0,1
rb1805,20170622,20170621,211349500,2872.0,2534,78938,72430480.0,2873.0,1,2871.0,5
rb1805,20170622,20170621,211350000,2873.0,2536,78938,72487940.0,2874.0,2,2873.0,9
rb1805,20170622,20170621,211350500,2873.0,2538,78936,72545400.0,2874.0,2,2873.0,9
rb1805,20170622,20170621,211351000,2873.0,2542,78936,72660320.0,2874.0,2,2873.0,7
rb1805,20170622,20170621,211351500,2873.0,2542,78936,72660320.0,2874.0,2,2873.0,7
rb1805,20170622,20170621,211352000,2874.0,2544,78936,72717800.0,2874.0,1,2873.0,6
rb1805,20170622,20170621,211352500,2874.0,2560,78930,73177500.0,2874.0,4,2872.0,2
rb1805,20170622,20170621,211353000,2874.0,2562,78932,73234980.0,2873.0,1,2872.0,2
rb1805,20170622,20170621,211353500,2872.0,2568,78934,73407320.0,2873.0,3,2871.0,10
rb1805,20170622,20170621,211354000,2873.0,2570,78934,73464780.0,2873.0,8,2871.0,5
rb1805,20170622,20170621,211354500,2873.0,2570,78934,73464780.0,2873.0,8,2872.0,1
rb1805,20170622,20170621,211355000,2873.0,2574,78932,73579700.0,2873.0,6,2872.0,1
rb1805,20170622,20170621,211355500,2873.0,2574,78932,73579700.0,2873.0,6,2872.0,1
rb1805,20170622,20170621,211356500,2873.0,2574,78932,73579700.0,2873.0,6,2872.0,1
rb1805,20170622,20170621,211358000,2873.0,2576,78932,73637160.0,2873.0,5,2872.0,1
rb1805,20170622,20170621,211358500,2873.0,2576,78932,73637160.0,2873.0,5,2872.0,1
rb1805,20170622,20170621,211359000,2873.0,2576,78932,73637160.0,2873.0,6,2872.0,2
rb1805,20170622,20170621,211400500,2873.0,2578,78932,73694620.0,2873.0,5,2872.0,2
rb1805,20170622,20170621,211401000,2873.0,2578,78932,73694620.0,2873.0,5,2872.0,2
rb1805,20170622,20170621,211401500,2872.0,2582,78936,73809500.0,2873.0,5,2871.0,6
rb1805,20170622,20170621,211402000,2872.0,2582,78936,73809500.0,2873.0,11,2872.0,2
rb1805,20170622,20170621,211402500,2872.0,2582,78936,73809500.0,2873.0,11,2872.0,2
rb1805,20170622,20170621,211403000,2872.0,2586,78936,73924380.0,2873.0,11,2871.0,11
rb1805,20170622,20170621,211403500,2872.0,2590,78940,74039260.0,2873.0,11,2871.0,11
rb1805,20170622,20170621,211404500,2872.0,2590,78940,74039260.0,2872.0,1,2871.0,11
rb1805,20170622,20170621,211406500,2872.0,2590,78940,74039260.0,2872.0,1,2871.0,11
rb1805,20170622,20170621,211407000,2872.0,2590,78940,74039260.0,2872.0,1,2871.0,11
rb1805,20170622,20170621,211407500,2872.0,2592,78938,74096700.0,2873.0,11,2872.0,5
rb1805,20170622,20170621,211408000,2872.0,2592,78938,74096700.0,2873.0,11,2872.0,2
rb1805,20170622,20170621,211409500,2872.0,2592,78938,74096700.0,2873.0,5,2872.0,2
rb1805,20170622,20170621,211410000,2872.0,2592,78938,74096700.0,2873.0,5,2872.0,4
rb1805,20170622,20170621,211410500,2872.0,2592,78938,74096700.0,2873.0,5,2872.0,6
rb1805,20170622,20170621,211411000,2872.0,2600,78934,74326460.0,2873.0,5,2872.0,2
rb1805,20170622,20170621,211412000,2872.0,2604,78936,74441340.0,2873.0,5,2871.0,11
rb1805,20170622,20170621,211413500,2872.0,2604,78936,74441340.0,2873.0,5,2871.0,10
rb1805,20170622,20170621,211414500,2872.0,2604,78936,74441340.0,2873.0,5,2871.0,11
rb1805,20170622,20170621,211415000,2872.0,2604,78936,74441340.0,2873.0,5,2871.0,12
rb1805,20170622,20170621,211415500,2872.0,2604,78936,74441340.0,2872.0,1,2871.0,12
rb1805,20170622,20170621,211416000,2872.0,2606,78934,74498780.0,2873.0,5,2872.0,2
rb1805,20170622,20170621,211416500,2873.0,2608,78934,74556240.0,2873.0,4,2871.0,6
rb1805,20170622,20170621,211418000,2873.0,2610,78934,74613700.0,2873.0,3,2871.0,6
rb1805,20170622,20170621,211419000,2873.0,2610,78934,74613700.0,2873.0,3,2871.0,11
rb1805,20170622,20170621,211419500,2871.0,2614,78930,74728540.0,2873.0,3,2871.0,9
rb1805,20170622,20170621,211421000,2871.0,2614,78930,74728540.0,2873.0,3,2871.0,10
rb1805,20170622,20170621,211421500,2871.0,2616,78928,74785960.0,2873.0,3,2871.0,9
rb1805,20170622,20170621,211422500,2873.0,2622,78924,74958340.0,2874.0,4,2873.0,1
rb1805,20170622,20170621,211423000,2874.0,2624,78924,75015820.0,2874.0,3,2871.0,20
rb1805,20170622,20170621,211423500,2874.0,2624,78924,75015820.0,2874.0,3,2872.0,3
rb1805,20170622,20170621,211424000,2874.0,2624,78924,75015820.0,2874.0,3,2872.0,3
rb1805,20170622,20170621,211424500,2874.0,2630,78924,75188260.0,2875.0,11,2872.0,3
rb1805,20170622,20170621,211425000,2874.0,2630,78924,75188260.0,2874.0,2,2872.0,8
rb1805,20170622,20170621,211427500,2874.0,2630,78924,75188260.0,2874.0,4,2872.0,8
rb1805,20170622,20170621,211428000,2874.0,2638,78932,75418180.0,2875.0,11,2874.0,1
rb1805,20170622,20170621,211428500,2874.0,2642,78932,75533140.0,2875.0,11,2872.0,8
rb1805,20170622,20170621,211429000,2874.0,2642,78932,75533140.0,2875.0,11,2873.0,2
rb1805,20170622,20170621,211429500,2875.0,2648,78932,75705640.0,2875.0,8,2873.0,2
rb1805,20170622,20170621,211430000,2873.0,2652,78930,75820560.0,2875.0,8,2873.0,1
rb1805,20170622,20170621,211430500,2873.0,2656,78932,75935480.0,2875.0,8,2874.0,1
rb1805,20170622,20170621,211431000,2873.0,2656,78932,75935480.0,2875.0,8,2874.0,1
rb1805,20170622,20170621,211432000,2873.0,2656,78932,75935480.0,2875.0,8,2874.0,1
rb1805,20170622,20170621,211432500,2875.0,2674,78916,76452980.0,2876.0,2,2875.0,2
rb1805,20170622,20170621,211433000,2875.0,2674,78916,76452980.0,2876.0,2,2875.0,2
rb1805,20170622,20170621,211434000,2875.0,2676,78914,76510480.0,2876.0,2,2875.0,1
rb1805,20170622,20170621,211434500,2875.0,2676,78914,76510480.0,2876.0,2,2875.0,1
rb1805,20170622,20170621,211435000,2875.0,2676,78914,76510480.0,2876.0,2,2875.0,6
rb1805,20170622,20170621,211436500,2876.0,2684,78912,76740520.0,2877.0,8,2876.0,3
rb1805,20170622,20170621,211437000,2876.0,2684,78912,76740520.0,2877.0,8,2876.0,3
rb1805,20170622,20170621,211437500,2876.0,2686,78912,76798040.0,2877.0,8,2876.0,2
rb1805,20170622,20170621,211438000,2876.0,2688,78912,76855560.0,2877.0,8,2876.0,1
rb1805,20170622,20170621,211438500,2876.0,2688,78912,76855560.0,2877.0,10,2876.0,1
rb1805,20170622,20170621,211439500,2876.0,2690,78912,76913080.0,2877.0,10,2876.0,10
rb1805,20170622,20170621,211440000,2876.0,2690,78912,76913080.0,2877.0,16,2876.0,10
rb1805,20170622,20170621,211440500,2876.0,2690,78912,76913080.0,2877.0,16,2876.0,11
rb1805,20170622,20170621,211443000,2877.0,2692,78910,76970620.0,2877.0,15,2876.0,12
rb1805,20170622,20170621,211443500,2876.0,2702,78910,77258220.0,2877.0,15,2876.0,7
rb1805,20170622,20170621,211444000,2876.0,2702,78910,77258220.0,2877.0,15,2876.0,7
rb1805,20170622,20170621,211444500,2876.0,2708,78912,77430780.0,2877.0,15,2876.0,4
rb1805,20170622,20170621,211445000,2876.0,2712,78916,77545820.0,2877.0,15,2876.0,2
rb1805,20170622,20170621,211445500,2876.0,2712,78916,77545820.0,2877.0,15,2876.0,2
rb1805,20170622,20170621,211446000,2876.0,2716,78916,77660860.0,2876.0,4,2875.0,4
rb1805,20170622,20170621,211446500,2876.0,2724,78908,77890940.0,2877.0,15,2875.0,16
rb1805,20170622,20170621,211447000,2875.0,2726,78910,77948440.0,2877.0,15,2875.0,3
rb1805,20170622,20170621,211447500,2875.0,2726,78910,77948440.0,2876.0,1,2875.0,3
rb1805,20170622,20170621,211448500,2875.0,2726,78910,77948440.0,2876.0,1,2875.0,3
rb1805,20170622,20170621,211449500,2875.0,2750,78910,78638440.0,2876.0,1,2875.0,1
rb1805,20170622,20170621,211450000,2876.0,2752,78910,78695960.0,2877.0,16,2875.0,1
rb1805,20170622,20170621,211450500,2876.0,2752,78910,78695960.0,2877.0,16,2876.0,1
rb1805,20170622,20170621,211451500,2876.0,2752,78910,78695960.0,2877.0,16,2876.0,1
rb1805,20170622,20170621,211452000,2876.0,2752,78910,78695960.0,2877.0,21,2876.0,1
rb1805,20170622,20170621,211453000,2876.0,2752,78910,78695960.0,2877.0,16,2876.0,4
rb1805,20170622,20170621,211454000,2876.0,2752,78910,78695960.0,2877.0,10,2876.0,2
rb1805,20170622,20170621,211454500,2876.0,2754,78910,78753480.0,2877.0,10,2876.0,1
rb1805,20170622,20170621,211455000,2876.0,2756,78910,78811000.0,2877.0,15,2875.0,1
rb1805,20170622,20170621,211456500,2876.0,2756,78910,78811000.0,2877.0,15,2875.0,1
rb1805,20170622,20170621,211457500,2876.0,2756,78910,78811000.0,2876.0,1,2875.0,4
rb1805,20170622,20170621,211458000,2876.0,2756,78910,78811000.0,2876.0,1,2875.0,1
rb1805,20170622,20170621,211458500,2876.0,2756,78910,78811000.0,2876.0,1,2875.0,1
rb1805,20170622,20170621,211500500,2875.0,2760,78912,78926000.0,2876.0,1,2875.0,1
rb1805,20170622,20170621,211501500,2875.0,2762,78910,78983500.0,2876.0,1,2874.0,1
rb1805,20170622,20170621,211502000,2875.0,2762,78910,78983500.0,2876.0,1,2875.0,3
