instrument,tradingday,calendarday,time,lastp,volume,openinterest,turnover,ask1,asksz1,bid1,bidsz1
rb1805,20171121,20171120,183720500,3696.0,0,2158640,0.0,0.0,0,0.0,0
rb1805,20171121,20171120,205900500,3698.0,2728,2160010,100881440.0,3698.0,78,3697.0,407
rb1805,20171121,20171120,210000500,3698.0,4168,2160168,154122240.0,3699.0,298,3698.0,203
rb1805,20171121,20171120,210001000,3700.0,6448,2161342,238442460.0,3700.0,103,3699.0,26
rb1805,20171121,20171120,210001500,3699.0,7742,2161676,286302160.0,3699.0,50,3697.0,157
rb1805,20171121,20171120,210002000,3700.0,8226,2161688,304203460.0,3700.0,367,3699.0,3
rb1805,20171121,20171120,210002500,3699.0,8658,2161700,320184780.0,3700.0,291,3699.0,1
rb1805,20171121,20171120,210003000,3699.0,8848,2161738,327213100.0,3700.0,266,3699.0,142
rb1805,20171121,20171120,210003500,3699.0,9068,2161788,335351900.0,3700.0,265,3699.0,227
rb1805,20171121,20171120,210004000,3699.0,9270,2161888,342824180.0,3700.0,290,3699.0,164
rb1805,20171121,20171120,210004500,3699.0,9446,2161868,349335500.0,3700.0,263,3699.0,133
rb1805,20171121,20171120,210005000,3700.0,9890,2161922,365761460.0,3700.0,194,3699.0,221
rb1805,20171121,20171120,210005500,3699.0,10202,2161954,377304680.0,3700.0,99,3699.0,185
rb1805,20171121,20171120,210006000,3700.0,10472,2162032,387292540.0,3700.0,129,3699.0,88
rb1805,20171121,20171120,210006500,3699.0,10616,2162070,392619720.0,3700.0,142,3699.0,51
rb1805,20171121,20171120,210007000,3699.0,10772,2162150,398390140.0,3700.0,253,3699.0,1
rb1805,20171121,20171120,210007500,3699.0,10974,2162190,405861760.0,3699.0,57,3698.0,205
rb1805,20171121,20171120,210008000,3699.0,11186,2162338,413703220.0,3699.0,294,3698.0,131
rb1805,20171121,20171120,210008500,3698.0,11522,2162438,426128500.0,3698.0,56,3697.0,148
rb1805,20171121,20171120,210009000,3697.0,11760,2162370,434928720.0,3698.0,121,3697.0,98
rb1805,20171121,20171120,210009500,3697.0,12028,2162382,444836440.0,3697.0,43,3696.0,423
rb1805,20171121,20171120,210010000,3696.0,13178,2162308,487341260.0,3696.0,267,3695.0,517
rb1805,20171121,20171120,210010500,3696.0,14362,2162600,531093040.0,3696.0,17,3695.0,79
rb1805,20171121,20171120,210011000,3696.0,14680,2162686,542843140.0,3696.0,56,3694.0,485
rb1805,20171121,20171120,210011500,3695.0,15428,2163274,570476120.0,3695.0,128,3694.0,184
rb1805,20171121,20171120,210012000,3694.0,16086,2163706,594783920.0,3694.0,11,3693.0,439
rb1805,20171121,20171120,210012500,3694.0,16538,2163948,611480580.0,3694.0,107,3693.0,360
rb1805,20171121,20171120,210013000,3693.0,16956,2164048,626920380.0,3694.0,55,3693.0,304
rb1805,20171121,20171120,210013500,3694.0,17240,2164146,637412300.0,3696.0,34,3694.0,18
rb1805,20171121,20171120,210014000,3694.0,17664,2164142,653077320.0,3695.0,5,3694.0,184
rb1805,20171121,20171120,210014500,3695.0,17710,2164162,654777020.0,3696.0,44,3695.0,60
rb1805,20171121,20171120,210015000,3696.0,17880,2164192,661060020.0,3697.0,102,3696.0,19
rb1805,20171121,20171120,210015500,3697.0,17974,2164202,664534520.0,3697.0,83,3695.0,21
rb1805,20171121,20171120,210016000,3695.0,18050,2164226,667342740.0,3695.0,47,3694.0,249
rb1805,20171121,20171120,210016500,3694.0,18534,2164660,685222340.0,3695.0,67,3694.0,40
rb1805,20171121,20171120,210017000,3694.0,18628,2164616,688694700.0,3694.0,24,3693.0,290
rb1805,20171121,20171120,210017500,3694.0,18642,2164608,689211860.0,3694.0,28,3693.0,292
rb1805,20171121,20171120,210018000,3694.0,19296,2165146,713364560.0,3694.0,8,3692.0,425
rb1805,20171121,20171120,210018500,3694.0,19410,2165212,717574480.0,3694.0,7,3693.0,2
rb1805,20171121,20171120,210019000,3694.0,19564,2165210,723261740.0,3695.0,81,3694.0,75
rb1805,20171121,20171120,210019500,3695.0,19754,2165258,730282200.0,3696.0,116,3695.0,123
rb1805,20171121,20171120,210020000,3694.0,20126,2165484,744027480.0,3695.0,2,3694.0,61
rb1805,20171121,20171120,210020500,3694.0,20212,2165440,747204820.0,3696.0,94,3694.0,211
rb1805,20171121,20171120,210021000,3695.0,20234,2165450,748017760.0,3696.0,174,3695.0,197
rb1805,20171121,20171120,210021500,3695.0,21030,2164924,777427320.0,3695.0,1,3694.0,104
rb1805,20171121,20171120,210022000,3694.0,21124,2165002,780900340.0,3696.0,294,3695.0,6
rb1805,20171121,20171120,210022500,3695.0,21224,2165100,784595340.0,3695.0,87,3694.0,160
rb1805,20171121,20171120,210023000,3695.0,21252,2165108,785629900.0,3695.0,114,3694.0,155
rb1805,20171121,20171120,210023500,3694.0,21282,2165130,786738280.0,3695.0,193,3694.0,149
rb1805,20171121,20171120,210024000,3695.0,21436,2165244,792427540.0,3695.0,168,3694.0,100
rb1805,20171121,20171120,210024500,3695.0,21814,2165012,806394380.0,3696.0,230,3695.0,17
rb1805,20171121,20171120,210025000,3694.0,21934,2165022,810827680.0,3695.0,25,3694.0,60
rb1805,20171121,20171120,210025500,3694.0,22012,2165044,813709160.0,3695.0,22,3694.0,32
rb1805,20171121,20171120,210026000,3695.0,22058,2165078,815408720.0,3695.0,15,3694.0,26
rb1805,20171121,20171120,210026500,3695.0,22112,2165100,817403880.0,3696.0,316,3695.0,11
rb1805,20171121,20171120,210027000,3695.0,22124,2165100,817847300.0,3696.0,315,3695.0,42
rb1805,20171121,20171120,210027500,3695.0,22230,2165080,821764000.0,3696.0,336,3695.0,14
rb1805,20171121,20171120,210028000,3695.0,22282,2165110,823685360.0,3695.0,49,3694.0,102
rb1805,20171121,20171120,210028500,3695.0,22526,2165212,832699840.0,3696.0,341,3695.0,51
rb1805,20171121,20171120,210029000,3695.0,22666,2165310,837872520.0,3695.0,94,3694.0,31
rb1805,20171121,20171120,210029500,3695.0,22970,2165426,849104720.0,3695.0,10,3694.0,2
rb1805,20171121,20171120,210030000,3695.0,23056,2165448,852282180.0,3695.0,89,3694.0,6
rb1805,20171121,20171120,210030500,3694.0,23260,2165486,859818980.0,3694.0,19,3693.0,53
rb1805,20171121,20171120,210031000,3694.0,23442,2165460,866542640.0,3695.0,29,3694.0,114
rb1805,20171121,20171120,210031500,3694.0,23526,2165462,869646300.0,3695.0,29,3694.0,102
rb1805,20171121,20171120,210032000,3695.0,23544,2165450,870311280.0,3695.0,31,3694.0,108
rb1805,20171121,20171120,210032500,3695.0,23634,2165470,873636580.0,3696.0,350,3695.0,16
rb1805,20171121,20171120,210033000,3694.0,23680,2165470,875336180.0,3696.0,350,3695.0,6
rb1805,20171121,20171120,210033500,3694.0,23704,2165474,876222980.0,3695.0,1,3694.0,121
rb1805,20171121,20171120,210034000,3695.0,23806,2165568,879991880.0,3696.0,349,3695.0,5
rb1805,20171121,20171120,210034500,3695.0,23868,2165608,882282980.0,3696.0,320,3695.0,25
rb1805,20171121,20171120,210035000,3695.0,23882,2165620,882800300.0,3696.0,327,3695.0,20
rb1805,20171121,20171120,210035500,3694.0,23956,2165668,885534360.0,3695.0,7,3694.0,139
rb1805,20171121,20171120,210036000,3695.0,23978,2165674,886347140.0,3695.0,61,3694.0,153
rb1805,20171121,20171120,210036500,3695.0,24134,2165816,892111500.0,3696.0,318,3695.0,21
rb1805,20171121,20171120,210037000,3696.0,24214,2165870,895067680.0,3696.0,311,3695.0,2
rb1805,20171121,20171120,210037500,3695.0,24284,2165882,897654260.0,3696.0,307,3695.0,472
rb1805,20171121,20171120,210038000,3696.0,24404,2165928,902088980.0,3696.0,287,3695.0,556
rb1805,20171121,20171120,210038500,3696.0,24984,2166212,923525780.0,3697.0,188,3696.0,209
rb1805,20171121,20171120,210039000,3696.0,25372,2166072,937869940.0,3698.0,136,3697.0,1
rb1805,20171121,20171120,210039500,3696.0,25672,2165936,948960740.0,3698.0,86,3696.0,229
rb1805,20171121,20171120,210040000,3696.0,25776,2165928,952805660.0,3698.0,97,3697.0,2
rb1805,20171121,20171120,210040500,3698.0,25798,2165934,953619220.0,3698.0,114,3697.0,20
rb1805,20171121,20171120,210041000,3697.0,26088,2165806,964342920.0,3699.0,404,3698.0,1
rb1805,20171121,20171120,210041500,3698.0,26120,2165834,965526260.0,3698.0,19,3697.0,16
rb1805,20171121,20171120,210042000,3698.0,26332,2166022,973363140.0,3699.0,404,3698.0,16
rb1805,20171121,20171120,210042500,3698.0,26462,2166004,978171760.0,3699.0,305,3698.0,15
rb1805,20171121,20171120,210043000,3698.0,26516,2166050,980168720.0,3699.0,304,3698.0,102
rb1805,20171121,20171120,210043500,3698.0,26618,2166050,983941500.0,3699.0,265,3698.0,148
rb1805,20171121,20171120,210044000,3699.0,27134,2166324,1003028120.0,3699.0,18,3698.0,154
rb1805,20171121,20171120,210044500,3699.0,27218,2166340,1006135420.0,3700.0,290,3699.0,344
rb1805,20171121,20171120,210045000,3700.0,27830,2166524,1028779160.0,3701.0,452,3700.0,12
rb1805,20171121,20171120,210045500,3700.0,28132,2166792,1039955760.0,3701.0,322,3700.0,72
rb1805,20171121,20171120,210046000,3701.0,28952,2167118,1070303220.0,3702.0,75,3701.0,1
rb1805,20171121,20171120,210046500,3702.0,29444,2166878,1088514960.0,3703.0,660,3702.0,9
rb1805,20171121,20171120,210047000,3702.0,30266,2166996,1118944000.0,3702.0,36,3701.0,7
rb1805,20171121,20171120,210047500,3701.0,30902,2167164,1142482740.0,3701.0,65,3700.0,40
rb1805,20171121,20171120,210048000,3701.0,31340,2167014,1158692460.0,3701.0,18,3700.0,3
rb1805,20171121,20171120,210048500,3701.0,31418,2166982,1161579240.0,3701.0,79,3700.0,1
rb1805,20171121,20171120,210049000,3701.0,31724,2167076,1172903840.0,3702.0,233,3701.0,10
rb1805,20171121,20171120,210049500,3701.0,32120,2167004,1187555060.0,3702.0,229,3701.0,3
rb1805,20171121,20171120,210050000,3701.0,32304,2167096,1194364860.0,3701.0,106,3700.0,3
rb1805,20171121,20171120,210050500,3699.0,32390,2167138,1197547060.0,3701.0,121,3699.0,64
rb1805,20171121,20171120,210051000,3701.0,32430,2167164,1199027360.0,3701.0,115,3700.0,55
rb1805,20171121,20171120,210051500,3700.0,32628,2167018,1206353380.0,3700.0,81,3699.0,68
rb1805,20171121,20171120,210052000,3700.0,32892,2167012,1216120460.0,3701.0,140,3700.0,115
rb1805,20171121,20171120,210052500,3700.0,33156,2167140,1225889880.0,3701.0,90,3700.0,72
rb1805,20171121,20171120,210053000,3700.0,33212,2167166,1227962140.0,3701.0,77,3700.0,59
rb1805,20171121,20171120,210053500,3700.0,33306,2167216,1231440560.0,3701.0,128,3700.0,56
rb1805,20171121,20171120,210054000,3700.0,33406,2167236,1235141060.0,3701.0,105,3700.0,34
rb1805,20171121,20171120,210054500,3701.0,33476,2167210,1237731540.0,3701.0,113,3700.0,116
rb1805,20171121,20171120,210055000,3700.0,33642,2167316,1243874180.0,3701.0,154,3700.0,70
rb1805,20171121,20171120,210055500,3700.0,33784,2167334,1249128300.0,3701.0,163,3700.0,29
rb1805,20171121,20171120,210056000,3700.0,33902,2167392,1253494840.0,3700.0,74,3699.0,17
rb1805,20171121,20171120,210056500,3701.0,34076,2167416,1259933040.0,3701.0,134,3700.0,2
rb1805,20171121,20171120,210057000,3700.0,34156,2167458,1262893040.0,3700.0,49,3699.0,24
rb1805,20171121,20171120,210057500,3700.0,34216,2167454,1265113020.0,3700.0,28,3699.0,21
rb1805,20171121,20171120,210058000,3699.0,34328,2167500,1269255780.0,3699.0,3,3698.0,60
rb1805,20171121,20171120,210058500,3700.0,34524,2167480,1276507100.0,3700.0,28,3699.0,279
rb1805,20171121,20171120,210059000,3699.0,34646,2167490,1281020920.0,3700.0,5,3699.0,285
rb1805,20171121,20171120,210059500,3700.0,34662,2167494,1281612920.0,3701.0,167,3700.0,18
rb1805,20171121,20171120,210100000,3701.0,34710,2167482,1283389120.0,3701.0,162,3700.0,70
rb1805,20171121,20171120,210100500,3701.0,35558,2167160,1314768480.0,3702.0,645,3701.0,22
rb1805,20171121,20171120,210101000,3702.0,36122,2167320,1335643080.0,3702.0,566,3700.0,32
rb1805,20171121,20171120,210101500,3701.0,36802,2167174,1360810360.0,3701.0,228,3700.0,22
rb1805,20171121,20171120,210102000,3701.0,37008,2167152,1368433700.0,3701.0,186,3700.0,20
rb1805,20171121,20171120,210102500,3701.0,37082,2167094,1371172380.0,3701.0,155,3700.0,40
rb1805,20171121,20171120,210103000,3700.0,37174,2167118,1374577020.0,3701.0,175,3700.0,29
rb1805,20171121,20171120,210103500,3700.0,37296,2167054,1379091020.0,3700.0,92,3699.0,277
rb1805,20171121,20171120,210104000,3700.0,37436,2167132,1384270280.0,3700.0,65,3699.0,263
rb1805,20171121,20171120,210104500,3700.0,37512,2167148,1387082040.0,3700.0,329,3699.0,270
rb1805,20171121,20171120,210105000,3699.0,38042,2167552,1406689680.0,3700.0,235,3699.0,154
rb1805,20171121,20171120,210105500,3699.0,38366,2167668,1418674540.0,3699.0,173,3698.0,119
rb1805,20171121,20171120,210106000,3698.0,38594,2167824,1427106500.0,3699.0,198,3698.0,29
rb1805,20171121,20171120,210106500,3699.0,39226,2168002,1450482880.0,3698.0,33,3697.0,87
rb1805,20171121,20171120,210107000,3698.0,39374,2168112,1455955180.0,3698.0,124,3697.0,40
rb1805,20171121,20171120,210107500,3697.0,39538,2168122,1462018480.0,3697.0,61,3696.0,186
rb1805,20171121,20171120,210108000,3697.0,39980,2168220,1478361560.0,3698.0,46,3697.0,5
rb1805,20171121,20171120,210108500,3697.0,40180,2168152,1485755640.0,3698.0,56,3697.0,38
rb1805,20171121,20171120,210109000,3697.0,40204,2168148,1486642960.0,3698.0,78,3697.0,103
rb1805,20171121,20171120,210109500,3697.0,40242,2168138,1488047880.0,3698.0,86,3697.0,94
rb1805,20171121,20171120,210110000,3697.0,40302,2168140,1490266080.0,3698.0,108,3697.0,266
rb1805,20171121,20171120,210110500,3698.0,40390,2168124,1493520100.0,3698.0,84,3697.0,256
rb1805,20171121,20171120,210111000,3697.0,40588,2168078,1500840380.0,3698.0,74,3697.0,272
rb1805,20171121,20171120,210111500,3698.0,41348,2168272,1528939680.0,3697.0,1,3696.0,243
rb1805,20171121,20171120,210112000,3697.0,41408,2168292,1531157960.0,3698.0,42,3697.0,113
rb1805,20171121,20171120,210112500,3698.0,41464,2168254,1533228820.0,3698.0,16,3697.0,113
rb1805,20171121,20171120,210113000,3698.0,41548,2168266,1536334320.0,3698.0,216,3697.0,74
rb1805,20171121,20171120,210113500,3698.0,41594,2168268,1538035300.0,3698.0,210,3697.0,78
rb1805,20171121,20171120,210114000,3697.0,41630,2168274,1539366360.0,3698.0,218,3697.0,80
rb1805,20171121,20171120,210114500,3698.0,41714,2168276,1542471980.0,3698.0,214,3697.0,54
rb1805,20171121,20171120,210115000,3698.0,41760,2168276,1544172640.0,3698.0,213,3697.0,34
rb1805,20171121,20171120,210115500,3697.0,41844,2168314,1547278100.0,3697.0,256,3696.0,220
rb1805,20171121,20171120,210116000,3697.0,41924,2168344,1550235400.0,3697.0,543,3696.0,206
rb1805,20171121,20171120,210116500,3697.0,42350,2168500,1565980440.0,3697.0,551,3695.0,274
rb1805,20171121,20171120,210117000,3696.0,42502,2168566,1571597160.0,3696.0,80,3695.0,214
rb1805,20171121,20171120,210117500,3696.0,42526,2168566,1572484200.0,3696.0,98,3695.0,219
rb1805,20171121,20171120,210118000,3696.0,42570,2168524,1574110100.0,3696.0,120,3695.0,207
rb1805,20171121,20171120,210118500,3696.0,42740,2168564,1580392120.0,3696.0,122,3695.0,154
rb1805,20171121,20171120,210119000,3695.0,43148,2168868,1595468500.0,3695.0,205,3694.0,261
rb1805,20171121,20171120,210119500,3694.0,43316,2168870,1601675740.0,3695.0,142,3694.0,263
rb1805,20171121,20171120,210120000,3694.0,43446,2168920,1606478060.0,3695.0,126,3694.0,216
rb1805,20171121,20171120,210120500,3695.0,43610,2168916,1612536500.0,3695.0,121,3694.0,149
rb1805,20171121,20171120,210121000,3695.0,43650,2168918,1614014360.0,3695.0,140,3694.0,146
rb1805,20171121,20171120,210121500,3694.0,44170,2168946,1633226040.0,3695.0,16,3694.0,46
rb1805,20171121,20171120,210122000,3694.0,44276,2168948,1637142000.0,3695.0,10,3694.0,60
rb1805,20171121,20171120,210122500,3695.0,44330,2168952,1639137280.0,3696.0,233,3694.0,81
rb1805,20171121,20171120,210123000,3694.0,44360,2168962,1640245700.0,3695.0,100,3694.0,102
rb1805,20171121,20171120,210123500,3694.0,44464,2168966,1644088360.0,3695.0,56,3694.0,147
rb1805,20171121,20171120,210124000,3695.0,44768,2168916,1655319840.0,3696.0,234,3694.0,100
rb1805,20171121,20171120,210124500,3694.0,45148,2169158,1669357040.0,3694.0,15,3693.0,407
rb1805,20171121,20171120,210125000,3695.0,45316,2169152,1675563040.0,3695.0,30,3694.0,53
rb1805,20171121,20171120,210125500,3695.0,45378,2169162,1677853900.0,3695.0,12,3694.0,82
rb1805,20171121,20171120,210126000,3695.0,45446,2169182,1680366540.0,3696.0,396,3695.0,168
rb1805,20171121,20171120,210126500,3696.0,45456,2169182,1680736120.0,3696.0,399,3695.0,238
rb1805,20171121,20171120,210127000,3695.0,45588,2169194,1685613600.0,3696.0,395,3695.0,179
rb1805,20171121,20171120,210127500,3695.0,45600,2169198,1686057020.0,3696.0,434,3695.0,177
rb1805,20171121,20171120,210128000,3696.0,45704,2169282,1689900020.0,3696.0,427,3695.0,138
rb1805,20171121,20171120,210128500,3695.0,45980,2169292,1700098680.0,3696.0,405,3695.0,25
rb1805,20171121,20171120,210129000,3695.0,46086,2169244,1704015760.0,3695.0,35,3694.0,108
rb1805,20171121,20171120,210129500,3695.0,46192,2169192,1707932180.0,3695.0,28,3694.0,160
rb1805,20171121,20171120,210130000,3696.0,46310,2169216,1712292380.0,3696.0,366,3695.0,71
rb1805,20171121,20171120,210130500,3695.0,46334,2169210,1713179220.0,3696.0,376,3695.0,61
rb1805,20171121,20171120,210131000,3695.0,46464,2169210,1717982800.0,3696.0,373,3694.0,198
rb1805,20171121,20171120,210131500,3695.0,46474,2169208,1718352320.0,3696.0,372,3695.0,4
rb1805,20171121,20171120,210132000,3694.0,46500,2169202,1719312860.0,3696.0,381,3695.0,1
rb1805,20171121,20171120,210132500,3694.0,46526,2169200,1720273420.0,3695.0,15,3694.0,212
rb1805,20171121,20171120,210133000,3694.0,46582,2169220,1722342620.0,3695.0,6,3694.0,223
rb1805,20171121,20171120,210133500,3696.0,46638,2169222,1724411840.0,3696.0,383,3695.0,349
rb1805,20171121,20171120,210134000,3696.0,46956,2169400,1736164740.0,3696.0,269,3695.0,202
rb1805,20171121,20171120,210134500,3696.0,47506,2169780,1756492660.0,3697.0,167,3696.0,3
rb1805,20171121,20171120,210135000,3696.0,47524,2169786,1757157940.0,3697.0,186,3696.0,19
rb1805,20171121,20171120,210135500,3696.0,47552,2169790,1758192840.0,3697.0,338,3696.0,57
rb1805,20171121,20171120,210136000,3697.0,47578,2169790,1759153820.0,3697.0,338,3696.0,45
rb1805,20171121,20171120,210136500,3696.0,47604,2169780,1760114820.0,3697.0,336,3696.0,37
rb1805,20171121,20171120,210137000,3695.0,47694,2169806,1763441180.0,3696.0,26,3695.0,204
rb1805,20171121,20171120,210137500,3696.0,47814,2169798,1767876520.0,3697.0,331,3696.0,11
rb1805,20171121,20171120,210138000,3696.0,47822,2169800,1768172200.0,3697.0,331,3696.0,55
rb1805,20171121,20171120,210138500,3697.0,47860,2169832,1769576700.0,3697.0,330,3696.0,74
rb1805,20171121,20171120,210139000,3696.0,47868,2169836,1769872380.0,3697.0,335,3696.0,95
rb1805,20171121,20171120,210139500,3697.0,47872,2169832,1770020260.0,3697.0,334,3696.0,101
rb1805,20171121,20171120,210140000,3696.0,47994,2169912,1774529740.0,3697.0,317,3696.0,62
rb1805,20171121,20171120,210140500,3696.0,48050,2169946,1776599740.0,3697.0,306,3696.0,35
rb1805,20171121,20171120,210141000,3696.0,48066,2169960,1777191100.0,3697.0,312,3696.0,28
rb1805,20171121,20171120,210141500,3696.0,48080,2169966,1777708620.0,3697.0,310,3696.0,25
rb1805,20171121,20171120,210142000,3696.0,48094,2169970,1778226060.0,3697.0,309,3696.0,19
rb1805,20171121,20171120,210142500,3696.0,48140,2169960,1779926220.0,3696.0,8,3695.0,213
rb1805,20171121,20171120,210143000,3697.0,48214,2169962,1782661280.0,3697.0,309,3696.0,87
rb1805,20171121,20171120,210143500,3696.0,48388,2169826,1789092480.0,3696.0,35,3695.0,198
rb1805,20171121,20171120,210144000,3696.0,48494,2169840,1793010200.0,3697.0,307,3696.0,51
rb1805,20171121,20171120,210144500,3696.0,48524,2169860,1794119000.0,3697.0,307,3696.0,36
rb1805,20171121,20171120,210145000,3697.0,48754,2169950,1802620240.0,3697.0,287,3696.0,26
rb1805,20171121,20171120,210145500,3696.0,48802,2169962,1804394380.0,3697.0,290,3696.0,7
rb1805,20171121,20171120,210146000,3696.0,48830,2169952,1805429380.0,3696.0,96,3695.0,137
rb1805,20171121,20171120,210146500,3696.0,48834,2169952,1805577220.0,3696.0,106,3695.0,137
rb1805,20171121,20171120,210147000,3696.0,49080,2169888,1814668940.0,3696.0,15,3695.0,118
rb1805,20171121,20171120,210147500,3696.0,49116,2169892,1815999480.0,3696.0,9,3695.0,118
rb1805,20171121,20171120,210148000,3696.0,49154,2169912,1817403940.0,3696.0,7,3695.0,109
rb1805,20171121,20171120,210148500,3696.0,49170,2169918,1817995280.0,3696.0,70,3695.0,110
rb1805,20171121,20171120,210149000,3696.0,49226,2169934,1820064580.0,3696.0,70,3695.0,87
rb1805,20171121,20171120,210149500,3696.0,49322,2169990,1823612580.0,3696.0,48,3695.0,83
rb1805,20171121,20171120,210150000,3696.0,49354,2170022,1824795280.0,3696.0,74,3695.0,82
rb1805,20171121,20171120,210150500,3696.0,49504,2170042,1830339260.0,3696.0,30,3695.0,84
rb1805,20171121,20171120,210151000,3696.0,49536,2170072,1831521980.0,3696.0,4,3695.0,101
rb1805,20171121,20171120,210151500,3696.0,49604,2170118,1834035260.0,3697.0,437,3696.0,7
rb1805,20171121,20171120,210152000,3695.0,49648,2170162,1835661480.0,3696.0,22,3695.0,126
rb1805,20171121,20171120,210152500,3697.0,49708,2170198,1837879180.0,3697.0,440,3696.0,27
rb1805,20171121,20171120,210153000,3696.0,49726,2170214,1838544560.0,3697.0,437,3696.0,52
rb1805,20171121,20171120,210153500,3696.0,49734,2170218,1838840240.0,3697.0,436,3696.0,63
rb1805,20171121,20171120,210154000,3696.0,49820,2170250,1842018840.0,3697.0,435,3696.0,62
rb1805,20171121,20171120,210154500,3696.0,49870,2170234,1843867100.0,3697.0,422,3696.0,75
rb1805,20171121,20171120,210155000,3696.0,49918,2170266,1845641180.0,3697.0,422,3696.0,68
rb1805,20171121,20171120,210155500,3696.0,49928,2170262,1846010780.0,3697.0,422,3696.0,69
rb1805,20171121,20171120,210156000,3697.0,50006,2170252,1848893700.0,3697.0,420,3696.0,24
rb1805,20171121,20171120,210156500,3696.0,50054,2170272,1850667780.0,3697.0,421,3696.0,3
rb1805,20171121,20171120,210157000,3697.0,50064,2170274,1851037420.0,3697.0,424,3696.0,3
rb1805,20171121,20171120,210157500,3697.0,50362,2170326,1862054360.0,3697.0,282,3695.0,143
rb1805,20171121,20171120,210158000,3696.0,50416,2170326,1864050200.0,3697.0,281,3696.0,64
rb1805,20171121,20171120,210158500,3697.0,50560,2170310,1869373340.0,3697.0,235,3696.0,79
rb1805,20171121,20171120,210159000,3697.0,50650,2170306,1872700240.0,3697.0,211,3696.0,70
rb1805,20171121,20171120,210159500,3696.0,50682,2170306,1873883180.0,3697.0,210,3696.0,69
rb1805,20171121,20171120,210200000,3696.0,50700,2170300,1874548500.0,3697.0,210,3696.0,74
rb1805,20171121,20171120,210200500,3697.0,50818,2170350,1878910820.0,3697.0,158,3696.0,69
rb1805,20171121,20171120,210201000,3696.0,51154,2170302,1891329880.0,3696.0,32,3695.0,202
rb1805,20171121,20171120,210201500,3697.0,51286,2170308,1896208440.0,3696.0,1,3695.0,194
rb1805,20171121,20171120,210202000,3695.0,51440,2170244,1901901320.0,3696.0,20,3695.0,189
rb1805,20171121,20171120,210202500,3696.0,51446,2170244,1902123080.0,3696.0,64,3695.0,189
rb1805,20171121,20171120,210203000,3695.0,51510,2170294,1904488000.0,3696.0,142,3695.0,162
rb1805,20171121,20171120,210203500,3695.0,51874,2170574,1917938000.0,3695.0,93,3694.0,282
rb1805,20171121,20171120,210204000,3695.0,52012,2170648,1923036140.0,3695.0,146,3694.0,236
rb1805,20171121,20171120,210204500,3694.0,52124,2170746,1927173460.0,3695.0,147,3694.0,182
rb1805,20171121,20171120,210205000,3695.0,52624,2170784,1945646880.0,3696.0,283,3695.0,13
rb1805,20171121,20171120,210205500,3695.0,52714,2170858,1948972220.0,3695.0,72,3694.0,78
rb1805,20171121,20171120,210206000,3695.0,52844,2170958,1953775700.0,3695.0,37,3694.0,77
rb1805,20171121,20171120,210206500,3696.0,52994,2170858,1959318320.0,3696.0,214,3695.0,7
rb1805,20171121,20171120,210207000,3695.0,53154,2170940,1965229320.0,3695.0,76,3694.0,29
rb1805,20171121,20171120,210207500,3694.0,53164,2170948,1965598780.0,3695.0,114,3694.0,32
rb1805,20171121,20171120,210208000,3695.0,53178,2170960,1966116000.0,3695.0,136,3694.0,44
rb1805,20171121,20171120,210208500,3695.0,53378,2171116,1973506000.0,3695.0,78,3694.0,45
rb1805,20171121,20171120,210209000,3695.0,53630,2171142,1982813700.0,3694.0,1,3693.0,171
rb1805,20171121,20171120,210209500,3694.0,53646,2171138,1983404740.0,3694.0,46,3693.0,172
rb1805,20171121,20171120,210210000,3694.0,53930,2171280,1993896080.0,3694.0,26,3693.0,138
rb1805,20171121,20171120,210210500,3694.0,54006,2171280,1996702800.0,3694.0,56,3693.0,102
rb1805,20171121,20171120,210211000,3694.0,54022,2171276,1997293760.0,3694.0,57,3693.0,100
rb1805,20171121,20171120,210211500,3693.0,54056,2171290,1998549520.0,3694.0,64,3693.0,103
rb1805,20171121,20171120,210212000,3694.0,54090,2171282,1999805280.0,3694.0,58,3693.0,94
rb1805,20171121,20171120,210212500,3693.0,54098,2171278,2000100720.0,3694.0,66,3693.0,90
rb1805,20171121,20171120,210213000,3692.0,54314,2171414,2008077580.0,3693.0,490,3692.0,925
rb1805,20171121,20171120,210213500,3693.0,54398,2171422,2011179360.0,3693.0,474,3692.0,898
rb1805,20171121,20171120,210214000,3692.0,54416,2171436,2011844060.0,3693.0,488,3692.0,900
rb1805,20171121,20171120,210214500,3693.0,54474,2171494,2013985560.0,3693.0,484,3692.0,888
rb1805,20171121,20171120,210215000,3692.0,54492,2171500,2014650160.0,3693.0,483,3692.0,882
rb1805,20171121,20171120,210215500,3692.0,54848,2171702,2027795260.0,3693.0,411,3692.0,785
rb1805,20171121,20171120,210216000,3692.0,54950,2171802,2031561140.0,3693.0,432,3692.0,738
rb1805,20171121,20171120,210216500,3692.0,55208,2172032,2041088260.0,3693.0,344,3692.0,702
rb1805,20171121,20171120,210217000,3692.0,55234,2172046,2042048200.0,3693.0,347,3692.0,692
rb1805,20171121,20171120,210217500,3692.0,55362,2172064,2046774060.0,3693.0,342,3692.0,638
rb1805,20171121,20171120,210218000,3692.0,55402,2172054,2048250920.0,3693.0,339,3692.0,620
rb1805,20171121,20171120,210218500,3693.0,55600,2172060,2055561860.0,3693.0,301,3692.0,565
rb1805,20171121,20171120,210219000,3692.0,55790,2172196,2062577480.0,3693.0,262,3692.0,524
rb1805,20171121,20171120,210219500,3693.0,55834,2172206,2064202200.0,3693.0,249,3692.0,526
rb1805,20171121,20171120,210220000,3693.0,55986,2172244,2069814840.0,3693.0,213,3692.0,509
rb1805,20171121,20171120,210220500,3693.0,56158,2172254,2076166480.0,3693.0,145,3692.0,506
rb1805,20171121,20171120,210221000,3693.0,56452,2172498,2087023900.0,3694.0,92,3693.0,415
rb1805,20171121,20171120,210221500,3694.0,56708,2172662,2096480540.0,3695.0,103,3694.0,208
rb1805,20171121,20171120,210222000,3694.0,56872,2172816,2102539000.0,3695.0,84,3694.0,144
rb1805,20171121,20171120,210222500,3694.0,56890,2172826,2103203980.0,3695.0,29,3694.0,154
rb1805,20171121,20171120,210223000,3695.0,57074,2172804,2110002780.0,3695.0,12,3694.0,159
rb1805,20171121,20171120,210223500,3694.0,57110,2172808,2111332880.0,3696.0,253,3694.0,155
rb1805,20171121,20171120,210224000,3694.0,57164,2172850,2113327880.0,3695.0,60,3694.0,152
rb1805,20171121,20171120,210224500,3694.0,57192,2172856,2114362260.0,3695.0,58,3694.0,157
rb1805,20171121,20171120,210225000,3694.0,57278,2172930,2117539140.0,3695.0,102,3694.0,116
rb1805,20171121,20171120,210225500,3695.0,57280,2172930,2117613040.0,3695.0,127,3694.0,117
rb1805,20171121,20171120,210226000,3695.0,57326,2172932,2119312520.0,3695.0,115,3694.0,101
rb1805,20171121,20171120,210226500,3695.0,57488,2173052,2125297120.0,3695.0,102,3694.0,38
rb1805,20171121,20171120,210227000,3694.0,57514,2173070,2126257580.0,3695.0,105,3694.0,43
rb1805,20171121,20171120,210227500,3694.0,57606,2173118,2129656900.0,3695.0,85,3694.0,77
rb1805,20171121,20171120,210228000,3695.0,57678,2173144,2132316600.0,3695.0,85,3694.0,53
rb1805,20171121,20171120,210228500,3695.0,57684,2173148,2132538280.0,3695.0,110,3694.0,143
rb1805,20171121,20171120,210229000,3694.0,57718,2173180,2133794240.0,3695.0,106,3694.0,144
rb1805,20171121,20171120,210229500,3695.0,57786,2173196,2136306340.0,3695.0,99,3694.0,125
rb1805,20171121,20171120,210230000,3695.0,57912,2173296,2140961820.0,3695.0,45,3694.0,142
rb1805,20171121,20171120,210230500,3694.0,58042,2173422,2145764060.0,3695.0,96,3694.0,71
rb1805,20171121,20171120,210231000,3695.0,58458,2173422,2161134560.0,3695.0,40,3694.0,37
rb1805,20171121,20171120,210231500,3694.0,58560,2173496,2164902960.0,3695.0,23,3694.0,13
rb1805,20171121,20171120,210232000,3695.0,58576,2173512,2165494140.0,3695.0,55,3694.0,12
rb1805,20171121,20171120,210232500,3694.0,58630,2173538,2167489380.0,3695.0,30,3694.0,139
rb1805,20171121,20171120,210233000,3695.0,58642,2173540,2167932760.0,3695.0,100,3694.0,140
rb1805,20171121,20171120,210233500,3694.0,58926,2173732,2178425740.0,3695.0,4,3694.0,101
rb1805,20171121,20171120,210234000,3695.0,59000,2173804,2181159480.0,3696.0,279,3695.0,3
rb1805,20171121,20171120,210234500,3694.0,59034,2173818,2182415500.0,3695.0,82,3694.0,68
rb1805,20171121,20171120,210235000,3694.0,59098,2173810,2184780220.0,3695.0,52,3694.0,67
rb1805,20171121,20171120,210235500,3695.0,59146,2173772,2186553460.0,3695.0,44,3694.0,54
rb1805,20171121,20171120,210236000,3694.0,59164,2173782,2187218520.0,3695.0,44,3694.0,55
rb1805,20171121,20171120,210236500,3694.0,59194,2173804,2188326980.0,3695.0,30,3694.0,78
rb1805,20171121,20171120,210237000,3695.0,59278,2173812,2191430060.0,3695.0,37,3694.0,127
rb1805,20171121,20171120,210237500,3695.0,59400,2173884,2195936780.0,3695.0,35,3694.0,74
rb1805,20171121,20171120,210238000,3695.0,59468,2173936,2198449340.0,3695.0,4,3694.0,72
rb1805,20171121,20171120,210238500,3695.0,59494,2173958,2199409820.0,3695.0,30,3694.0,86
rb1805,20171121,20171120,210239000,3695.0,59610,2173978,2203696000.0,3696.0,310,3695.0,43
rb1805,20171121,20171120,210239500,3695.0,59648,2173984,2205100100.0,3696.0,320,3695.0,80
rb1805,20171121,20171120,210240000,3695.0,59764,2174056,2209386300.0,3696.0,319,3695.0,84
rb1805,20171121,20171120,210240500,3695.0,59770,2174062,2209608000.0,3696.0,320,3695.0,87
rb1805,20171121,20171120,210241000,3695.0,59798,2174086,2210642600.0,3696.0,322,3695.0,85
rb1805,20171121,20171120,210241500,3696.0,59806,2174088,2210938220.0,3696.0,325,3695.0,84
rb1805,20171121,20171120,210242000,3695.0,59836,2174086,2212046820.0,3696.0,323,3695.0,75
rb1805,20171121,20171120,210242500,3695.0,59860,2174086,2212933620.0,3696.0,312,3695.0,63
rb1805,20171121,20171120,210243000,3695.0,59916,2174098,2215002820.0,3696.0,313,3695.0,35
rb1805,20171121,20171120,210243500,3696.0,59940,2174100,2215889740.0,3696.0,307,3695.0,31
rb1805,20171121,20171120,210244000,3695.0,59948,2174106,2216185340.0,3696.0,307,3695.0,27
rb1805,20171121,20171120,210244500,3695.0,60118,2174176,2222465940.0,3695.0,262,3694.0,80
rb1805,20171121,20171120,210245000,3694.0,60132,2174178,2222983200.0,3695.0,260,3694.0,98
rb1805,20171121,20171120,210245500,3695.0,60150,2174164,2223648160.0,3695.0,259,3694.0,121
rb1805,20171121,20171120,210246000,3694.0,60246,2174204,2227194720.0,3695.0,248,3694.0,73
rb1805,20171121,20171120,210246500,3695.0,60278,2174204,2228376920.0,3695.0,287,3694.0,53
rb1805,20171121,20171120,210247000,3694.0,60382,2174150,2232219220.0,3695.0,310,3694.0,28
rb1805,20171121,20171120,210247500,3694.0,60388,2174150,2232440900.0,3695.0,308,3694.0,27
rb1805,20171121,20171120,210248000,3695.0,60394,2174146,2232662580.0,3695.0,309,3694.0,25
rb1805,20171121,20171120,210248500,3695.0,60408,2174150,2233179840.0,3695.0,307,3694.0,48
rb1805,20171121,20171120,210249000,3695.0,60466,2174202,2235322420.0,3695.0,320,3694.0,37
rb1805,20171121,20171120,210249500,3694.0,60482,2174214,2235913480.0,3695.0,326,3694.0,30
rb1805,20171121,20171120,210250000,3694.0,60500,2174218,2236578480.0,3695.0,339,3694.0,22
rb1805,20171121,20171120,210250500,3695.0,60524,2174218,2237465280.0,3695.0,330,3694.0,48
rb1805,20171121,20171120,210251000,3694.0,60632,2174224,2241455820.0,3695.0,279,3694.0,67
rb1805,20171121,20171120,210251500,3694.0,60744,2174176,2245593140.0,3695.0,280,3694.0,45
rb1805,20171121,20171120,210252000,3695.0,60798,2174186,2247587920.0,3695.0,305,3694.0,37
rb1805,20171121,20171120,210252500,3694.0,60858,2174156,2249804880.0,3695.0,277,3694.0,36
rb1805,20171121,20171120,210253000,3694.0,60880,2174142,2250617640.0,3695.0,275,3694.0,34
rb1805,20171121,20171120,210253500,3694.0,60946,2174146,2253056100.0,3695.0,254,3694.0,86
rb1805,20171121,20171120,210254000,3695.0,60952,2174144,2253277800.0,3695.0,251,3694.0,107
rb1805,20171121,20171120,210254500,3695.0,60960,2174148,2253573340.0,3695.0,251,3694.0,158
rb1805,20171121,20171120,210255000,3695.0,61036,2174174,2256381000.0,3695.0,228,3694.0,139
rb1805,20171121,20171120,210255500,3695.0,61088,2174128,2258302360.0,3695.0,206,3694.0,145
rb1805,20171121,20171120,210256000,3695.0,61496,2173852,2273377760.0,3695.0,15,3694.0,135
rb1805,20171121,20171120,210256500,3695.0,61560,2173836,2275742760.0,3696.0,335,3695.0,134
rb1805,20171121,20171120,210257000,3695.0,61566,2173836,2275964460.0,3696.0,335,3695.0,141
rb1805,20171121,20171120,210257500,3695.0,61570,2173832,2276112260.0,3696.0,334,3695.0,140
rb1805,20171121,20171120,210258000,3695.0,61630,2173828,2278329280.0,3696.0,335,3695.0,111
rb1805,20171121,20171120,210258500,3695.0,61636,2173822,2278550980.0,3696.0,342,3695.0,110
rb1805,20171121,20171120,210259000,3696.0,61644,2173820,2278846600.0,3696.0,347,3695.0,107
rb1805,20171121,20171120,210259500,3695.0,61690,2173824,2280546380.0,3696.0,344,3695.0,90
rb1805,20171121,20171120,210300000,3695.0,61696,2173826,2280768080.0,3696.0,344,3695.0,124
rb1805,20171121,20171120,210300500,3695.0,61764,2173832,2283280980.0,3696.0,329,3695.0,105
rb1805,20171121,20171120,210301000,3695.0,61858,2173910,2286754280.0,3696.0,329,3695.0,84
rb1805,20171121,20171120,210301500,3696.0,61870,2173912,2287197700.0,3696.0,328,3695.0,94
rb1805,20171121,20171120,210302000,3696.0,61976,2173976,2291114540.0,3696.0,322,3695.0,80
rb1805,20171121,20171120,210302500,3696.0,61978,2173974,2291188460.0,3696.0,321,3695.0,80
rb1805,20171121,20171120,210303000,3695.0,62150,2173960,2297543860.0,3695.0,36,3694.0,109
rb1805,20171121,20171120,210303500,3695.0,62168,2173978,2298208960.0,3695.0,54,3694.0,94
rb1805,20171121,20171120,210304000,3695.0,62250,2174044,2301238700.0,3695.0,30,3694.0,78
rb1805,20171121,20171120,210304500,3695.0,62280,2174034,2302347200.0,3695.0,21,3694.0,88
rb1805,20171121,20171120,210305000,3695.0,62300,2174040,2303086140.0,3695.0,73,3694.0,85
rb1805,20171121,20171120,210305500,3694.0,62380,2174042,2306041380.0,3695.0,79,3694.0,49
rb1805,20171121,20171120,210306000,3694.0,62490,2173978,2310104780.0,3694.0,41,3693.0,360
rb1805,20171121,20171120,210306500,3694.0,62530,2173944,2311582340.0,3694.0,49,3693.0,353
rb1805,20171121,20171120,210307000,3693.0,62560,2173932,2312690280.0,3694.0,58,3693.0,320
rb1805,20171121,20171120,210307500,3694.0,62690,2173954,2317492420.0,3694.0,25,3693.0,261
rb1805,20171121,20171120,210308000,3694.0,62734,2173968,2319117780.0,3694.0,10,3693.0,272
rb1805,20171121,20171120,210308500,3695.0,62768,2173980,2320373760.0,3695.0,180,3694.0,1
rb1805,20171121,20171120,210309000,3694.0,62786,2173976,2321038660.0,3694.0,29,3693.0,269
rb1805,20171121,20171120,210309500,3693.0,62806,2173980,2321777420.0,3694.0,80,3693.0,269
rb1805,20171121,20171120,210310000,3694.0,62828,2173974,2322589980.0,3694.0,122,3693.0,264
rb1805,20171121,20171120,210310500,3694.0,62950,2174066,2327096520.0,3694.0,69,3693.0,259
rb1805,20171121,20171120,210311000,3694.0,62968,2174082,2327761360.0,3694.0,85,3693.0,256
rb1805,20171121,20171120,210311500,3694.0,63184,2174214,2335740340.0,3694.0,431,3693.0,254
rb1805,20171121,20171120,210312000,3694.0,63560,2174056,2349626080.0,3694.0,435,3693.0,75
rb1805,20171121,20171120,210312500,3693.0,63728,2174080,2355830320.0,3693.0,316,3692.0,622
rb1805,20171121,20171120,210313000,3693.0,63770,2174092,2357381160.0,3693.0,314,3692.0,601
rb1805,20171121,20171120,210313500,3692.0,63798,2174108,2358415160.0,3693.0,302,3692.0,599
rb1805,20171121,20171120,210314000,3692.0,63844,2174090,2360113520.0,3693.0,303,3692.0,578
rb1805,20171121,20171120,210314500,3693.0,63922,2174152,2362993980.0,3693.0,263,3692.0,575
rb1805,20171121,20171120,210315000,3693.0,63998,2174124,2365799920.0,3693.0,765,3692.0,540
rb1805,20171121,20171120,210315500,3693.0,64080,2174198,2368828140.0,3693.0,727,3692.0,539
rb1805,20171121,20171120,210316000,3693.0,64208,2174196,2373553940.0,3693.0,731,3692.0,476
rb1805,20171121,20171120,210316500,3693.0,64220,2174198,2373997080.0,3693.0,728,3692.0,480
rb1805,20171121,20171120,210317000,3693.0,64430,2174244,2381750740.0,3693.0,706,3692.0,398
rb1805,20171121,20171120,210317500,3692.0,64528,2174340,2385369320.0,3693.0,686,3692.0,373
rb1805,20171121,20171120,210318000,3692.0,64746,2174432,2393417940.0,3693.0,683,3692.0,281
rb1805,20171121,20171120,210318500,3692.0,65088,2174316,2406044740.0,3693.0,663,3692.0,126
rb1805,20171121,20171120,210319000,3692.0,65370,2174478,2416456180.0,3692.0,54,3691.0,794
rb1805,20171121,20171120,210319500,3692.0,65568,2174480,2423764680.0,3692.0,71,3691.0,711
rb1805,20171121,20171120,210320000,3692.0,65630,2174496,2426053480.0,3692.0,53,3691.0,700
rb1805,20171121,20171120,210320500,3691.0,65682,2174528,2427973200.0,3692.0,55,3691.0,698
rb1805,20171121,20171120,210321000,3691.0,65928,2174558,2437055760.0,3692.0,38,3691.0,777
rb1805,20171121,20171120,210321500,3691.0,66020,2174574,2440451660.0,3692.0,53,3691.0,770
rb1805,20171121,20171120,210322000,3692.0,66058,2174602,2441854460.0,3692.0,44,3691.0,764
rb1805,20171121,20171120,210322500,3692.0,66070,2174604,2442297460.0,3692.0,43,3691.0,762
rb1805,20171121,20171120,210323000,3692.0,66184,2174704,2446506140.0,3693.0,715,3692.0,42
rb1805,20171121,20171120,210323500,3692.0,66206,2174714,2447318380.0,3693.0,726,3692.0,124
rb1805,20171121,20171120,210324000,3692.0,66632,2174832,2463046200.0,3693.0,726,3692.0,76
rb1805,20171121,20171120,210324500,3691.0,66944,2174962,2474564140.0,3692.0,35,3691.0,677
rb1805,20171121,20171120,210325000,3692.0,67164,2175170,2482685160.0,3693.0,717,3692.0,55
rb1805,20171121,20171120,210325500,3692.0,67324,2175142,2488592360.0,3692.0,34,3691.0,645
rb1805,20171121,20171120,210326000,3693.0,67468,2175036,2493908980.0,3693.0,726,3692.0,20
rb1805,20171121,20171120,210326500,3693.0,67864,2175220,2508532720.0,3693.0,556,3692.0,104
rb1805,20171121,20171120,210327000,3692.0,68272,2175508,2523599060.0,3693.0,394,3692.0,156
rb1805,20171121,20171120,210327500,3693.0,69080,2176080,2553438480.0,3694.0,557,3693.0,156
rb1805,20171121,20171120,210328000,3693.0,69116,2176076,2554767960.0,3694.0,574,3693.0,307
rb1805,20171121,20171120,210328500,3693.0,69298,2176088,2561489340.0,3694.0,559,3693.0,120
rb1805,20171121,20171120,210329000,3692.0,69354,2176120,2563557380.0,3693.0,24,3692.0,544
rb1805,20171121,20171120,210329500,3693.0,69444,2176190,2566881080.0,3694.0,579,3693.0,82
rb1805,20171121,20171120,210330000,3693.0,69488,2176234,2568506400.0,3694.0,559,3693.0,288
rb1805,20171121,20171120,210330500,3694.0,69516,2176252,2569540640.0,3694.0,556,3693.0,344
rb1805,20171121,20171120,210331000,3694.0,69758,2176314,2578479860.0,3694.0,555,3693.0,334
rb1805,20171121,20171120,210331500,3694.0,69884,2176438,2583134180.0,3694.0,498,3693.0,341
rb1805,20171121,20171120,210332000,3693.0,69944,2176476,2585350440.0,3694.0,487,3693.0,351
rb1805,20171121,20171120,210332500,3693.0,69972,2176458,2586384520.0,3694.0,486,3693.0,344
rb1805,20171121,20171120,210333000,3694.0,69986,2176456,2586901560.0,3694.0,489,3693.0,339
rb1805,20171121,20171120,210333500,3693.0,69994,2176452,2587197000.0,3694.0,489,3693.0,329
rb1805,20171121,20171120,210334000,3693.0,70006,2176456,2587640200.0,3694.0,487,3693.0,318
rb1805,20171121,20171120,210334500,3693.0,70010,2176458,2587787940.0,3694.0,487,3693.0,317
rb1805,20171121,20171120,210335000,3693.0,70020,2176458,2588157260.0,3694.0,494,3693.0,317
rb1805,20171121,20171120,210335500,3693.0,70464,2176544,2604554180.0,3694.0,504,3693.0,146
rb1805,20171121,20171120,210336000,3693.0,70764,2176624,2615633180.0,3693.0,168,3692.0,559
rb1805,20171121,20171120,210336500,3693.0,70906,2176572,2620875940.0,3693.0,192,3692.0,504
rb1805,20171121,20171120,210337000,3693.0,70986,2176610,2623830180.0,3693.0,202,3692.0,500
rb1805,20171121,20171120,210337500,3692.0,71180,2176686,2630992740.0,3693.0,249,3692.0,410
rb1805,20171121,20171120,210338000,3693.0,71186,2176690,2631214320.0,3693.0,246,3692.0,370
rb1805,20171121,20171120,210338500,3693.0,71202,2176696,2631805180.0,3693.0,249,3692.0,439
rb1805,20171121,20171120,210339000,3692.0,71224,2176706,2632617580.0,3693.0,242,3692.0,436
rb1805,20171121,20171120,210339500,3692.0,71254,2176716,2633725240.0,3693.0,244,3692.0,432
rb1805,20171121,20171120,210340000,3692.0,71286,2176738,2634906740.0,3693.0,251,3692.0,429
rb1805,20171121,20171120,210340500,3693.0,71382,2176814,2638451260.0,3693.0,244,3692.0,391
rb1805,20171121,20171120,210341000,3693.0,71500,2176906,2642808180.0,3693.0,237,3692.0,359
rb1805,20171121,20171120,210341500,3692.0,71618,2176880,2647165400.0,3693.0,207,3692.0,335
rb1805,20171121,20171120,210342000,3693.0,71858,2176666,2656028460.0,3693.0,99,3692.0,328
rb1805,20171121,20171120,210342500,3693.0,71902,2176666,2657652960.0,3693.0,131,3692.0,320
rb1805,20171121,20171120,210343000,3693.0,72140,2176710,2666440340.0,3693.0,106,3692.0,268
rb1805,20171121,20171120,210343500,3693.0,72150,2176706,2666809580.0,3693.0,130,3692.0,280
rb1805,20171121,20171120,210344000,3692.0,72162,2176696,2667252660.0,3693.0,127,3692.0,279
rb1805,20171121,20171120,210344500,3693.0,72170,2176692,2667548100.0,3693.0,127,3692.0,295
rb1805,20171121,20171120,210345000,3692.0,72186,2176680,2668138940.0,3693.0,125,3692.0,293
rb1805,20171121,20171120,210345500,3692.0,72244,2176656,2670280580.0,3693.0,117,3692.0,240
rb1805,20171121,20171120,210346000,3693.0,72354,2176628,2674342440.0,3693.0,80,3692.0,221
rb1805,20171121,20171120,210346500,3692.0,72422,2176654,2676853060.0,3693.0,87,3692.0,197
rb1805,20171121,20171120,210347000,3693.0,72442,2176658,2677591540.0,3693.0,89,3692.0,196
rb1805,20171121,20171120,210347500,3692.0,72454,2176658,2678034680.0,3693.0,115,3692.0,198
rb1805,20171121,20171120,210348000,3692.0,72472,2176674,2678699320.0,3693.0,174,3692.0,203
rb1805,20171121,20171120,210348500,3693.0,72484,2176674,2679142480.0,3693.0,174,3692.0,206
rb1805,20171121,20171120,210349000,3692.0,72516,2176670,2680323920.0,3693.0,174,3692.0,196
rb1805,20171121,20171120,210349500,3692.0,72542,2176672,2681283940.0,3693.0,189,3692.0,190
rb1805,20171121,20171120,210350000,3693.0,72574,2176666,2682465500.0,3693.0,187,3692.0,183
rb1805,20171121,20171120,210350500,3693.0,72648,2176630,2685198200.0,3693.0,172,3692.0,178
rb1805,20171121,20171120,210351000,3692.0,72774,2176580,2689851300.0,3693.0,116,3692.0,183
rb1805,20171121,20171120,210351500,3692.0,72898,2176566,2694429500.0,3693.0,116,3692.0,126
rb1805,20171121,20171120,210352000,3693.0,73068,2176578,2700707360.0,3693.0,45,3692.0,119
rb1805,20171121,20171120,210352500,3692.0,73084,2176582,2701298080.0,3693.0,48,3692.0,140
rb1805,20171121,20171120,210353000,3692.0,73134,2176572,2703144440.0,3693.0,43,3692.0,134
rb1805,20171121,20171120,210353500,3693.0,73170,2176598,2704473820.0,3693.0,30,3692.0,140
rb1805,20171121,20171120,210354000,3693.0,73244,2176588,2707206640.0,3694.0,541,3693.0,37
rb1805,20171121,20171120,210354500,3693.0,73320,2176618,2710013620.0,3694.0,529,3693.0,38
rb1805,20171121,20171120,210355000,3693.0,73570,2176654,2719247460.0,3693.0,3,3692.0,226
rb1805,20171121,20171120,210355500,3694.0,74580,2175780,2756545140.0,3694.0,462,3693.0,39
rb1805,20171121,20171120,210356000,3693.0,74738,2175758,2762381200.0,3694.0,405,3692.0,153
rb1805,20171121,20171120,210356500,3692.0,74932,2175634,2769543800.0,3693.0,3,3692.0,74
rb1805,20171121,20171120,210357000,3694.0,74944,2175640,2769986980.0,3694.0,405,3693.0,6
rb1805,20171121,20171120,210357500,3692.0,74968,2175658,2770873280.0,3693.0,97,3692.0,160
rb1805,20171121,20171120,210358000,3692.0,75092,2175664,2775452360.0,3693.0,37,3692.0,148
rb1805,20171121,20171120,210358500,3693.0,75200,2175632,2779440480.0,3694.0,408,3693.0,21
rb1805,20171121,20171120,210359000,3693.0,75222,2175622,2780252980.0,3694.0,413,3693.0,29
rb1805,20171121,20171120,210359500,3693.0,75260,2175654,2781656660.0,3694.0,435,3693.0,37
rb1805,20171121,20171120,210400000,3693.0,75308,2175656,2783429340.0,3694.0,443,3693.0,28
rb1805,20171121,20171120,210400500,3693.0,75394,2175710,2786605540.0,3694.0,432,3693.0,16
rb1805,20171121,20171120,210401000,3693.0,75414,2175708,2787344140.0,3694.0,428,3693.0,8
rb1805,20171121,20171120,210401500,3694.0,75456,2175724,2788895420.0,3694.0,416,3693.0,31
rb1805,20171121,20171120,210402000,3693.0,75516,2175724,2791111320.0,3694.0,411,3693.0,12
rb1805,20171121,20171120,210402500,3692.0,75554,2175708,2792514660.0,3693.0,82,3692.0,169
rb1805,20171121,20171120,210403000,3693.0,75638,2175740,2795616360.0,3693.0,98,3692.0,149
rb1805,20171121,20171120,210403500,3692.0,75770,2175708,2800490000.0,3693.0,91,3692.0,82
rb1805,20171121,20171120,210404000,3693.0,75782,2175710,2800933100.0,3693.0,121,3692.0,93
rb1805,20171121,20171120,210404500,3693.0,75784,2175708,2801006960.0,3693.0,119,3692.0,102
rb1805,20171121,20171120,210405000,3692.0,75792,2175708,2801302360.0,3693.0,122,3692.0,126
rb1805,20171121,20171120,210405500,3693.0,75832,2175706,2802779400.0,3693.0,128,3692.0,128
rb1805,20171121,20171120,210406000,3693.0,75860,2175704,2803813440.0,3693.0,114,3692.0,129
rb1805,20171121,20171120,210406500,3693.0,75906,2175698,2805512220.0,3693.0,93,3692.0,181
rb1805,20171121,20171120,210407000,3693.0,75918,2175698,2805955360.0,3693.0,90,3692.0,180
rb1805,20171121,20171120,210407500,3692.0,75944,2175684,2806915420.0,3693.0,83,3692.0,177
rb1805,20171121,20171120,210408000,3693.0,76032,2175692,2810165240.0,3693.0,46,3692.0,197
rb1805,20171121,20171120,210408500,3693.0,76046,2175682,2810682260.0,3693.0,39,3692.0,206
rb1805,20171121,20171120,210409000,3693.0,76108,2175722,2812971860.0,3693.0,31,3692.0,213
rb1805,20171121,20171120,210409500,3692.0,76134,2175732,2813931880.0,3693.0,47,3692.0,219
rb1805,20171121,20171120,210410000,3693.0,76202,2175736,2816443120.0,3693.0,18,3692.0,224
rb1805,20171121,20171120,210410500,3692.0,76302,2175714,2820135380.0,3693.0,17,3692.0,195
rb1805,20171121,20171120,210411000,3692.0,76442,2175668,2825304240.0,3693.0,29,3692.0,179
rb1805,20171121,20171120,210411500,3693.0,76470,2175670,2826338280.0,3693.0,185,3692.0,184
rb1805,20171121,20171120,210412000,3692.0,76522,2175712,2828258240.0,3693.0,180,3692.0,185
rb1805,20171121,20171120,210412500,3693.0,76550,2175734,2829292240.0,3693.0,170,3692.0,191
rb1805,20171121,20171120,210413000,3692.0,76580,2175748,2830399860.0,3693.0,185,3692.0,179
rb1805,20171121,20171120,210413500,3693.0,77000,2175994,2845910080.0,3694.0,402,3693.0,316
rb1805,20171121,20171120,210414000,3694.0,77038,2175996,2847313720.0,3694.0,387,3693.0,315
rb1805,20171121,20171120,210414500,3693.0,77046,2176002,2847609180.0,3694.0,388,3693.0,312
rb1805,20171121,20171120,210415000,3693.0,77064,2176008,2848274020.0,3694.0,384,3693.0,324
rb1805,20171121,20171120,210415500,3693.0,77082,2176022,2848938760.0,3694.0,382,3693.0,315
rb1805,20171121,20171120,210416000,3693.0,77114,2176030,2850120540.0,3694.0,381,3693.0,303
rb1805,20171121,20171120,210416500,3693.0,77136,2176036,2850933100.0,3694.0,440,3693.0,298
rb1805,20171121,20171120,210417000,3694.0,77150,2176050,2851450140.0,3694.0,439,3693.0,296
rb1805,20171121,20171120,210417500,3693.0,77156,2176056,2851671740.0,3694.0,445,3693.0,336
rb1805,20171121,20171120,210418000,3694.0,77358,2176242,2859133580.0,3694.0,346,3693.0,335
rb1805,20171121,20171120,210418500,3693.0,77364,2176244,2859355200.0,3694.0,349,3693.0,333
rb1805,20171121,20171120,210419000,3693.0,77384,2176240,2860093920.0,3694.0,344,3693.0,332
rb1805,20171121,20171120,210419500,3694.0,77394,2176238,2860463280.0,3694.0,343,3693.0,332
rb1805,20171121,20171120,210420000,3693.0,77416,2176224,2861275900.0,3694.0,335,3693.0,331
rb1805,20171121,20171120,210420500,3694.0,77516,2176284,2864969180.0,3694.0,322,3693.0,296
rb1805,20171121,20171120,210421000,3693.0,77518,2176286,2865043040.0,3694.0,322,3693.0,296
rb1805,20171121,20171120,210421500,3694.0,77740,2176284,2873241640.0,3694.0,315,3693.0,194
rb1805,20171121,20171120,210422000,3694.0,77748,2176282,2873537160.0,3694.0,315,3693.0,199
rb1805,20171121,20171120,210422500,3693.0,78192,2176164,2889934080.0,3693.0,291,3692.0,305
rb1805,20171121,20171120,210423000,3692.0,78350,2176092,2895767560.0,3693.0,303,3692.0,238
rb1805,20171121,20171120,210423500,3692.0,78428,2176044,2898647620.0,3693.0,302,3692.0,153
rb1805,20171121,20171120,210424000,3692.0,78460,2176036,2899829320.0,3693.0,289,3692.0,152
rb1805,20171121,20171120,210424500,3693.0,78462,2176036,2899903180.0,3693.0,289,3692.0,152
rb1805,20171121,20171120,210425000,3692.0,78482,2176036,2900641580.0,3693.0,309,3692.0,148
rb1805,20171121,20171120,210425500,3693.0,78638,2176152,2906401240.0,3693.0,305,3692.0,80
rb1805,20171121,20171120,210426000,3693.0,78666,2176150,2907435120.0,3693.0,351,3692.0,82
rb1805,20171121,20171120,210426500,3693.0,78880,2175944,2915338140.0,3693.0,245,3692.0,95
rb1805,20171121,20171120,210427000,3692.0,78930,2175952,2917184260.0,3693.0,243,3692.0,82
rb1805,20171121,20171120,210427500,3693.0,79052,2175952,2921689720.0,3693.0,182,3692.0,125
rb1805,20171121,20171120,210428000,3693.0,79086,2175940,2922945260.0,3693.0,171,3692.0,271
rb1805,20171121,20171120,210428500,3693.0,79096,2175936,2923314560.0,3693.0,167,3692.0,332
rb1805,20171121,20171120,210429000,3693.0,79226,2175946,2928115460.0,3693.0,102,3692.0,333
rb1805,20171121,20171120,210429500,3693.0,79444,2175922,2936166300.0,3694.0,267,3693.0,73
rb1805,20171121,20171120,210430000,3693.0,79448,2175922,2936314020.0,3694.0,287,3693.0,680
rb1805,20171121,20171120,210430500,3694.0,79834,2176154,2950572820.0,3694.0,101,3693.0,896
rb1805,20171121,20171120,210431000,3695.0,80098,2176358,2960325040.0,3695.0,517,3694.0,429
rb1805,20171121,20171120,210431500,3695.0,80332,2176242,2968971240.0,3695.0,396,3694.0,436
rb1805,20171121,20171120,210432000,3695.0,80360,2176254,2970005840.0,3695.0,382,3694.0,438
rb1805,20171121,20171120,210432500,3695.0,80564,2176250,2977543140.0,3695.0,303,3694.0,415
rb1805,20171121,20171120,210433000,3694.0,80590,2176238,2978503660.0,3695.0,300,3694.0,409
rb1805,20171121,20171120,210433500,3694.0,80674,2176212,2981606940.0,3695.0,286,3694.0,383
rb1805,20171121,20171120,210434000,3694.0,80680,2176214,2981828600.0,3695.0,282,3694.0,380
rb1805,20171121,20171120,210434500,3695.0,80782,2176202,2985597080.0,3695.0,255,3694.0,362
rb1805,20171121,20171120,210435000,3694.0,80790,2176200,2985892640.0,3695.0,258,3694.0,364
rb1805,20171121,20171120,210435500,3694.0,80810,2176204,2986631600.0,3695.0,250,3694.0,365
rb1805,20171121,20171120,210436000,3694.0,80816,2176202,2986853240.0,3695.0,252,3694.0,360
rb1805,20171121,20171120,210436500,3695.0,80836,2176214,2987592240.0,3695.0,245,3694.0,377
rb1805,20171121,20171120,210437000,3694.0,80934,2176242,2991213240.0,3695.0,225,3694.0,373
rb1805,20171121,20171120,210437500,3695.0,80966,2176224,2992395500.0,3695.0,216,3694.0,366
rb1805,20171121,20171120,210438000,3695.0,81114,2176238,2997863940.0,3695.0,222,3694.0,354
rb1805,20171121,20171120,210438500,3695.0,81118,2176240,2998011740.0,3695.0,221,3694.0,356
rb1805,20171121,20171120,210439000,3694.0,81126,2176238,2998307280.0,3695.0,228,3694.0,351
rb1805,20171121,20171120,210439500,3695.0,81138,2176248,2998750660.0,3695.0,223,3694.0,353
rb1805,20171121,20171120,210440000,3695.0,81222,2176300,3001854280.0,3695.0,196,3694.0,343
rb1805,20171121,20171120,210440500,3695.0,81260,2176308,3003258320.0,3695.0,181,3694.0,341
rb1805,20171121,20171120,210441000,3695.0,81276,2176312,3003849460.0,3695.0,178,3694.0,345
rb1805,20171121,20171120,210441500,3695.0,81292,2176304,3004440580.0,3695.0,224,3694.0,341
rb1805,20171121,20171120,210442000,3694.0,81312,2176292,3005179460.0,3695.0,227,3694.0,336
rb1805,20171121,20171120,210442500,3695.0,81374,2176288,3007470260.0,3695.0,205,3694.0,334
rb1805,20171121,20171120,210443000,3694.0,81408,2176274,3008726400.0,3695.0,196,3694.0,326
rb1805,20171121,20171120,210443500,3694.0,81518,2176236,3012790440.0,3695.0,172,3694.0,307
rb1805,20171121,20171120,210444000,3695.0,81538,2176232,3013529380.0,3695.0,165,3694.0,305
rb1805,20171121,20171120,210444500,3695.0,81758,2176384,3021658300.0,3695.0,69,3694.0,305
rb1805,20171121,20171120,210445000,3695.0,81914,2176424,3027422480.0,3696.0,517,3695.0,30
rb1805,20171121,20171120,210445500,3696.0,81928,2176424,3027939860.0,3696.0,513,3695.0,42
rb1805,20171121,20171120,210446000,3695.0,82042,2176418,3032152200.0,3695.0,406,3694.0,319
rb1805,20171121,20171120,210446500,3695.0,82060,2176408,3032817260.0,3695.0,402,3694.0,323
rb1805,20171121,20171120,210447000,3695.0,82070,2176406,3033186720.0,3695.0,411,3694.0,321
rb1805,20171121,20171120,210447500,3694.0,82120,2176398,3035034160.0,3695.0,391,3694.0,327
rb1805,20171121,20171120,210448000,3695.0,82132,2176392,3035477520.0,3695.0,388,3694.0,328
rb1805,20171121,20171120,210448500,3694.0,82142,2176392,3035846980.0,3695.0,390,3694.0,334
rb1805,20171121,20171120,210449000,3694.0,82156,2176392,3036364220.0,3695.0,399,3694.0,332
rb1805,20171121,20171120,210449500,3695.0,82170,2176382,3036881480.0,3695.0,395,3694.0,330
rb1805,20171121,20171120,210450000,3694.0,82176,2176386,3037103120.0,3695.0,395,3694.0,323
rb1805,20171121,20171120,210450500,3694.0,82188,2176386,3037546440.0,3695.0,397,3694.0,320
rb1805,20171121,20171120,210451000,3694.0,82190,2176386,3037620320.0,3695.0,404,3694.0,319
rb1805,20171121,20171120,210451500,3694.0,82254,2176376,3039984800.0,3695.0,389,3694.0,310
rb1805,20171121,20171120,210452000,3694.0,82266,2176376,3040428180.0,3695.0,384,3694.0,308
rb1805,20171121,20171120,210452500,3695.0,82294,2176370,3041462700.0,3695.0,373,3694.0,310
rb1805,20171121,20171120,210453000,3694.0,82324,2176362,3042571040.0,3695.0,367,3694.0,305
rb1805,20171121,20171120,210453500,3694.0,82378,2176370,3044565920.0,3695.0,363,3694.0,284
rb1805,20171121,20171120,210454000,3695.0,82390,2176370,3045009320.0,3695.0,357,3694.0,288
rb1805,20171121,20171120,210454500,3695.0,82392,2176370,3045083220.0,3695.0,357,3694.0,288
rb1805,20171121,20171120,210455000,3695.0,82432,2176370,3046561220.0,3695.0,375,3694.0,291
rb1805,20171121,20171120,210455500,3694.0,82448,2176378,3047152300.0,3695.0,380,3694.0,307
rb1805,20171121,20171120,210456000,3695.0,82450,2176376,3047226200.0,3695.0,382,3694.0,306
rb1805,20171121,20171120,210456500,3695.0,82474,2176376,3048112840.0,3695.0,391,3694.0,308
rb1805,20171121,20171120,210457000,3694.0,82494,2176380,3048851680.0,3695.0,395,3694.0,287
rb1805,20171121,20171120,210457500,3695.0,82516,2176366,3049664560.0,3695.0,390,3694.0,317
rb1805,20171121,20171120,210458000,3695.0,82518,2176364,3049738460.0,3695.0,389,3694.0,319
rb1805,20171121,20171120,210458500,3694.0,83168,2176206,3073749480.0,3694.0,188,3693.0,550
rb1805,20171121,20171120,210459000,3694.0,83180,2176196,3074192720.0,3694.0,184,3693.0,538
rb1805,20171121,20171120,210459500,3694.0,83204,2176182,3075079080.0,3694.0,222,3693.0,448
rb1805,20171121,20171120,210500000,3694.0,83222,2176182,3075744000.0,3694.0,238,3693.0,444
rb1805,20171121,20171120,210500500,3693.0,83492,2175926,3085717180.0,3694.0,134,3693.0,411
rb1805,20171121,20171120,210501000,3694.0,83576,2175920,3088819360.0,3694.0,204,3693.0,386
rb1805,20171121,20171120,210501500,3694.0,84202,2176316,3111937720.0,3694.0,201,3693.0,83
rb1805,20171121,20171120,210502000,3693.0,84370,2176262,3118141960.0,3693.0,746,3692.0,393
rb1805,20171121,20171120,210502500,3693.0,84754,2176168,3132319460.0,3693.0,682,3692.0,212
rb1805,20171121,20171120,210503000,3692.0,85178,2176536,3147973540.0,3692.0,8,3691.0,741
rb1805,20171121,20171120,210503500,3691.0,85210,2176544,3149154960.0,3692.0,128,3691.0,740
rb1805,20171121,20171120,210504000,3691.0,85274,2176520,3151517620.0,3692.0,169,3691.0,732
rb1805,20171121,20171120,210504500,3691.0,85288,2176524,3152034360.0,3692.0,191,3691.0,724
rb1805,20171121,20171120,210505000,3692.0,85300,2176530,3152477320.0,3692.0,200,3691.0,716
rb1805,20171121,20171120,210505500,3691.0,85330,2176554,3153584780.0,3692.0,187,3691.0,711
rb1805,20171121,20171120,210506000,3691.0,85354,2176578,3154470720.0,3692.0,161,3691.0,702
rb1805,20171121,20171120,210506500,3692.0,85362,2176582,3154766020.0,3692.0,160,3691.0,707
rb1805,20171121,20171120,210507000,3692.0,85406,2176600,3156390440.0,3692.0,131,3691.0,707
rb1805,20171121,20171120,210507500,3691.0,85460,2176632,3158383760.0,3692.0,122,3691.0,691
rb1805,20171121,20171120,210508000,3692.0,85576,2176656,3162666420.0,3692.0,69,3691.0,688
rb1805,20171121,20171120,210508500,3692.0,85646,2176664,3165250320.0,3692.0,59,3691.0,663
rb1805,20171121,20171120,210509000,3692.0,85654,2176664,3165545620.0,3692.0,59,3691.0,662
rb1805,20171121,20171120,210509500,3692.0,85666,2176662,3165988620.0,3692.0,84,3691.0,658
rb1805,20171121,20171120,210510000,3692.0,85728,2176686,3168277440.0,3692.0,76,3691.0,662
rb1805,20171121,20171120,210510500,3691.0,85736,2176688,3168572720.0,3692.0,84,3691.0,658
rb1805,20171121,20171120,210511000,3691.0,85816,2176754,3171525740.0,3692.0,83,3691.0,611
rb1805,20171121,20171120,210511500,3692.0,86002,2176854,3178391720.0,3692.0,103,3691.0,562
rb1805,20171121,20171120,210512000,3692.0,87010,2176568,3215597040.0,3692.0,100,3691.0,63
rb1805,20171121,20171120,210512500,3691.0,87150,2176644,3220764440.0,3691.0,203,3690.0,1423
rb1805,20171121,20171120,210513000,3691.0,87546,2176668,3235377320.0,3691.0,181,3690.0,1257
rb1805,20171121,20171120,210513500,3691.0,87630,2176728,3238477640.0,3691.0,156,3690.0,1251
rb1805,20171121,20171120,210514000,3691.0,87658,2176754,3239511120.0,3691.0,144,3690.0,1252
rb1805,20171121,20171120,210514500,3691.0,87972,2176544,3251100780.0,3691.0,2,3690.0,1257
rb1805,20171121,20171120,210515000,3692.0,88006,2176520,3252355740.0,3692.0,193,3691.0,121
rb1805,20171121,20171120,210515500,3691.0,88036,2176516,3253463080.0,3692.0,174,3691.0,126
rb1805,20171121,20171120,210516000,3691.0,88106,2176534,3256046880.0,3692.0,119,3691.0,194
rb1805,20171121,20171120,210516500,3691.0,88278,2176560,3262396720.0,3692.0,43,3691.0,185
rb1805,20171121,20171120,210517000,3691.0,88334,2176522,3264464020.0,3692.0,28,3691.0,236
rb1805,20171121,20171120,210517500,3691.0,88358,2176512,3265349920.0,3692.0,53,3691.0,232
rb1805,20171121,20171120,210518000,3692.0,88396,2176504,3266752820.0,3692.0,46,3691.0,303
rb1805,20171121,20171120,210518500,3691.0,88580,2176604,3273545480.0,3692.0,103,3691.0,286
rb1805,20171121,20171120,210519000,3692.0,88670,2176630,3276867820.0,3692.0,85,3691.0,254
rb1805,20171121,20171120,210519500,3692.0,88696,2176642,3277827560.0,3692.0,104,3691.0,237
rb1805,20171121,20171120,210520000,3691.0,88748,2176608,3279747340.0,3692.0,83,3691.0,248
rb1805,20171121,20171120,210520500,3691.0,88756,2176610,3280042620.0,3692.0,89,3691.0,263
rb1805,20171121,20171120,210521000,3691.0,88868,2176712,3284176620.0,3692.0,149,3691.0,223
rb1805,20171121,20171120,210521500,3691.0,89170,2176872,3295323540.0,3692.0,156,3691.0,86
rb1805,20171121,20171120,210522000,3692.0,89188,2176870,3295988040.0,3692.0,178,3691.0,88
rb1805,20171121,20171120,210522500,3691.0,89408,2176816,3304108400.0,3692.0,181,3691.0,1
rb1805,20171121,20171120,210523000,3691.0,89416,2176820,3304403680.0,3691.0,31,3690.0,1288
rb1805,20171121,20171120,210523500,3691.0,89464,2176862,3306175360.0,3691.0,13,3690.0,1290
rb1805,20171121,20171120,210524000,3691.0,89522,2176890,3308316160.0,3692.0,179,3691.0,49
rb1805,20171121,20171120,210524500,3692.0,89578,2176872,3310383340.0,3692.0,156,3691.0,57
rb1805,20171121,20171120,210525000,3691.0,89656,2176842,3313262440.0,3692.0,155,3691.0,20
rb1805,20171121,20171120,210525500,3692.0,89674,2176834,3313926960.0,3692.0,149,3691.0,24
rb1805,20171121,20171120,210526000,3691.0,89690,2176846,3314517520.0,3692.0,151,3691.0,24
rb1805,20171121,20171120,210526500,3691.0,89710,2176856,3315255720.0,3692.0,152,3691.0,33
rb1805,20171121,20171120,210527000,3691.0,89714,2176856,3315403360.0,3692.0,152,3691.0,55
rb1805,20171121,20171120,210527500,3691.0,89770,2176826,3317470520.0,3692.0,145,3691.0,147
rb1805,20171121,20171120,210528000,3691.0,89898,2176854,3322195020.0,3692.0,143,3691.0,142
rb1805,20171121,20171120,210528500,3692.0,89986,2176786,3325443140.0,3692.0,111,3691.0,116
rb1805,20171121,20171120,210529000,3692.0,90068,2176776,3328469960.0,3692.0,101,3691.0,124
rb1805,20171121,20171120,210529500,3692.0,90160,2176798,3331866500.0,3692.0,61,3691.0,116
rb1805,20171121,20171120,210530000,3691.0,90192,2176794,3333047740.0,3692.0,55,3691.0,127
rb1805,20171121,20171120,210530500,3691.0,90202,2176794,3333416840.0,3692.0,106,3691.0,134
rb1805,20171121,20171120,210531000,3692.0,90226,2176808,3334302920.0,3692.0,130,3691.0,157
rb1805,20171121,20171120,210531500,3692.0,90284,2176804,3336443860.0,3692.0,142,3691.0,202
rb1805,20171121,20171120,210532000,3692.0,90322,2176800,3337846660.0,3692.0,131,3691.0,198
rb1805,20171121,20171120,210532500,3691.0,90342,2176802,3338584960.0,3692.0,145,3691.0,285
rb1805,20171121,20171120,210533000,3692.0,90358,2176798,3339175640.0,3692.0,145,3691.0,283
rb1805,20171121,20171120,210533500,3691.0,90382,2176786,3340061520.0,3692.0,155,3691.0,284
rb1805,20171121,20171120,210534000,3691.0,90422,2176748,3341538040.0,3692.0,141,3691.0,274
rb1805,20171121,20171120,210534500,3691.0,90436,2176760,3342054780.0,3692.0,151,3691.0,269
rb1805,20171121,20171120,210535000,3692.0,90444,2176766,3342350140.0,3692.0,155,3691.0,277
rb1805,20171121,20171120,210535500,3691.0,90448,2176766,3342497780.0,3692.0,205,3691.0,276
rb1805,20171121,20171120,210536000,3691.0,90476,2176780,3343531380.0,3692.0,200,3691.0,276
rb1805,20171121,20171120,210536500,3691.0,90478,2176782,3343605200.0,3692.0,207,3691.0,277
rb1805,20171121,20171120,210537000,3691.0,90478,2176782,3343605200.0,3692.0,210,3691.0,287
rb1805,20171121,20171120,210537500,3691.0,90526,2176798,3345377200.0,3692.0,194,3691.0,282
rb1805,20171121,20171120,210538000,3691.0,90532,2176804,3345598680.0,3692.0,196,3691.0,288
rb1805,20171121,20171120,210538500,3692.0,90650,2176872,3349955080.0,3692.0,145,3691.0,317
rb1805,20171121,20171120,210539000,3692.0,90680,2176858,3351062440.0,3692.0,142,3691.0,310
rb1805,20171121,20171120,210539500,3691.0,90694,2176852,3351579280.0,3692.0,137,3691.0,311
rb1805,20171121,20171120,210540000,3691.0,90710,2176864,3352169880.0,3692.0,151,3691.0,315
rb1805,20171121,20171120,210540500,3691.0,90736,2176876,3353129540.0,3692.0,157,3691.0,403
rb1805,20171121,20171120,210541000,3691.0,90746,2176882,3353498640.0,3692.0,163,3691.0,401
rb1805,20171121,20171120,210541500,3691.0,90772,2176884,3354458300.0,3692.0,164,3691.0,400
rb1805,20171121,20171120,210542000,3692.0,91014,2176998,3363392820.0,3692.0,50,3691.0,415
rb1805,20171121,20171120,210542500,3692.0,91126,2176992,3367527860.0,3693.0,521,3692.0,26
rb1805,20171121,20171120,210543000,3692.0,91138,2176992,3367970900.0,3693.0,522,3692.0,38
rb1805,20171121,20171120,210543500,3692.0,91156,2177004,3368635480.0,3693.0,520,3692.0,91
rb1805,20171121,20171120,210544000,3692.0,91160,2177006,3368783160.0,3693.0,522,3692.0,100
rb1805,20171121,20171120,210544500,3692.0,91172,2177002,3369226200.0,3693.0,523,3692.0,94
rb1805,20171121,20171120,210545000,3692.0,91176,2177002,3369373880.0,3693.0,525,3692.0,91
rb1805,20171121,20171120,210545500,3692.0,91220,2177002,3370998760.0,3693.0,505,3692.0,92
rb1805,20171121,20171120,210546000,3693.0,91244,2176998,3371884880.0,3693.0,505,3692.0,92
rb1805,20171121,20171120,210546500,3692.0,91352,2176994,3375872540.0,3693.0,491,3692.0,54
rb1805,20171121,20171120,210547000,3692.0,91366,2176984,3376389420.0,3693.0,491,3692.0,47
rb1805,20171121,20171120,210547500,3692.0,91384,2176970,3377053980.0,3693.0,491,3692.0,47
rb1805,20171121,20171120,210548000,3692.0,91484,2176934,3380745980.0,3692.0,28,3691.0,507
rb1805,20171121,20171120,210548500,3691.0,91514,2176956,3381853300.0,3692.0,65,3691.0,496
rb1805,20171121,20171120,210549000,3691.0,91514,2176956,3381853300.0,3692.0,86,3691.0,497
rb1805,20171121,20171120,210549500,3692.0,91578,2176926,3384216160.0,3692.0,62,3691.0,496
rb1805,20171121,20171120,210550000,3692.0,91590,2176924,3384659160.0,3692.0,93,3691.0,506
rb1805,20171121,20171120,210550500,3691.0,91606,2176922,3385249800.0,3692.0,89,3691.0,513
rb1805,20171121,20171120,210551000,3691.0,91626,2176934,3385988080.0,3692.0,63,3691.0,509
rb1805,20171121,20171120,210551500,3692.0,91640,2176936,3386504960.0,3692.0,57,3691.0,511
rb1805,20171121,20171120,210552000,3691.0,91668,2176960,3387538560.0,3692.0,55,3691.0,504
rb1805,20171121,20171120,210552500,3692.0,91728,2176956,3389753760.0,3692.0,25,3691.0,506
rb1805,20171121,20171120,210553000,3692.0,91864,2176954,3394774840.0,3692.0,71,3691.0,506
rb1805,20171121,20171120,210553500,3692.0,92002,2177084,3399868520.0,3692.0,141,3691.0,441
rb1805,20171121,20171120,210554000,3692.0,92022,2177094,3400606900.0,3692.0,133,3691.0,442
rb1805,20171121,20171120,210554500,3692.0,92026,2177096,3400754580.0,3692.0,200,3691.0,442
rb1805,20171121,20171120,210555000,3692.0,92086,2177152,3402969640.0,3692.0,270,3691.0,435
rb1805,20171121,20171120,210555500,3692.0,92092,2177156,3403191160.0,3692.0,269,3691.0,405
rb1805,20171121,20171120,210556000,3691.0,92108,2177162,3403781760.0,3692.0,277,3691.0,400
rb1805,20171121,20171120,210556500,3692.0,92116,2177166,3404077080.0,3692.0,276,3691.0,404
rb1805,20171121,20171120,210557000,3692.0,92126,2177166,3404446280.0,3692.0,275,3691.0,406
rb1805,20171121,20171120,210557500,3691.0,92236,2177264,3408506400.0,3692.0,286,3691.0,350
rb1805,20171121,20171120,210558000,3691.0,92238,2177264,3408580220.0,3692.0,286,3691.0,357
rb1805,20171121,20171120,210558500,3691.0,92282,2177264,3410204400.0,3692.0,282,3691.0,344
rb1805,20171121,20171120,210559000,3691.0,92304,2177278,3411016440.0,3692.0,282,3691.0,338
rb1805,20171121,20171120,210559500,3691.0,92310,2177276,3411237920.0,3692.0,338,3691.0,336
rb1805,20171121,20171120,210600000,3692.0,92338,2177286,3412271580.0,3692.0,337,3691.0,331
rb1805,20171121,20171120,210600500,3691.0,92380,2177280,3413821800.0,3692.0,409,3691.0,324
rb1805,20171121,20171120,210601000,3692.0,92446,2177310,3416258340.0,3692.0,368,3691.0,317
rb1805,20171121,20171120,210601500,3691.0,92482,2177308,3417587100.0,3692.0,379,3691.0,302
rb1805,20171121,20171120,210602000,3692.0,92518,2177310,3418916220.0,3692.0,417,3691.0,301
rb1805,20171121,20171120,210602500,3692.0,92530,2177300,3419359160.0,3692.0,416,3691.0,299
rb1805,20171121,20171120,210603000,3692.0,92560,2177306,3420466540.0,3692.0,432,3691.0,290
rb1805,20171121,20171120,210603500,3691.0,92566,2177310,3420688040.0,3692.0,431,3691.0,290
rb1805,20171121,20171120,210604000,3692.0,92786,2177402,3428810420.0,3692.0,337,3691.0,290
rb1805,20171121,20171120,210604500,3692.0,93000,2177482,3436711260.0,3692.0,234,3691.0,301
rb1805,20171121,20171120,210605000,3692.0,93188,2177436,3443651820.0,3692.0,171,3691.0,284
rb1805,20171121,20171120,210605500,3691.0,93200,2177436,3444094800.0,3692.0,171,3691.0,273
rb1805,20171121,20171120,210606000,3692.0,93224,2177420,3444980860.0,3692.0,278,3691.0,276
rb1805,20171121,20171120,210606500,3692.0,93236,2177414,3445423880.0,3692.0,273,3691.0,282
rb1805,20171121,20171120,210607000,3691.0,93262,2177398,3446383780.0,3692.0,263,3691.0,283
rb1805,20171121,20171120,210607500,3691.0,93272,2177396,3446752920.0,3692.0,261,3691.0,287
rb1805,20171121,20171120,210608000,3692.0,93280,2177396,3447048280.0,3692.0,263,3691.0,288
rb1805,20171121,20171120,210608500,3691.0,93338,2177358,3449189520.0,3692.0,241,3691.0,283
rb1805,20171121,20171120,210609000,3691.0,93368,2177358,3450296840.0,3692.0,241,3691.0,270
rb1805,20171121,20171120,210609500,3691.0,93560,2177306,3457384560.0,3692.0,196,3691.0,233
rb1805,20171121,20171120,210610000,3692.0,93570,2177302,3457753700.0,3692.0,196,3691.0,233
rb1805,20171121,20171120,210610500,3692.0,93622,2177306,3459673220.0,3692.0,195,3691.0,218
rb1805,20171121,20171120,210611000,3692.0,93658,2177342,3461002040.0,3692.0,193,3691.0,206
rb1805,20171121,20171120,210611500,3692.0,93680,2177346,3461814100.0,3692.0,206,3691.0,209
rb1805,20171121,20171120,210612000,3692.0,93730,2177354,3463660040.0,3692.0,184,3691.0,219
rb1805,20171121,20171120,210612500,3692.0,93756,2177360,3464619840.0,3692.0,177,3691.0,226
rb1805,20171121,20171120,210613000,3692.0,93762,2177360,3464841320.0,3692.0,189,3691.0,225
rb1805,20171121,20171120,210613500,3692.0,93790,2177374,3465875020.0,3692.0,179,3691.0,222
rb1805,20171121,20171120,210614000,3692.0,93818,2177374,3466908780.0,3692.0,172,3691.0,228
rb1805,20171121,20171120,210614500,3692.0,93824,2177370,3467130280.0,3692.0,170,3691.0,234
rb1805,20171121,20171120,210615000,3692.0,93826,2177368,3467204120.0,3692.0,170,3691.0,238
rb1805,20171121,20171120,210615500,3691.0,93842,2177360,3467794680.0,3692.0,170,3691.0,234
rb1805,20171121,20171120,210616000,3692.0,93852,2177358,3468163860.0,3692.0,169,3691.0,334
rb1805,20171121,20171120,210616500,3691.0,93868,2177350,3468754420.0,3692.0,176,3691.0,329
rb1805,20171121,20171120,210617000,3691.0,93882,2177342,3469271260.0,3692.0,171,3691.0,327
rb1805,20171121,20171120,210617500,3692.0,93946,2177334,3471634120.0,3692.0,141,3691.0,332
rb1805,20171121,20171120,210618000,3691.0,93964,2177334,3472298560.0,3692.0,139,3691.0,335
rb1805,20171121,20171120,210618500,3691.0,94040,2177310,3475104220.0,3692.0,114,3691.0,323
rb1805,20171121,20171120,210619000,3693.0,94300,2177452,3484703220.0,3693.0,571,3692.0,25
rb1805,20171121,20171120,210619500,3693.0,94308,2177448,3484998620.0,3693.0,581,3692.0,109
rb1805,20171121,20171120,210620000,3692.0,94334,2177456,3485958600.0,3693.0,465,3692.0,213
rb1805,20171121,20171120,210620500,3692.0,94344,2177462,3486327840.0,3693.0,463,3692.0,252
rb1805,20171121,20171120,210621000,3693.0,94366,2177462,3487140300.0,3693.0,452,3692.0,250
rb1805,20171121,20171120,210621500,3693.0,94370,2177464,3487288020.0,3693.0,405,3692.0,250
rb1805,20171121,20171120,210622000,3693.0,94382,2177474,3487731140.0,3693.0,402,3692.0,249
rb1805,20171121,20171120,210622500,3692.0,94392,2177476,3488100360.0,3693.0,402,3692.0,254
rb1805,20171121,20171120,210623000,3692.0,94404,2177486,3488543420.0,3693.0,403,3692.0,249
rb1805,20171121,20171120,210623500,3692.0,94442,2177504,3489946520.0,3693.0,386,3692.0,256
rb1805,20171121,20171120,210624000,3692.0,94472,2177508,3491054380.0,3693.0,373,3692.0,255
rb1805,20171121,20171120,210624500,3693.0,94488,2177510,3491645220.0,3693.0,367,3692.0,261
rb1805,20171121,20171120,210625000,3693.0,94494,2177514,3491866760.0,3693.0,367,3692.0,262
rb1805,20171121,20171120,210625500,3692.0,95032,2177224,3511729720.0,3692.0,237,3691.0,330
rb1805,20171121,20171120,210626000,3692.0,95046,2177222,3512246560.0,3692.0,237,3691.0,329
rb1805,20171121,20171120,210626500,3692.0,95058,2177220,3512689580.0,3692.0,235,3691.0,340
rb1805,20171121,20171120,210627000,3692.0,95062,2177220,3512837260.0,3692.0,243,3691.0,339
rb1805,20171121,20171120,210627500,3692.0,95072,2177212,3513206460.0,3692.0,243,3691.0,343
rb1805,20171121,20171120,210628000,3691.0,95092,2177218,3513944660.0,3692.0,245,3691.0,333
rb1805,20171121,20171120,210628500,3692.0,95108,2177210,3514535380.0,3692.0,237,3691.0,332
rb1805,20171121,20171120,210629000,3692.0,95122,2177206,3515052160.0,3692.0,236,3691.0,327
rb1805,20171121,20171120,210629500,3691.0,95284,2177134,3521032720.0,3692.0,182,3691.0,302
rb1805,20171121,20171120,210630000,3692.0,95298,2177124,3521549600.0,3692.0,176,3691.0,306
rb1805,20171121,20171120,210630500,3692.0,95408,2177120,3525610800.0,3692.0,186,3691.0,310
rb1805,20171121,20171120,210631000,3692.0,95414,2177118,3525832320.0,3692.0,183,3691.0,311
rb1805,20171121,20171120,210631500,3692.0,95458,2177114,3527456740.0,3692.0,166,3691.0,308
rb1805,20171121,20171120,210632000,3692.0,95470,2177110,3527899780.0,3692.0,160,3691.0,313
rb1805,20171121,20171120,210632500,3692.0,95486,2177100,3528490480.0,3692.0,155,3691.0,314
rb1805,20171121,20171120,210633000,3692.0,95486,2177100,3528490480.0,3692.0,165,3691.0,316
rb1805,20171121,20171120,210633500,3692.0,95502,2177088,3529081180.0,3692.0,164,3691.0,317
rb1805,20171121,20171120,210634000,3692.0,95506,2177088,3529228860.0,3692.0,162,3691.0,317
rb1805,20171121,20171120,210634500,3692.0,95526,2177088,3529967240.0,3692.0,160,3691.0,318
rb1805,20171121,20171120,210635000,3692.0,95564,2177100,3531369980.0,3692.0,143,3691.0,310
rb1805,20171121,20171120,210635500,3691.0,95588,2177088,3532255840.0,3692.0,159,3691.0,301
rb1805,20171121,20171120,210636000,3692.0,95768,2177086,3538900900.0,3692.0,88,3691.0,297
rb1805,20171121,20171120,210636500,3692.0,95786,2177082,3539565460.0,3692.0,129,3691.0,297
rb1805,20171121,20171120,210637000,3692.0,95824,2177070,3540968220.0,3692.0,126,3691.0,291
rb1805,20171121,20171120,210637500,3692.0,95840,2177076,3541558840.0,3692.0,129,3691.0,288
rb1805,20171121,20171120,210638000,3691.0,95934,2177050,3545028980.0,3692.0,89,3691.0,272
rb1805,20171121,20171120,210638500,3692.0,96120,2177134,3551896040.0,3693.0,480,3692.0,27
rb1805,20171121,20171120,210639000,3692.0,96136,2177150,3552486760.0,3693.0,498,3692.0,71
rb1805,20171121,20171120,210639500,3692.0,96170,2177184,3553742040.0,3693.0,500,3692.0,121
rb1805,20171121,20171120,210640000,3692.0,96420,2177272,3562972040.0,3692.0,7,3691.0,275
rb1805,20171121,20171120,210640500,3693.0,96482,2177316,3565261500.0,3693.0,428,3692.0,5
rb1805,20171121,20171120,210641000,3692.0,96504,2177318,3566073860.0,3693.0,424,3692.0,4
rb1805,20171121,20171120,210641500,3692.0,96514,2177318,3566443080.0,3692.0,1,3691.0,370
rb1805,20171121,20171120,210642000,3692.0,96536,2177332,3567255320.0,3692.0,6,3691.0,381
rb1805,20171121,20171120,210642500,3692.0,96568,2177354,3568436740.0,3693.0,423,3691.0,381
rb1805,20171121,20171120,210643000,3692.0,96568,2177354,3568436740.0,3693.0,423,3692.0,1
rb1805,20171121,20171120,210643500,3691.0,96622,2177366,3570430340.0,3692.0,61,3691.0,381
rb1805,20171121,20171120,210644000,3692.0,96680,2177420,3572571700.0,3692.0,35,3691.0,383
rb1805,20171121,20171120,210644500,3692.0,96708,2177442,3573605420.0,3692.0,45,3691.0,381
rb1805,20171121,20171120,210645000,3692.0,96724,2177448,3574196120.0,3692.0,68,3691.0,382
rb1805,20171121,20171120,210645500,3692.0,96868,2177510,3579512440.0,3692.0,53,3691.0,389
rb1805,20171121,20171120,210646000,3692.0,96916,2177498,3581284300.0,3692.0,50,3691.0,393
rb1805,20171121,20171120,210646500,3692.0,96946,2177494,3582391880.0,3692.0,50,3691.0,402
rb1805,20171121,20171120,210647000,3692.0,96972,2177492,3583351800.0,3692.0,37,3691.0,416
rb1805,20171121,20171120,210647500,3693.0,97484,2177714,3602251100.0,3693.0,408,3691.0,218
rb1805,20171121,20171120,210648000,3693.0,97676,2177530,3609341660.0,3693.0,313,3692.0,3
rb1805,20171121,20171120,210648500,3692.0,97682,2177528,3609563200.0,3693.0,332,3692.0,22
rb1805,20171121,20171120,210649000,3692.0,97684,2177528,3609637040.0,3693.0,312,3692.0,61
rb1805,20171121,20171120,210649500,3692.0,97708,2177508,3610523120.0,3693.0,318,3692.0,61
rb1805,20171121,20171120,210650000,3693.0,97714,2177510,3610744680.0,3693.0,322,3692.0,80
rb1805,20171121,20171120,210650500,3692.0,97758,2177506,3612369160.0,3693.0,322,3692.0,68
rb1805,20171121,20171120,210651000,3693.0,97792,2177502,3613624720.0,3693.0,308,3692.0,66
rb1805,20171121,20171120,210651500,3693.0,97796,2177500,3613772420.0,3693.0,306,3692.0,66
rb1805,20171121,20171120,210652000,3692.0,97800,2177496,3613920100.0,3693.0,305,3692.0,90
rb1805,20171121,20171120,210652500,3692.0,97804,2177496,3614067780.0,3693.0,304,3692.0,90
rb1805,20171121,20171120,210653000,3692.0,97860,2177458,3616135340.0,3693.0,300,3692.0,72
rb1805,20171121,20171120,210653500,3693.0,97894,2177462,3617390680.0,3693.0,297,3692.0,59
rb1805,20171121,20171120,210654000,3692.0,97912,2177456,3618055240.0,3693.0,302,3692.0,52
rb1805,20171121,20171120,210654500,3692.0,97932,2177452,3618793640.0,3693.0,303,3692.0,45
rb1805,20171121,20171120,210655000,3692.0,97940,2177454,3619089020.0,3693.0,305,3692.0,42
rb1805,20171121,20171120,210655500,3693.0,98008,2177448,3621599780.0,3693.0,295,3692.0,26
rb1805,20171121,20171120,210656000,3692.0,98018,2177448,3621969000.0,3693.0,294,3692.0,25
rb1805,20171121,20171120,210656500,3692.0,98052,2177446,3623224280.0,3693.0,294,3692.0,42
rb1805,20171121,20171120,210657000,3692.0,98054,2177448,3623298120.0,3693.0,293,3692.0,49
rb1805,20171121,20171120,210657500,3693.0,98092,2177474,3624701120.0,3693.0,298,3692.0,32
rb1805,20171121,20171120,210658000,3693.0,98126,2177472,3625956620.0,3693.0,287,3692.0,36
rb1805,20171121,20171120,210658500,3693.0,98146,2177458,3626695180.0,3693.0,282,3692.0,39
rb1805,20171121,20171120,210659000,3693.0,98546,2177294,3641467180.0,3693.0,92,3692.0,126
rb1805,20171121,20171120,210659500,3693.0,98770,2177364,3649739880.0,3694.0,328,3693.0,302
rb1805,20171121,20171120,210700000,3693.0,98992,2177358,3657940540.0,3694.0,206,3693.0,304
rb1805,20171121,20171120,210700500,3694.0,99148,2177436,3663702900.0,3694.0,152,3693.0,333
rb1805,20171121,20171120,210701000,3693.0,99248,2177432,3667396880.0,3694.0,103,3693.0,335
rb1805,20171121,20171120,210701500,3694.0,99476,2177288,3675819140.0,3695.0,702,3694.0,39
rb1805,20171121,20171120,210702000,3694.0,99524,2177240,3677592660.0,3695.0,707,3694.0,46
rb1805,20171121,20171120,210702500,3694.0,99530,2177234,3677814300.0,3695.0,707,3694.0,78
rb1805,20171121,20171120,210703000,3694.0,99576,2177194,3679513760.0,3695.0,700,3694.0,75
rb1805,20171121,20171120,210703500,3695.0,99582,2177188,3679735460.0,3695.0,699,3694.0,96
rb1805,20171121,20171120,210704000,3695.0,99758,2177014,3686238640.0,3695.0,613,3694.0,103
rb1805,20171121,20171120,210704500,3695.0,99762,2177012,3686386440.0,3695.0,612,3694.0,124
rb1805,20171121,20171120,210705000,3695.0,99852,2176928,3689711920.0,3695.0,568,3694.0,160
rb1805,20171121,20171120,210705500,3695.0,99886,2176918,3690968160.0,3695.0,553,3694.0,173
rb1805,20171121,20171120,210706000,3695.0,99990,2176844,3694810920.0,3695.0,498,3694.0,232
rb1805,20171121,20171120,210706500,3694.0,100856,2176940,3726809480.0,3695.0,73,3694.0,227
rb1805,20171121,20171120,210707000,3696.0,101028,2176950,3733164920.0,3696.0,605,3695.0,396
rb1805,20171121,20171120,210707500,3696.0,101176,2176922,3738634820.0,3696.0,542,3695.0,337
rb1805,20171121,20171120,210708000,3696.0,101188,2176924,3739078320.0,3696.0,532,3695.0,342
rb1805,20171121,20171120,210708500,3695.0,101244,2176922,3741147880.0,3696.0,513,3695.0,335
rb1805,20171121,20171120,210709000,3695.0,101310,2176924,3743587060.0,3696.0,490,3695.0,360
rb1805,20171121,20171120,210709500,3696.0,101348,2176920,3744991500.0,3696.0,473,3695.0,359
rb1805,20171121,20171120,210710000,3696.0,101360,2176924,3745435000.0,3696.0,469,3695.0,356
rb1805,20171121,20171120,210710500,3696.0,101394,2176952,3746691440.0,3696.0,470,3695.0,347
rb1805,20171121,20171120,210711000,3696.0,101412,2176948,3747356720.0,3696.0,464,3695.0,348
rb1805,20171121,20171120,210711500,3696.0,101524,2177034,3751496040.0,3696.0,422,3695.0,340
rb1805,20171121,20171120,210712000,3696.0,101554,2177050,3752604680.0,3696.0,416,3695.0,332
rb1805,20171121,20171120,210712500,3695.0,101584,2177076,3753713400.0,3696.0,407,3695.0,328
rb1805,20171121,20171120,210713000,3696.0,101842,2177290,3763248920.0,3696.0,290,3695.0,293
rb1805,20171121,20171120,210713500,3696.0,101956,2177342,3767461760.0,3696.0,262,3695.0,251
rb1805,20171121,20171120,210714000,3696.0,102112,2177478,3773226720.0,3696.0,231,3695.0,225
rb1805,20171121,20171120,210714500,3696.0,102140,2177492,3774261580.0,3696.0,238,3695.0,219
rb1805,20171121,20171120,210715000,3696.0,102170,2177514,3775370380.0,3696.0,241,3695.0,222
rb1805,20171121,20171120,210715500,3696.0,102180,2177522,3775739960.0,3696.0,244,3695.0,241
rb1805,20171121,20171120,210716000,3696.0,102210,2177524,3776848740.0,3696.0,243,3695.0,240
rb1805,20171121,20171120,210716500,3695.0,102236,2177528,3777809640.0,3696.0,236,3695.0,243
rb1805,20171121,20171120,210717000,3695.0,102408,2177672,3784166700.0,3696.0,160,3695.0,246
rb1805,20171121,20171120,210717500,3696.0,102418,2177672,3784536240.0,3696.0,163,3695.0,245
rb1805,20171121,20171120,210718000,3695.0,102564,2177732,3789932340.0,3696.0,113,3695.0,247
rb1805,20171121,20171120,210718500,3696.0,102820,2177812,3799394040.0,3697.0,556,3696.0,40
rb1805,20171121,20171120,210719000,3697.0,102892,2177776,3802055220.0,3697.0,454,3696.0,104
rb1805,20171121,20171120,210719500,3696.0,103022,2177786,3806861220.0,3697.0,395,3696.0,121
rb1805,20171121,20171120,210720000,3697.0,103048,2177780,3807822340.0,3697.0,268,3696.0,134
rb1805,20171121,20171120,210720500,3696.0,103064,2177788,3808413720.0,3697.0,268,3696.0,128
rb1805,20171121,20171120,210721000,3697.0,103084,2177790,3809153020.0,3697.0,265,3696.0,129
rb1805,20171121,20171120,210721500,3697.0,103280,2177824,3816398720.0,3697.0,205,3696.0,125
rb1805,20171121,20171120,210722000,3696.0,103342,2177774,3818690820.0,3697.0,177,3696.0,136
rb1805,20171121,20171120,210722500,3696.0,103354,2177772,3819134420.0,3697.0,179,3696.0,148
rb1805,20171121,20171120,210723000,3696.0,103442,2177774,3822387680.0,3697.0,149,3696.0,151
rb1805,20171121,20171120,210723500,3697.0,103494,2177772,3824309960.0,3697.0,133,3696.0,145
rb1805,20171121,20171120,210724000,3697.0,103734,2177740,3833181540.0,3697.0,77,3696.0,84
rb1805,20171121,20171120,210724500,3697.0,103910,2177778,3839687900.0,3697.0,14,3696.0,76
rb1805,20171121,20171120,210725000,3697.0,104000,2177828,3843015220.0,3698.0,598,3697.0,20
rb1805,20171121,20171120,210725500,3697.0,104094,2177890,3846490160.0,3697.0,109,3696.0,56
rb1805,20171121,20171120,210726000,3697.0,104342,2177934,3855658720.0,3697.0,74,3696.0,67
rb1805,20171121,20171120,210726500,3697.0,104572,2177922,3864161800.0,3697.0,4,3696.0,66
rb1805,20171121,20171120,210727000,3697.0,104708,2178022,3869190720.0,3698.0,543,3697.0,51
rb1805,20171121,20171120,210727500,3697.0,104830,2177966,3873701060.0,3698.0,541,3697.0,19
rb1805,20171121,20171120,210728000,3697.0,104958,2177964,3878433620.0,3698.0,521,3697.0,44
rb1805,20171121,20171120,210728500,3698.0,105204,2177974,3887530140.0,3698.0,429,3697.0,39
rb1805,20171121,20171120,210729000,3698.0,105268,2177978,3889896660.0,3698.0,409,3697.0,107
rb1805,20171121,20171120,210729500,3698.0,106152,2178354,3922587060.0,3699.0,236,3698.0,43
rb1805,20171121,20171120,210730000,3699.0,106390,2178404,3931388840.0,3699.0,158,3697.0,115
rb1805,20171121,20171120,210730500,3698.0,106450,2178400,3933608040.0,3699.0,146,3698.0,61
rb1805,20171121,20171120,210731000,3698.0,106514,2178390,3935974960.0,3699.0,137,3698.0,67
rb1805,20171121,20171120,210731500,3698.0,106558,2178402,3937602400.0,3699.0,122,3698.0,66
rb1805,20171121,20171120,210732000,3699.0,106672,2178382,3941819060.0,3699.0,88,3698.0,61
rb1805,20171121,20171120,210732500,3699.0,106806,2178386,3946775660.0,3699.0,27,3698.0,59
rb1805,20171121,20171120,210733000,3699.0,106908,2178374,3950548300.0,3699.0,62,3698.0,62
rb1805,20171121,20171120,210733500,3699.0,106956,2178388,3952323660.0,3699.0,237,3698.0,60
rb1805,20171121,20171120,210734000,3698.0,107138,2178314,3959054020.0,3698.0,152,3697.0,146
rb1805,20171121,20171120,210734500,3697.0,107232,2178306,3962530120.0,3698.0,25,3697.0,143
rb1805,20171121,20171120,210735000,3698.0,107266,2178296,3963787440.0,3698.0,12,3697.0,143
rb1805,20171121,20171120,210735500,3698.0,107288,2178288,3964600980.0,3698.0,6,3697.0,175
rb1805,20171121,20171120,210736000,3698.0,107348,2178298,3966820020.0,3698.0,5,3697.0,176
rb1805,20171121,20171120,210736500,3698.0,107386,2178278,3968225240.0,3699.0,356,3698.0,14
rb1805,20171121,20171120,210737000,3698.0,107406,2178262,3968964840.0,3699.0,359,3698.0,14
rb1805,20171121,20171120,210737500,3699.0,107492,2178268,3972145280.0,3699.0,354,3698.0,26
rb1805,20171121,20171120,210738000,3698.0,107612,2178212,3976583020.0,3699.0,351,3698.0,32
rb1805,20171121,20171120,210738500,3698.0,107724,2178166,3980724780.0,3698.0,37,3697.0,163
rb1805,20171121,20171120,210739000,3698.0,107784,2178154,3982943580.0,3698.0,26,3697.0,167
rb1805,20171121,20171120,210739500,3698.0,107874,2178150,3986271360.0,3698.0,26,3697.0,157
rb1805,20171121,20171120,210740000,3698.0,107910,2178142,3987602580.0,3698.0,121,3697.0,196
rb1805,20171121,20171120,210740500,3697.0,107924,2178148,3988120220.0,3698.0,122,3697.0,196
rb1805,20171121,20171120,210741000,3698.0,107960,2178154,3989451500.0,3698.0,138,3697.0,255
rb1805,20171121,20171120,210741500,3698.0,108038,2178220,3992335900.0,3698.0,128,3697.0,254
rb1805,20171121,20171120,210742000,3697.0,108238,2178276,3999730580.0,3698.0,105,3697.0,213
rb1805,20171121,20171120,210742500,3698.0,108330,2178268,4003132240.0,3698.0,150,3697.0,189
rb1805,20171121,20171120,210743000,3697.0,108398,2178268,4005646620.0,3698.0,139,3697.0,179
rb1805,20171121,20171120,210743500,3698.0,108434,2178290,4006977800.0,3698.0,148,3697.0,189
rb1805,20171121,20171120,210744000,3698.0,108558,2178266,4011563220.0,3698.0,97,3697.0,197
rb1805,20171121,20171120,210744500,3698.0,108724,2178298,4017701660.0,3698.0,38,3697.0,186
rb1805,20171121,20171120,210745000,3698.0,108808,2178286,4020807980.0,3698.0,17,3697.0,187
rb1805,20171121,20171120,210745500,3698.0,108852,2178280,4022435080.0,3698.0,28,3697.0,199
rb1805,20171121,20171120,210746000,3697.0,108914,2178224,4024727800.0,3698.0,16,3697.0,208
rb1805,20171121,20171120,210746500,3698.0,108966,2178204,4026650560.0,3698.0,35,3697.0,302
rb1805,20171121,20171120,210747000,3698.0,109072,2178132,4030570400.0,3699.0,433,3698.0,25
rb1805,20171121,20171120,210747500,3698.0,109132,2178084,4032789200.0,3699.0,299,3698.0,10
rb1805,20171121,20171120,210748000,3698.0,109200,2178060,4035303920.0,3698.0,34,3697.0,279
rb1805,20171121,20171120,210748500,3698.0,109248,2178046,4037078940.0,3698.0,45,3697.0,279
rb1805,20171121,20171120,210749000,3697.0,109386,2178030,4042181120.0,3698.0,57,3697.0,246
rb1805,20171121,20171120,210749500,3698.0,109478,2178046,4045583280.0,3698.0,56,3697.0,264
rb1805,20171121,20171120,210750000,3698.0,109566,2178074,4048837520.0,3698.0,25,3697.0,266
rb1805,20171121,20171120,210750500,3698.0,109616,2178038,4050686520.0,3699.0,301,3698.0,10
rb1805,20171121,20171120,210751000,3698.0,109724,2177954,4054680360.0,3698.0,19,3697.0,336
rb1805,20171121,20171120,210751500,3697.0,109744,2177952,4055419900.0,3698.0,16,3697.0,338
rb1805,20171121,20171120,210752000,3698.0,109762,2177942,4056085520.0,3698.0,9,3697.0,238
rb1805,20171121,20171120,210752500,3698.0,109822,2177958,4058304320.0,3698.0,87,3697.0,241
rb1805,20171121,20171120,210753000,3698.0,109842,2177956,4059043860.0,3698.0,84,3697.0,241
rb1805,20171121,20171120,210753500,3697.0,109898,2177928,4061114700.0,3698.0,68,3697.0,239
rb1805,20171121,20171120,210754000,3698.0,109918,2177924,4061854260.0,3698.0,74,3697.0,244
rb1805,20171121,20171120,210754500,3698.0,110090,2177828,4068214780.0,3699.0,317,3698.0,142
rb1805,20171121,20171120,210755000,3698.0,110256,2177824,4074353460.0,3699.0,313,3698.0,129
rb1805,20171121,20171120,210755500,3698.0,110402,2177722,4079752840.0,3699.0,298,3698.0,74
rb1805,20171121,20171120,210756000,3698.0,110574,2177726,4086113380.0,3698.0,24,3697.0,249
rb1805,20171121,20171120,210756500,3698.0,110588,2177732,4086631000.0,3698.0,39,3697.0,252
rb1805,20171121,20171120,210757000,3698.0,110602,2177718,4087148720.0,3698.0,55,3697.0,262
rb1805,20171121,20171120,210757500,3699.0,110742,2177648,4092326080.0,3699.0,290,3698.0,149
rb1805,20171121,20171120,210758000,3699.0,110796,2177618,4094323400.0,3699.0,280,3698.0,158
rb1805,20171121,20171120,210758500,3698.0,110890,2177596,4097799720.0,3699.0,277,3698.0,163
rb1805,20171121,20171120,210759000,3698.0,110916,2177592,4098761220.0,3699.0,283,3698.0,178
rb1805,20171121,20171120,210759500,3699.0,110948,2177588,4099944640.0,3699.0,285,3698.0,189
rb1805,20171121,20171120,210800000,3699.0,111014,2177572,4102385880.0,3699.0,260,3698.0,188
rb1805,20171121,20171120,210800500,3699.0,111466,2177808,4119105140.0,3699.0,48,3698.0,179
rb1805,20171121,20171120,210801000,3699.0,111608,2177804,4124357260.0,3699.0,2,3698.0,156
rb1805,20171121,20171120,210801500,3699.0,111638,2177818,4125466960.0,3700.0,1356,3699.0,24
rb1805,20171121,20171120,210802000,3699.0,111792,2177872,4131163820.0,3700.0,1339,3699.0,1
rb1805,20171121,20171120,210802500,3699.0,111850,2177842,4133308920.0,3699.0,43,3698.0,160
rb1805,20171121,20171120,210803000,3699.0,111898,2177826,4135084360.0,3699.0,80,3698.0,151
rb1805,20171121,20171120,210803500,3699.0,111950,2177822,4137007840.0,3699.0,54,3698.0,151
rb1805,20171121,20171120,210804000,3699.0,112000,2177802,4138856940.0,3699.0,55,3698.0,133
rb1805,20171121,20171120,210804500,3699.0,112074,2177872,4141594200.0,3699.0,36,3698.0,151
rb1805,20171121,20171120,210805000,3698.0,112104,2177880,4142703880.0,3699.0,49,3698.0,151
rb1805,20171121,20171120,210805500,3698.0,112184,2177896,4145663000.0,3699.0,15,3698.0,148
rb1805,20171121,20171120,210806000,3699.0,112238,2177904,4147660480.0,3700.0,1361,3699.0,52
rb1805,20171121,20171120,210806500,3699.0,112270,2177920,4148844160.0,3700.0,1370,3699.0,128
rb1805,20171121,20171120,210807000,3699.0,112324,2177914,4150841700.0,3700.0,1369,3699.0,139
rb1805,20171121,20171120,210807500,3700.0,112596,2178124,4160905420.0,3700.0,1248,3699.0,177
rb1805,20171121,20171120,210808000,3700.0,113166,2178092,4181994440.0,3700.0,1015,3699.0,142
rb1805,20171121,20171120,210808500,3699.0,114558,2179178,4233498340.0,3700.0,328,3699.0,177
rb1805,20171121,20171120,210809000,3700.0,115324,2179434,4261840340.0,3701.0,259,3700.0,816
rb1805,20171121,20171120,210809500,3701.0,116190,2179742,4293889780.0,3702.0,358,3701.0,225
rb1805,20171121,20171120,210810000,3701.0,116364,2179774,4300330140.0,3702.0,328,3701.0,225
rb1805,20171121,20171120,210810500,3702.0,117180,2179824,4330536160.0,3702.0,54,3701.0,158
rb1805,20171121,20171120,210811000,3703.0,117444,2179710,4340309320.0,3703.0,518,3702.0,203
rb1805,20171121,20171120,210811500,3703.0,118332,2179356,4373187140.0,3703.0,324,3702.0,45
rb1805,20171121,20171120,210812000,3702.0,118702,2179404,4386885320.0,3703.0,268,3702.0,1
rb1805,20171121,20171120,210812500,3702.0,118970,2179448,4396808540.0,3703.0,175,3702.0,20
rb1805,20171121,20171120,210813000,3702.0,119140,2179368,4403101740.0,3702.0,133,3701.0,151
rb1805,20171121,20171120,210813500,3702.0,119294,2179422,4408802780.0,3702.0,91,3701.0,150
rb1805,20171121,20171120,210814000,3702.0,119332,2179436,4410209440.0,3702.0,303,3701.0,146
rb1805,20171121,20171120,210814500,3702.0,119436,2179444,4414059040.0,3702.0,297,3701.0,122
rb1805,20171121,20171120,210815000,3702.0,119538,2179370,4417834780.0,3702.0,299,3701.0,111
rb1805,20171121,20171120,210815500,3701.0,119796,2179274,4427383640.0,3701.0,1,3700.0,317
rb1805,20171121,20171120,210816000,3700.0,119856,2179276,4429604180.0,3701.0,22,3700.0,311
rb1805,20171121,20171120,210816500,3701.0,119964,2179198,4433601760.0,3701.0,19,3700.0,309
rb1805,20171121,20171120,210817000,3702.0,120038,2179212,4436340540.0,3702.0,279,3701.0,1
rb1805,20171121,20171120,210817500,3702.0,120076,2179214,4437747040.0,3702.0,280,3701.0,23
rb1805,20171121,20171120,210818000,3701.0,120110,2179210,4439005640.0,3702.0,268,3701.0,37
rb1805,20171121,20171120,210818500,3701.0,120178,2179170,4441522840.0,3702.0,244,3701.0,30
rb1805,20171121,20171120,210819000,3702.0,120206,2179164,4442559320.0,3702.0,242,3701.0,63
rb1805,20171121,20171120,210819500,3702.0,120294,2179148,4445816380.0,3702.0,305,3701.0,31
rb1805,20171121,20171120,210820000,3702.0,120356,2179166,4448111380.0,3702.0,298,3701.0,27
rb1805,20171121,20171120,210820500,3701.0,120632,2179340,4458327780.0,3702.0,290,3701.0,53
rb1805,20171121,20171120,210821000,3701.0,120690,2179328,4460474500.0,3702.0,286,3701.0,60
rb1805,20171121,20171120,210821500,3701.0,120840,2179436,4466027240.0,3702.0,230,3701.0,58
rb1805,20171121,20171120,210822000,3702.0,121128,2179622,4476688540.0,3702.0,143,3701.0,74
rb1805,20171121,20171120,210822500,3701.0,121152,2179642,4477576820.0,3702.0,153,3701.0,66
rb1805,20171121,20171120,210823000,3701.0,121194,2179654,4479131460.0,3702.0,154,3701.0,61
rb1805,20171121,20171120,210823500,3702.0,121584,2179732,4493569140.0,3703.0,290,3702.0,446
rb1805,20171121,20171120,210824000,3702.0,121786,2179738,4501047200.0,3703.0,297,3702.0,352
rb1805,20171121,20171120,210824500,3703.0,122100,2179860,4512674220.0,3703.0,135,3702.0,338
rb1805,20171121,20171120,210825000,3703.0,122408,2180024,4524079360.0,3704.0,437,3703.0,172
rb1805,20171121,20171120,210825500,3703.0,122568,2180032,4530004360.0,3704.0,428,3703.0,128
rb1805,20171121,20171120,210826000,3704.0,122862,2180016,4540893140.0,3704.0,341,3703.0,111
rb1805,20171121,20171120,210826500,3703.0,123390,2179676,4560449960.0,3704.0,114,3703.0,180
rb1805,20171121,20171120,210827000,3704.0,123746,2179684,4573636100.0,3705.0,696,3704.0,5
rb1805,20171121,20171120,210827500,3705.0,124426,2180160,4598829300.0,3705.0,467,3704.0,230
rb1805,20171121,20171120,210828000,3705.0,125358,2180098,4633359120.0,3705.0,47,3704.0,214
rb1805,20171121,20171120,210828500,3706.0,125562,2180186,4640917500.0,3706.0,474,3705.0,247
rb1805,20171121,20171120,210829000,3706.0,127146,2180284,4699622700.0,3707.0,890,3706.0,161
rb1805,20171121,20171120,210829500,3706.0,127940,2180390,4729047680.0,3706.0,263,3705.0,102
rb1805,20171121,20171120,210830000,3705.0,129364,2181274,4781806440.0,3705.0,664,3704.0,246
rb1805,20171121,20171120,210830500,3704.0,130850,2181238,4836836940.0,3704.0,119,3702.0,303
rb1805,20171121,20171120,210831000,3702.0,131660,2181012,4866823240.0,3702.0,135,3701.0,133
rb1805,20171121,20171120,210831500,3701.0,132052,2181152,4881333780.0,3702.0,82,3701.0,76
rb1805,20171121,20171120,210832000,3702.0,132202,2181174,4886886140.0,3702.0,60,3701.0,47
rb1805,20171121,20171120,210832500,3702.0,132282,2181190,4889847260.0,3702.0,80,3701.0,154
rb1805,20171121,20171120,210833000,3702.0,132398,2181166,4894141540.0,3702.0,63,3701.0,172
rb1805,20171121,20171120,210833500,3702.0,132592,2181142,4901323200.0,3702.0,2,3701.0,179
rb1805,20171121,20171120,210834000,3702.0,132674,2181156,4904358860.0,3703.0,77,3702.0,56
rb1805,20171121,20171120,210834500,3703.0,132714,2181148,4905839760.0,3703.0,72,3702.0,134
rb1805,20171121,20171120,210835000,3701.0,133430,2180622,4932347440.0,3704.0,203,3701.0,248
rb1805,20171121,20171120,210835500,3703.0,133488,2180628,4934494980.0,3704.0,255,3703.0,20
rb1805,20171121,20171120,210836000,3702.0,133564,2180610,4937309040.0,3703.0,232,3702.0,11
rb1805,20171121,20171120,210836500,3702.0,133876,2180644,4948859880.0,3702.0,9,3701.0,293
rb1805,20171121,20171120,210837000,3702.0,134020,2180666,4954191060.0,3702.0,18,3701.0,297
rb1805,20171121,20171120,210837500,3702.0,134120,2180658,4957893100.0,3703.0,223,3702.0,6
rb1805,20171121,20171120,210838000,3703.0,134214,2180668,4961373680.0,3703.0,197,3702.0,6
rb1805,20171121,20171120,210838500,3703.0,134232,2180672,4962040180.0,3703.0,207,3702.0,21
rb1805,20171121,20171120,210839000,3702.0,134260,2180690,4963076860.0,3703.0,205,3702.0,118
rb1805,20171121,20171120,210839500,3703.0,134270,2180700,4963447160.0,3703.0,202,3702.0,142
rb1805,20171121,20171120,210840000,3703.0,134694,2180530,4979147880.0,3704.0,196,3703.0,4
rb1805,20171121,20171120,210840500,3704.0,134926,2180620,4987740960.0,3704.0,90,3703.0,20
rb1805,20171121,20171120,210841000,3704.0,134974,2180584,4989518600.0,3704.0,87,3703.0,19
rb1805,20171121,20171120,210841500,3704.0,135058,2180558,4992629300.0,3704.0,79,3703.0,6
rb1805,20171121,20171120,210842000,3702.0,135108,2180548,4994480720.0,3704.0,112,3702.0,168
rb1805,20171121,20171120,210842500,3703.0,135214,2180514,4998406800.0,3703.0,9,3702.0,167
rb1805,20171121,20171120,210843000,3704.0,135300,2180522,5001591540.0,3704.0,73,3703.0,1
rb1805,20171121,20171120,210843500,3704.0,135482,2180612,5008332700.0,3705.0,806,3704.0,31
rb1805,20171121,20171120,210844000,3703.0,135696,2180680,5016259320.0,3704.0,26,3703.0,48
rb1805,20171121,20171120,210844500,3703.0,135774,2180718,5019147820.0,3704.0,178,3703.0,54
rb1805,20171121,20171120,210845000,3703.0,135834,2180750,5021369640.0,3704.0,370,3703.0,32
rb1805,20171121,20171120,210845500,3704.0,136062,2180720,5029814140.0,3704.0,317,3703.0,13
rb1805,20171121,20171120,210846000,3704.0,136354,2180630,5040627620.0,3704.0,253,3703.0,2
rb1805,20171121,20171120,210846500,3703.0,136378,2180640,5041516340.0,3703.0,17,3702.0,226
rb1805,20171121,20171120,210847000,3703.0,136548,2180562,5047810340.0,3703.0,103,3702.0,175
rb1805,20171121,20171120,210847500,3702.0,136588,2180548,5049291500.0,3703.0,184,3702.0,163
rb1805,20171121,20171120,210848000,3702.0,136770,2180500,5056029320.0,3703.0,190,3702.0,92
rb1805,20171121,20171120,210848500,3703.0,137058,2180492,5066691820.0,3703.0,95,3702.0,2
rb1805,20171121,20171120,210849000,3702.0,137144,2180518,5069875540.0,3702.0,33,3701.0,294
rb1805,20171121,20171120,210849500,3702.0,137270,2180434,5074540160.0,3703.0,93,3701.0,253
rb1805,20171121,20171120,210850000,3703.0,137290,2180428,5075280700.0,3703.0,68,3702.0,106
rb1805,20171121,20171120,210850500,3702.0,137322,2180422,5076465460.0,3703.0,94,3702.0,153
rb1805,20171121,20171120,210851000,3703.0,137454,2180422,5081353120.0,3703.0,56,3702.0,129
rb1805,20171121,20171120,210851500,3703.0,137482,2180428,5082389960.0,3703.0,47,3702.0,132
rb1805,20171121,20171120,210852000,3703.0,137582,2180356,5086092160.0,3703.0,43,3702.0,105
rb1805,20171121,20171120,210852500,3702.0,137680,2180412,5089721040.0,3703.0,4,3702.0,115
rb1805,20171121,20171120,210853000,3704.0,137946,2180428,5099573060.0,3704.0,217,3703.0,11
rb1805,20171121,20171120,210853500,3702.0,138092,2180462,5104979440.0,3703.0,29,3702.0,78
rb1805,20171121,20171120,210854000,3703.0,138550,2180534,5121942320.0,3704.0,58,3703.0,356
rb1805,20171121,20171120,210854500,3704.0,138892,2180740,5134611960.0,3705.0,590,3704.0,12
rb1805,20171121,20171120,210855000,3704.0,138976,2180730,5137723040.0,3705.0,585,3704.0,80
rb1805,20171121,20171120,210855500,3704.0,139028,2180768,5139649200.0,3705.0,545,3704.0,117
rb1805,20171121,20171120,210856000,3704.0,139102,2180786,5142390620.0,3705.0,344,3704.0,158
rb1805,20171121,20171120,210856500,3705.0,139282,2180882,5149058740.0,3705.0,304,3704.0,148
rb1805,20171121,20171120,210857000,3704.0,139608,2180950,5161135700.0,3705.0,209,3704.0,118
rb1805,20171121,20171120,210857500,3704.0,139848,2180952,5170026140.0,3705.0,167,3704.0,81
rb1805,20171121,20171120,210858000,3705.0,139908,2180976,5172249020.0,3705.0,259,3704.0,92
rb1805,20171121,20171120,210858500,3704.0,140036,2180992,5176990380.0,3705.0,334,3704.0,54
rb1805,20171121,20171120,210859000,3704.0,140196,2180982,5182917040.0,3704.0,314,3703.0,508
rb1805,20171121,20171120,210859500,3704.0,140360,2180858,5188991600.0,3704.0,237,3703.0,508
rb1805,20171121,20171120,210900000,3705.0,140948,2180776,5210771340.0,3705.0,324,3704.0,93
rb1805,20171121,20171120,210900500,3705.0,141586,2181182,5234408860.0,3705.0,68,3704.0,102
rb1805,20171121,20171120,210901000,3706.0,141938,2181172,5247451340.0,3706.0,344,3705.0,156
rb1805,20171121,20171120,210901500,3706.0,142938,2181494,5284508420.0,3707.0,687,3706.0,69
rb1805,20171121,20171120,210902000,3707.0,143660,2181608,5311271060.0,3707.0,459,3706.0,30
rb1805,20171121,20171120,210902500,3708.0,146076,2182038,5400845020.0,3708.0,192,3707.0,187
rb1805,20171121,20171120,210903000,3707.0,148312,2181986,5483760340.0,3708.0,37,3707.0,13
rb1805,20171121,20171120,210903500,3705.0,149140,2181904,5514452260.0,3706.0,278,3705.0,197
rb1805,20171121,20171120,210904000,3705.0,149754,2181798,5537204480.0,3705.0,51,3704.0,184
rb1805,20171121,20171120,210904500,3705.0,150338,2181828,5558839700.0,3706.0,229,3705.0,18
rb1805,20171121,20171120,210905000,3705.0,150508,2181804,5565138100.0,3705.0,139,3704.0,49
rb1805,20171121,20171120,210905500,3704.0,150672,2181788,5571213140.0,3704.0,5,3703.0,598
rb1805,20171121,20171120,210906000,3703.0,150832,2181732,5577140480.0,3704.0,2,3703.0,735
rb1805,20171121,20171120,210906500,3704.0,151046,2181654,5585067500.0,3705.0,13,3704.0,56
rb1805,20171121,20171120,210907000,3705.0,151172,2181622,5589735160.0,3705.0,26,3704.0,338
rb1805,20171121,20171120,210907500,3705.0,151230,2181664,5591884000.0,3705.0,48,3704.0,355
rb1805,20171121,20171120,210908000,3704.0,151292,2181612,5594180820.0,3705.0,62,3704.0,405
rb1805,20171121,20171120,210908500,3705.0,151338,2181608,5595884900.0,3705.0,101,3704.0,398
rb1805,20171121,20171120,210909000,3705.0,151418,2181572,5598848840.0,3705.0,89,3704.0,459
rb1805,20171121,20171120,210909500,3705.0,151544,2181542,5603516800.0,3705.0,67,3704.0,444
rb1805,20171121,20171120,210910000,3704.0,151604,2181536,5605739560.0,3705.0,78,3704.0,567
rb1805,20171121,20171120,210910500,3704.0,151692,2181544,5608999280.0,3705.0,122,3704.0,539
rb1805,20171121,20171120,210911000,3705.0,151864,2181470,5615370820.0,3705.0,157,3704.0,488
