instrument,tradingday,calendarday,time,lastp,volume,openinterest,turnover,ask1,asksz1,bid1,bidsz1
rb1805,20170808,20170807,183455500,3772.0,0,146352,0.0,0.0,0,0.0,0
rb1805,20170808,20170807,205900500,3772.0,22,146342,829840.0,3778.0,1,3772.0,7
rb1805,20170808,20170807,210000500,3770.0,72,146364,2715120.0,3770.0,77,3768.0,1
rb1805,20170808,20170807,210001000,3766.0,82,146368,3091840.0,3768.0,5,3766.0,4
rb1805,20170808,20170807,210001500,3765.0,136,146362,5126480.0,3766.0,3,3765.0,1
rb1805,20170808,20170807,210002000,3765.0,196,146364,7386300.0,3765.0,3,3764.0,2
rb1805,20170808,20170807,210002500,3765.0,202,146358,7612200.0,3765.0,1,3764.0,2
rb1805,20170808,20170807,210003000,3764.0,206,146360,7762780.0,3769.0,1,3764.0,1
rb1805,20170808,20170807,210003500,3764.0,216,146360,8139480.0,3767.0,4,3763.0,1
rb1805,20170808,20170807,210004000,3764.0,216,146360,8139480.0,3768.0,2,3762.0,3
rb1805,20170808,20170807,210004500,3765.0,222,146358,8365380.0,3765.0,1,3763.0,4
rb1805,20170808,20170807,210005000,3765.0,222,146358,8365380.0,3764.0,1,3763.0,6
rb1805,20170808,20170807,210005500,3764.0,224,146358,8440660.0,3770.0,70,3765.0,1
rb1805,20170808,20170807,210006000,3766.0,230,146356,8666700.0,3768.0,3,3766.0,3
rb1805,20170808,20170807,210006500,3766.0,240,146360,9043300.0,3766.0,4,3765.0,2
rb1805,20170808,20170807,210007000,3762.0,280,146354,10548280.0,3765.0,1,3761.0,2
rb1805,20170808,20170807,210007500,3761.0,306,146354,11527440.0,3770.0,64,3762.0,1
rb1805,20170808,20170807,210008000,3761.0,310,146356,11677880.0,3769.0,4,3763.0,3
rb1805,20170808,20170807,210008500,3769.0,316,146356,11904020.0,3769.0,4,3764.0,1
rb1805,20170808,20170807,210009000,3764.0,322,146352,12129960.0,3770.0,64,3769.0,1
rb1805,20170808,20170807,210009500,3770.0,414,146442,15598320.0,3770.0,22,3767.0,1
rb1805,20170808,20170807,210010000,3767.0,420,146446,15824400.0,3767.0,1,3766.0,1
rb1805,20170808,20170807,210010500,3769.0,430,146456,16201320.0,3770.0,23,3769.0,2
rb1805,20170808,20170807,210011000,3768.0,450,146472,16955160.0,3770.0,20,3768.0,4
rb1805,20170808,20170807,210011500,3770.0,468,146486,17633760.0,3770.0,11,3768.0,4
rb1805,20170808,20170807,210012000,3770.0,490,146508,18463160.0,3772.0,3,3770.0,2
rb1805,20170808,20170807,210012500,3770.0,504,146512,18991140.0,3778.0,3,3770.0,2
rb1805,20170808,20170807,210013000,3774.0,510,146512,19217580.0,3775.0,2,3770.0,2
rb1805,20170808,20170807,210013500,3774.0,514,146512,19368540.0,3775.0,3,3771.0,4
rb1805,20170808,20170807,210014000,3774.0,514,146512,19368540.0,3775.0,3,3771.0,1
rb1805,20170808,20170807,210014500,3777.0,522,146512,19670580.0,3778.0,3,3772.0,4
rb1805,20170808,20170807,210015000,3777.0,522,146512,19670580.0,3777.0,7,3775.0,10
rb1805,20170808,20170807,210015500,3775.0,524,146514,19746080.0,3777.0,7,3775.0,9
rb1805,20170808,20170807,210016000,3774.0,546,146534,20576560.0,3775.0,6,3773.0,1
rb1805,20170808,20170807,210016500,3774.0,546,146534,20576560.0,3775.0,5,3772.0,5
rb1805,20170808,20170807,210017000,3775.0,548,146536,20652060.0,3775.0,4,3772.0,5
rb1805,20170808,20170807,210017500,3775.0,550,146538,20727560.0,3775.0,3,3772.0,8
rb1805,20170808,20170807,210018000,3775.0,556,146538,20954060.0,3778.0,3,3775.0,12
rb1805,20170808,20170807,210018500,3775.0,556,146538,20954060.0,3777.0,4,3775.0,12
rb1805,20170808,20170807,210019000,3777.0,558,146538,21029600.0,3777.0,7,3775.0,13
rb1805,20170808,20170807,210019500,3775.0,578,146518,21784600.0,3777.0,6,3775.0,3
rb1805,20170808,20170807,210020000,3775.0,586,146522,22086600.0,3777.0,5,3775.0,1
rb1805,20170808,20170807,210020500,3775.0,588,146524,22162100.0,3775.0,1,3772.0,4
rb1805,20170808,20170807,210021000,3775.0,588,146524,22162100.0,3775.0,1,3773.0,4
rb1805,20170808,20170807,210021500,3775.0,594,146530,22388600.0,3778.0,4,3775.0,16
rb1805,20170808,20170807,210022000,3775.0,618,146554,23294600.0,3776.0,3,3775.0,4
rb1805,20170808,20170807,210022500,3775.0,630,146552,23747600.0,3776.0,3,3775.0,9
rb1805,20170808,20170807,210023000,3775.0,648,146534,24427100.0,3776.0,3,3772.0,4
rb1805,20170808,20170807,210023500,3776.0,654,146534,24653660.0,3778.0,5,3776.0,16
rb1805,20170808,20170807,210024000,3776.0,654,146534,24653660.0,3778.0,14,3776.0,15
rb1805,20170808,20170807,210024500,3776.0,654,146534,24653660.0,3778.0,15,3776.0,15
rb1805,20170808,20170807,210025000,3776.0,654,146534,24653660.0,3778.0,15,3776.0,15
rb1805,20170808,20170807,210025500,3776.0,654,146534,24653660.0,3778.0,16,3776.0,15
rb1805,20170808,20170807,210026000,3776.0,658,146530,24804700.0,3778.0,16,3776.0,13
rb1805,20170808,20170807,210026500,3778.0,680,146528,25635820.0,3778.0,6,3776.0,12
rb1805,20170808,20170807,210027000,3778.0,680,146528,25635820.0,3778.0,3,3776.0,12
rb1805,20170808,20170807,210027500,3776.0,682,146530,25711340.0,3778.0,4,3776.0,11
rb1805,20170808,20170807,210028000,3778.0,684,146530,25786900.0,3778.0,3,3776.0,11
rb1805,20170808,20170807,210028500,3778.0,684,146530,25786900.0,3778.0,4,3776.0,11
rb1805,20170808,20170807,210029000,3778.0,686,146532,25862460.0,3778.0,7,3776.0,11
rb1805,20170808,20170807,210029500,3773.0,710,146538,26768640.0,3776.0,3,3773.0,2
rb1805,20170808,20170807,210030000,3775.0,714,146542,26919640.0,3775.0,2,3773.0,2
rb1805,20170808,20170807,210030500,3775.0,722,146550,27221560.0,3777.0,1,3772.0,4
rb1805,20170808,20170807,210031000,3777.0,734,146540,27674700.0,3777.0,2,3772.0,4
rb1805,20170808,20170807,210031500,3777.0,736,146542,27750240.0,3777.0,2,3772.0,4
rb1805,20170808,20170807,210032000,3777.0,736,146542,27750240.0,3776.0,6,3772.0,5
rb1805,20170808,20170807,210032500,3777.0,736,146542,27750240.0,3776.0,9,3772.0,8
rb1805,20170808,20170807,210033000,3777.0,736,146542,27750240.0,3776.0,9,3772.0,8
rb1805,20170808,20170807,210033500,3777.0,736,146542,27750240.0,3776.0,9,3772.0,8
rb1805,20170808,20170807,210034000,3775.0,738,146544,27825740.0,3776.0,9,3772.0,8
rb1805,20170808,20170807,210034500,3776.0,740,146544,27901260.0,3776.0,8,3773.0,1
rb1805,20170808,20170807,210035000,3776.0,740,146544,27901260.0,3776.0,8,3773.0,1
rb1805,20170808,20170807,210035500,3776.0,740,146544,27901260.0,3775.0,1,3773.0,1
rb1805,20170808,20170807,210036000,3776.0,748,146542,28203280.0,3778.0,4,3777.0,1
rb1805,20170808,20170807,210036500,3777.0,762,146554,28732060.0,3777.0,3,3774.0,1
rb1805,20170808,20170807,210037000,3777.0,762,146554,28732060.0,3778.0,4,3774.0,1
rb1805,20170808,20170807,210037500,3777.0,762,146554,28732060.0,3778.0,3,3774.0,1
rb1805,20170808,20170807,210038000,3777.0,762,146554,28732060.0,3778.0,3,3774.0,2
rb1805,20170808,20170807,210038500,3777.0,762,146554,28732060.0,3778.0,3,3774.0,2
rb1805,20170808,20170807,210039000,3774.0,766,146556,28883020.0,3777.0,1,3775.0,1
rb1805,20170808,20170807,210039500,3777.0,768,146556,28958560.0,3778.0,3,3775.0,2
rb1805,20170808,20170807,210040000,3777.0,768,146556,28958560.0,3778.0,3,3775.0,2
rb1805,20170808,20170807,210041000,3777.0,768,146556,28958560.0,3778.0,3,3775.0,2
rb1805,20170808,20170807,210041500,3777.0,768,146556,28958560.0,3778.0,3,3775.0,1
rb1805,20170808,20170807,210042000,3775.0,770,146556,29034060.0,3778.0,3,3774.0,1
rb1805,20170808,20170807,210042500,3778.0,772,146556,29109620.0,3778.0,2,3777.0,2
rb1805,20170808,20170807,210043000,3777.0,774,146556,29185160.0,3778.0,2,3777.0,1
rb1805,20170808,20170807,210043500,3777.0,776,146558,29260700.0,3777.0,1,3775.0,2
rb1805,20170808,20170807,210044000,3778.0,782,146562,29487320.0,3778.0,1,3775.0,1
rb1805,20170808,20170807,210045000,3778.0,788,146568,29714000.0,3779.0,1,3778.0,11
rb1805,20170808,20170807,210045500,3780.0,792,146566,29865180.0,3780.0,3,3778.0,11
rb1805,20170808,20170807,210046000,3779.0,794,146568,29940760.0,3780.0,4,3778.0,11
rb1805,20170808,20170807,210046500,3779.0,798,146570,30091940.0,3780.0,3,3778.0,12
rb1805,20170808,20170807,210047000,3779.0,798,146570,30091940.0,3780.0,3,3778.0,12
rb1805,20170808,20170807,210047500,3778.0,800,146570,30167500.0,3780.0,3,3778.0,11
rb1805,20170808,20170807,210048000,3778.0,800,146570,30167500.0,3780.0,2,3778.0,11
rb1805,20170808,20170807,210048500,3780.0,804,146574,30318700.0,3782.0,3,3778.0,11
rb1805,20170808,20170807,210049000,3780.0,804,146574,30318700.0,3781.0,2,3778.0,11
rb1805,20170808,20170807,210049500,3781.0,806,146574,30394320.0,3782.0,3,3780.0,3
rb1805,20170808,20170807,210050000,3780.0,816,146568,30772400.0,3782.0,1,3778.0,14
rb1805,20170808,20170807,210050500,3780.0,816,146568,30772400.0,3782.0,1,3780.0,4
rb1805,20170808,20170807,210051000,3782.0,820,146568,30923640.0,3783.0,2,3782.0,3
rb1805,20170808,20170807,210051500,3782.0,826,146566,31150560.0,3782.0,1,3780.0,3
rb1805,20170808,20170807,210052000,3783.0,830,146564,31301880.0,3783.0,1,3782.0,1
rb1805,20170808,20170807,210052500,3782.0,832,146562,31377520.0,3782.0,2,3780.0,4
rb1805,20170808,20170807,210053000,3782.0,836,146566,31528800.0,3784.0,1,3782.0,8
rb1805,20170808,20170807,210053500,3782.0,842,146566,31755720.0,3783.0,2,3782.0,5
rb1805,20170808,20170807,210054000,3783.0,844,146564,31831380.0,3783.0,1,3782.0,5
rb1805,20170808,20170807,210054500,3782.0,854,146564,32209580.0,3782.0,6,3780.0,7
rb1805,20170808,20170807,210055000,3782.0,858,146562,32360860.0,3782.0,4,3780.0,6
rb1805,20170808,20170807,210055500,3782.0,860,146562,32436500.0,3782.0,3,3780.0,6
rb1805,20170808,20170807,210056000,3782.0,866,146562,32663420.0,3784.0,1,3783.0,1
rb1805,20170808,20170807,210056500,3782.0,874,146568,32965980.0,3783.0,4,3780.0,8
rb1805,20170808,20170807,210057000,3782.0,874,146568,32965980.0,3783.0,1,3780.0,6
rb1805,20170808,20170807,210057500,3782.0,874,146568,32965980.0,3784.0,1,3783.0,3
rb1805,20170808,20170807,210058000,3784.0,884,146560,33344380.0,3785.0,12,3784.0,1
rb1805,20170808,20170807,210058500,3784.0,886,146558,33420060.0,3784.0,2,3783.0,5
rb1805,20170808,20170807,210059000,3784.0,892,146564,33647100.0,3784.0,1,3783.0,7
rb1805,20170808,20170807,210059500,3784.0,894,146566,33722780.0,3785.0,12,3783.0,7
rb1805,20170808,20170807,210100000,3783.0,902,146570,34025460.0,3784.0,1,3783.0,5
rb1805,20170808,20170807,210100500,3783.0,906,146572,34176800.0,3785.0,11,3783.0,4
rb1805,20170808,20170807,210101000,3783.0,908,146574,34252460.0,3785.0,11,3783.0,4
rb1805,20170808,20170807,210101500,3783.0,908,146574,34252460.0,3785.0,12,3783.0,4
rb1805,20170808,20170807,210102000,3783.0,908,146574,34252460.0,3784.0,2,3783.0,5
rb1805,20170808,20170807,210102500,3784.0,922,146578,34782100.0,3783.0,5,3782.0,1
rb1805,20170808,20170807,210103000,3784.0,922,146578,34782100.0,3783.0,6,3782.0,1
rb1805,20170808,20170807,210103500,3784.0,922,146578,34782100.0,3783.0,6,3782.0,2
rb1805,20170808,20170807,210104000,3781.0,932,146580,35160340.0,3783.0,3,3780.0,11
rb1805,20170808,20170807,210104500,3781.0,932,146580,35160340.0,3782.0,2,3780.0,15
rb1805,20170808,20170807,210105000,3782.0,936,146580,35311620.0,3783.0,7,3782.0,3
rb1805,20170808,20170807,210105500,3782.0,936,146580,35311620.0,3783.0,7,3782.0,3
rb1805,20170808,20170807,210106000,3783.0,938,146582,35387280.0,3783.0,6,3782.0,3
rb1805,20170808,20170807,210106500,3782.0,950,146594,35841160.0,3783.0,5,3782.0,2
rb1805,20170808,20170807,210107000,3783.0,958,146602,36143760.0,3783.0,3,3781.0,1
rb1805,20170808,20170807,210107500,3781.0,960,146604,36219380.0,3782.0,1,3780.0,14
rb1805,20170808,20170807,210108000,3782.0,964,146606,36370640.0,3782.0,6,3780.0,14
rb1805,20170808,20170807,210108500,3782.0,964,146606,36370640.0,3782.0,6,3781.0,1
rb1805,20170808,20170807,210109000,3781.0,996,146610,37580340.0,3781.0,3,3779.0,1
rb1805,20170808,20170807,210109500,3781.0,996,146610,37580340.0,3781.0,6,3779.0,1
rb1805,20170808,20170807,210110000,3781.0,998,146612,37655960.0,3781.0,3,3780.0,4
rb1805,20170808,20170807,210110500,3780.0,1008,146612,38033960.0,3781.0,3,3779.0,1
rb1805,20170808,20170807,210111000,3780.0,1008,146612,38033960.0,3781.0,3,3779.0,1
rb1805,20170808,20170807,210111500,3780.0,1014,146612,38260760.0,3781.0,5,3779.0,2
rb1805,20170808,20170807,210112000,3780.0,1014,146612,38260760.0,3781.0,5,3779.0,2
rb1805,20170808,20170807,210112500,3779.0,1018,146614,38411960.0,3781.0,4,3779.0,1
rb1805,20170808,20170807,210113000,3779.0,1018,146614,38411960.0,3781.0,4,3780.0,22
rb1805,20170808,20170807,210113500,3780.0,1028,146624,38789960.0,3781.0,3,3780.0,17
rb1805,20170808,20170807,210114000,3781.0,1030,146624,38865580.0,3781.0,2,3780.0,17
rb1805,20170808,20170807,210114500,3781.0,1034,146624,39016820.0,3782.0,6,3781.0,2
rb1805,20170808,20170807,210115000,3782.0,1040,146630,39243700.0,3782.0,6,3780.0,17
rb1805,20170808,20170807,210115500,3780.0,1044,146634,39394900.0,3782.0,6,3781.0,2
rb1805,20170808,20170807,210116000,3780.0,1044,146634,39394900.0,3782.0,6,3781.0,12
rb1805,20170808,20170807,210116500,3780.0,1044,146634,39394900.0,3782.0,4,3781.0,12
rb1805,20170808,20170807,210117000,3782.0,1048,146634,39546180.0,3782.0,1,3781.0,12
rb1805,20170808,20170807,210118000,3782.0,1048,146634,39546180.0,3782.0,1,3781.0,12
rb1805,20170808,20170807,210118500,3782.0,1048,146634,39546180.0,3782.0,2,3781.0,12
rb1805,20170808,20170807,210119000,3783.0,1068,146642,40302740.0,3782.0,1,3781.0,12
rb1805,20170808,20170807,210119500,3781.0,1070,146644,40378360.0,3782.0,1,3781.0,11
rb1805,20170808,20170807,210120000,3782.0,1084,146648,40907800.0,3782.0,1,3781.0,9
rb1805,20170808,20170807,210120500,3781.0,1104,146648,41664000.0,3782.0,7,3780.0,16
rb1805,20170808,20170807,210121000,3782.0,1106,146648,41739640.0,3781.0,1,3780.0,17
rb1805,20170808,20170807,210121500,3782.0,1106,146648,41739640.0,3782.0,1,3780.0,18
rb1805,20170808,20170807,210122000,3782.0,1106,146648,41739640.0,3782.0,1,3780.0,18
rb1805,20170808,20170807,210122500,3782.0,1106,146648,41739640.0,3782.0,1,3780.0,23
rb1805,20170808,20170807,210123000,3782.0,1106,146648,41739640.0,3782.0,1,3780.0,24
rb1805,20170808,20170807,210123500,3782.0,1106,146648,41739640.0,3782.0,1,3780.0,19
rb1805,20170808,20170807,210124000,3782.0,1106,146648,41739640.0,3782.0,2,3780.0,19
rb1805,20170808,20170807,210124500,3780.0,1110,146648,41890840.0,3782.0,2,3781.0,1
rb1805,20170808,20170807,210125000,3781.0,1114,146648,42042080.0,3781.0,3,3780.0,17
rb1805,20170808,20170807,210125500,3781.0,1114,146648,42042080.0,3781.0,4,3780.0,17
rb1805,20170808,20170807,210126000,3781.0,1116,146648,42117700.0,3781.0,3,3780.0,17
rb1805,20170808,20170807,210126500,3781.0,1122,146644,42344560.0,3781.0,1,3780.0,18
rb1805,20170808,20170807,210127000,3781.0,1122,146644,42344560.0,3781.0,1,3780.0,18
rb1805,20170808,20170807,210127500,3781.0,1122,146644,42344560.0,3781.0,2,3780.0,18
rb1805,20170808,20170807,210128000,3781.0,1122,146644,42344560.0,3781.0,2,3780.0,18
rb1805,20170808,20170807,210128500,3780.0,1154,146644,43554160.0,3781.0,8,3780.0,2
rb1805,20170808,20170807,210129000,3780.0,1158,146648,43705360.0,3780.0,2,3779.0,7
rb1805,20170808,20170807,210129500,3780.0,1162,146650,43856560.0,3780.0,1,3779.0,2
rb1805,20170808,20170807,210130000,3780.0,1162,146650,43856560.0,3780.0,11,3779.0,5
rb1805,20170808,20170807,210130500,3780.0,1162,146650,43856560.0,3780.0,12,3779.0,2
rb1805,20170808,20170807,210131000,3780.0,1164,146650,43932160.0,3780.0,11,3779.0,2
rb1805,20170808,20170807,210131500,3780.0,1172,146650,44234560.0,3780.0,7,3779.0,3
rb1805,20170808,20170807,210132000,3779.0,1182,146648,44612460.0,3779.0,6,3778.0,14
rb1805,20170808,20170807,210132500,3779.0,1194,146646,45065940.0,3780.0,7,3779.0,7
rb1805,20170808,20170807,210133000,3779.0,1194,146646,45065940.0,3780.0,7,3779.0,6
rb1805,20170808,20170807,210133500,3780.0,1196,146646,45141540.0,3780.0,6,3778.0,14
rb1805,20170808,20170807,210134000,3780.0,1196,146646,45141540.0,3780.0,6,3778.0,17
rb1805,20170808,20170807,210134500,3780.0,1196,146646,45141540.0,3780.0,6,3778.0,17
rb1805,20170808,20170807,210135000,3780.0,1196,146646,45141540.0,3780.0,6,3778.0,17
rb1805,20170808,20170807,210136000,3780.0,1196,146646,45141540.0,3779.0,30,3778.0,16
rb1805,20170808,20170807,210136500,3778.0,1234,146638,46577180.0,3779.0,30,3777.0,1
rb1805,20170808,20170807,210137000,3778.0,1234,146638,46577180.0,3779.0,33,3778.0,3
rb1805,20170808,20170807,210137500,3778.0,1234,146638,46577180.0,3779.0,33,3778.0,4
rb1805,20170808,20170807,210138000,3778.0,1234,146638,46577180.0,3779.0,33,3778.0,4
rb1805,20170808,20170807,210138500,3778.0,1234,146638,46577180.0,3779.0,33,3778.0,4
rb1805,20170808,20170807,210139000,3778.0,1234,146638,46577180.0,3779.0,33,3778.0,4
rb1805,20170808,20170807,210139500,3778.0,1234,146638,46577180.0,3779.0,34,3778.0,4
rb1805,20170808,20170807,210140000,3779.0,1236,146640,46652760.0,3779.0,34,3778.0,4
rb1805,20170808,20170807,210140500,3778.0,1238,146640,46728320.0,3779.0,34,3778.0,3
rb1805,20170808,20170807,210141000,3778.0,1238,146640,46728320.0,3779.0,34,3778.0,3
rb1805,20170808,20170807,210141500,3779.0,1246,146648,47030640.0,3779.0,30,3778.0,3
rb1805,20170808,20170807,210142000,3779.0,1246,146648,47030640.0,3779.0,30,3778.0,17
rb1805,20170808,20170807,210143000,3779.0,1248,146650,47106220.0,3779.0,29,3778.0,17
rb1805,20170808,20170807,210143500,3778.0,1250,146650,47181780.0,3779.0,29,3778.0,16
rb1805,20170808,20170807,210144000,3778.0,1250,146650,47181780.0,3779.0,29,3778.0,16
rb1805,20170808,20170807,210144500,3779.0,1254,146652,47332920.0,3779.0,28,3778.0,15
rb1805,20170808,20170807,210145000,3779.0,1254,146652,47332920.0,3779.0,28,3778.0,15
rb1805,20170808,20170807,210146000,3779.0,1254,146652,47332920.0,3779.0,29,3778.0,15
rb1805,20170808,20170807,210146500,3779.0,1254,146652,47332920.0,3779.0,29,3778.0,15
rb1805,20170808,20170807,210147000,3779.0,1256,146654,47408500.0,3779.0,28,3778.0,15
rb1805,20170808,20170807,210147500,3778.0,1260,146656,47559620.0,3779.0,28,3778.0,13
rb1805,20170808,20170807,210148000,3778.0,1260,146656,47559620.0,3779.0,25,3778.0,13
rb1805,20170808,20170807,210148500,3778.0,1264,146660,47710740.0,3779.0,26,3778.0,11
rb1805,20170808,20170807,210149000,3778.0,1268,146662,47861880.0,3779.0,25,3778.0,10
rb1805,20170808,20170807,210149500,3778.0,1268,146662,47861880.0,3779.0,25,3778.0,11
rb1805,20170808,20170807,210150000,3778.0,1272,146662,48013000.0,3779.0,25,3778.0,9
rb1805,20170808,20170807,210150500,3778.0,1284,146664,48466460.0,3779.0,23,3778.0,8
rb1805,20170808,20170807,210151000,3778.0,1284,146664,48466460.0,3779.0,23,3778.0,8
rb1805,20170808,20170807,210151500,3778.0,1284,146664,48466460.0,3779.0,20,3778.0,9
rb1805,20170808,20170807,210152000,3778.0,1284,146664,48466460.0,3779.0,23,3778.0,9
rb1805,20170808,20170807,210152500,3778.0,1284,146664,48466460.0,3779.0,20,3778.0,9
rb1805,20170808,20170807,210153000,3778.0,1284,146664,48466460.0,3779.0,20,3778.0,9
rb1805,20170808,20170807,210153500,3778.0,1284,146664,48466460.0,3779.0,20,3778.0,10
rb1805,20170808,20170807,210154000,3778.0,1284,146664,48466460.0,3779.0,20,3778.0,10
rb1805,20170808,20170807,210155500,3779.0,1326,146706,50053620.0,3780.0,8,3778.0,13
rb1805,20170808,20170807,210156000,3779.0,1326,146706,50053620.0,3780.0,11,3778.0,13
rb1805,20170808,20170807,210156500,3778.0,1328,146708,50129180.0,3780.0,11,3778.0,13
rb1805,20170808,20170807,210157000,3778.0,1328,146708,50129180.0,3780.0,11,3778.0,14
rb1805,20170808,20170807,210157500,3778.0,1330,146708,50204740.0,3780.0,11,3778.0,13
rb1805,20170808,20170807,210158000,3778.0,1332,146708,50280300.0,3780.0,11,3778.0,18
rb1805,20170808,20170807,210158500,3778.0,1332,146708,50280300.0,3780.0,11,3778.0,18
rb1805,20170808,20170807,210159500,3778.0,1332,146708,50280300.0,3779.0,1,3778.0,18
rb1805,20170808,20170807,210200000,3779.0,1334,146708,50355880.0,3780.0,11,3779.0,2
rb1805,20170808,20170807,210200500,3780.0,1348,146708,50885080.0,3780.0,1,3779.0,15
rb1805,20170808,20170807,210201000,3780.0,1352,146704,51036280.0,3781.0,1,3780.0,11
rb1805,20170808,20170807,210201500,3781.0,1354,146702,51111900.0,3782.0,5,3781.0,3
rb1805,20170808,20170807,210202000,3782.0,1364,146692,51490100.0,3783.0,36,3782.0,1
rb1805,20170808,20170807,210202500,3782.0,1366,146690,51565740.0,3783.0,40,3781.0,3
rb1805,20170808,20170807,210203000,3781.0,1368,146692,51641360.0,3783.0,45,3781.0,2
rb1805,20170808,20170807,210203500,3781.0,1368,146692,51641360.0,3783.0,45,3782.0,1
rb1805,20170808,20170807,210204000,3781.0,1372,146694,51792600.0,3783.0,40,3782.0,1
rb1805,20170808,20170807,210204500,3782.0,1374,146692,51868240.0,3782.0,1,3781.0,2
rb1805,20170808,20170807,210205000,3782.0,1376,146692,51943880.0,3782.0,1,3781.0,2
rb1805,20170808,20170807,210205500,3782.0,1378,146692,52019520.0,3782.0,1,3781.0,2
rb1805,20170808,20170807,210206000,3782.0,1396,146708,52700280.0,3783.0,37,3782.0,2
rb1805,20170808,20170807,210206500,3782.0,1396,146708,52700280.0,3783.0,37,3782.0,2
rb1805,20170808,20170807,210207000,3782.0,1396,146708,52700280.0,3783.0,37,3782.0,2
rb1805,20170808,20170807,210207500,3782.0,1396,146708,52700280.0,3783.0,37,3782.0,2
rb1805,20170808,20170807,210208000,3782.0,1396,146708,52700280.0,3783.0,37,3782.0,7
rb1805,20170808,20170807,210208500,3782.0,1396,146708,52700280.0,3783.0,37,3782.0,12
rb1805,20170808,20170807,210209000,3782.0,1396,146708,52700280.0,3783.0,40,3782.0,12
rb1805,20170808,20170807,210209500,3782.0,1420,146704,53607960.0,3783.0,40,3782.0,1
rb1805,20170808,20170807,210210000,3782.0,1430,146706,53986160.0,3782.0,3,3780.0,8
rb1805,20170808,20170807,210210500,3782.0,1436,146706,54213080.0,3783.0,40,3780.0,8
rb1805,20170808,20170807,210211500,3782.0,1436,146706,54213080.0,3783.0,40,3780.0,8
rb1805,20170808,20170807,210212000,3782.0,1436,146706,54213080.0,3783.0,40,3780.0,8
rb1805,20170808,20170807,210212500,3781.0,1438,146704,54288700.0,3783.0,41,3781.0,2
rb1805,20170808,20170807,210213000,3783.0,1440,146702,54364360.0,3783.0,37,3781.0,2
rb1805,20170808,20170807,210213500,3783.0,1440,146702,54364360.0,3783.0,36,3782.0,1
rb1805,20170808,20170807,210214000,3781.0,1444,146698,54515600.0,3783.0,37,3780.0,12
rb1805,20170808,20170807,210214500,3781.0,1444,146698,54515600.0,3782.0,6,3780.0,8
rb1805,20170808,20170807,210215000,3781.0,1444,146698,54515600.0,3782.0,8,3781.0,3
rb1805,20170808,20170807,210215500,3781.0,1444,146698,54515600.0,3782.0,8,3781.0,3
rb1805,20170808,20170807,210216000,3783.0,1476,146700,55726000.0,3782.0,1,3781.0,3
rb1805,20170808,20170807,210216500,3782.0,1480,146704,55877280.0,3783.0,36,3782.0,1
rb1805,20170808,20170807,210217000,3782.0,1482,146706,55952920.0,3782.0,1,3780.0,9
rb1805,20170808,20170807,210217500,3782.0,1482,146706,55952920.0,3782.0,6,3780.0,9
rb1805,20170808,20170807,210218000,3782.0,1488,146708,56179800.0,3782.0,4,3780.0,9
rb1805,20170808,20170807,210218500,3782.0,1488,146708,56179800.0,3782.0,4,3780.0,10
rb1805,20170808,20170807,210219000,3782.0,1498,146712,56557960.0,3783.0,37,3782.0,12
rb1805,20170808,20170807,210219500,3782.0,1498,146712,56557960.0,3783.0,32,3782.0,12
rb1805,20170808,20170807,210220000,3782.0,1498,146712,56557960.0,3783.0,32,3782.0,12
rb1805,20170808,20170807,210220500,3782.0,1498,146712,56557960.0,3783.0,32,3782.0,12
rb1805,20170808,20170807,210221000,3782.0,1498,146712,56557960.0,3783.0,32,3782.0,14
rb1805,20170808,20170807,210221500,3782.0,1500,146712,56633600.0,3783.0,32,3782.0,14
rb1805,20170808,20170807,210222000,3783.0,1510,146712,57011900.0,3783.0,27,3782.0,14
rb1805,20170808,20170807,210223000,3783.0,1510,146712,57011900.0,3783.0,27,3782.0,3
rb1805,20170808,20170807,210223500,3783.0,1510,146712,57011900.0,3783.0,27,3782.0,3
rb1805,20170808,20170807,210224000,3783.0,1510,146712,57011900.0,3783.0,27,3782.0,3
rb1805,20170808,20170807,210224500,3782.0,1512,146710,57087540.0,3783.0,32,3782.0,2
rb1805,20170808,20170807,210225000,3783.0,1514,146710,57163200.0,3783.0,31,3782.0,2
rb1805,20170808,20170807,210225500,3783.0,1514,146710,57163200.0,3783.0,31,3782.0,3
rb1805,20170808,20170807,210226000,3783.0,1514,146710,57163200.0,3783.0,32,3782.0,3
rb1805,20170808,20170807,210226500,3783.0,1514,146710,57163200.0,3783.0,32,3782.0,3
rb1805,20170808,20170807,210227500,3783.0,1514,146710,57163200.0,3783.0,32,3782.0,3
rb1805,20170808,20170807,210228000,3783.0,1514,146710,57163200.0,3783.0,32,3782.0,3
rb1805,20170808,20170807,210228500,3783.0,1514,146710,57163200.0,3783.0,31,3782.0,3
rb1805,20170808,20170807,210229500,3783.0,1514,146710,57163200.0,3783.0,28,3782.0,3
rb1805,20170808,20170807,210230500,3783.0,1528,146700,57692820.0,3783.0,21,3782.0,3
rb1805,20170808,20170807,210231000,3783.0,1582,146686,59735640.0,3784.0,102,3783.0,12
rb1805,20170808,20170807,210231500,3783.0,1582,146686,59735640.0,3784.0,102,3782.0,5
rb1805,20170808,20170807,210232000,3784.0,1584,146684,59811320.0,3784.0,101,3782.0,5
rb1805,20170808,20170807,210232500,3784.0,1584,146684,59811320.0,3784.0,101,3783.0,3
rb1805,20170808,20170807,210233000,3784.0,1620,146684,61173560.0,3784.0,83,3783.0,3
rb1805,20170808,20170807,210233500,3784.0,1620,146684,61173560.0,3784.0,83,3783.0,3
rb1805,20170808,20170807,210234000,3783.0,1626,146684,61400540.0,3783.0,7,3782.0,32
rb1805,20170808,20170807,210234500,3783.0,1640,146698,61930160.0,3784.0,83,3783.0,17
rb1805,20170808,20170807,210235000,3783.0,1640,146698,61930160.0,3784.0,83,3783.0,3
rb1805,20170808,20170807,210235500,3784.0,1672,146674,63141040.0,3784.0,67,3783.0,4
rb1805,20170808,20170807,210236000,3784.0,1726,146674,65184400.0,3784.0,40,3783.0,10
rb1805,20170808,20170807,210236500,3784.0,1806,146604,68211600.0,3785.0,22,3783.0,10
rb1805,20170808,20170807,210237000,3784.0,1806,146604,68211600.0,3785.0,22,3783.0,7
rb1805,20170808,20170807,210237500,3784.0,1806,146604,68211600.0,3785.0,22,3783.0,7
rb1805,20170808,20170807,210238000,3784.0,1806,146604,68211600.0,3785.0,22,3783.0,7
rb1805,20170808,20170807,210238500,3784.0,1806,146604,68211600.0,3784.0,1,3783.0,7
rb1805,20170808,20170807,210239000,3784.0,1806,146604,68211600.0,3784.0,8,3782.0,35
rb1805,20170808,20170807,210239500,3784.0,1806,146604,68211600.0,3784.0,6,3783.0,6
rb1805,20170808,20170807,210240000,3784.0,1806,146604,68211600.0,3784.0,6,3782.0,28
rb1805,20170808,20170807,210240500,3784.0,1806,146604,68211600.0,3784.0,7,3782.0,27
rb1805,20170808,20170807,210241000,3784.0,1812,146608,68438640.0,3784.0,3,3782.0,34
rb1805,20170808,20170807,210242000,3784.0,1812,146608,68438640.0,3784.0,3,3782.0,34
rb1805,20170808,20170807,210242500,3784.0,1814,146610,68514320.0,3784.0,2,3783.0,1
rb1805,20170808,20170807,210243000,3784.0,1818,146614,68665660.0,3784.0,1,3782.0,33
rb1805,20170808,20170807,210243500,3784.0,1818,146614,68665660.0,3784.0,3,3782.0,33
rb1805,20170808,20170807,210244000,3784.0,1824,146616,68892700.0,3785.0,28,3784.0,47
rb1805,20170808,20170807,210244500,3784.0,1892,146672,71465820.0,3785.0,31,3784.0,24
rb1805,20170808,20170807,210245000,3784.0,1892,146672,71465820.0,3785.0,27,3784.0,24
rb1805,20170808,20170807,210245500,3784.0,1892,146672,71465820.0,3785.0,26,3784.0,24
rb1805,20170808,20170807,210246000,3784.0,1894,146672,71541500.0,3785.0,27,3784.0,23
rb1805,20170808,20170807,210246500,3784.0,1900,146672,71768540.0,3785.0,26,3784.0,20
rb1805,20170808,20170807,210247000,3784.0,1908,146678,72071260.0,3785.0,26,3784.0,16
rb1805,20170808,20170807,210247500,3784.0,1908,146678,72071260.0,3785.0,26,3784.0,5
rb1805,20170808,20170807,210248000,3784.0,1918,146678,72449660.0,3784.0,18,3782.0,26
rb1805,20170808,20170807,210248500,3784.0,1918,146678,72449660.0,3784.0,20,3783.0,1
rb1805,20170808,20170807,210249000,3784.0,1942,146678,73357800.0,3784.0,10,3782.0,26
rb1805,20170808,20170807,210249500,3784.0,1948,146678,73584840.0,3784.0,8,3782.0,30
rb1805,20170808,20170807,210250000,3784.0,1958,146678,73963240.0,3784.0,3,3782.0,30
rb1805,20170808,20170807,210250500,3784.0,1958,146678,73963240.0,3784.0,3,3782.0,30
rb1805,20170808,20170807,210251000,3784.0,1964,146672,74190280.0,3785.0,32,3784.0,19
rb1805,20170808,20170807,210251500,3784.0,1984,146672,74947080.0,3785.0,28,3784.0,9
rb1805,20170808,20170807,210252000,3785.0,1988,146670,75098480.0,3785.0,27,3784.0,9
rb1805,20170808,20170807,210252500,3784.0,1990,146668,75174160.0,3785.0,27,3784.0,8
rb1805,20170808,20170807,210253000,3784.0,1990,146668,75174160.0,3785.0,27,3784.0,8
rb1805,20170808,20170807,210253500,3784.0,1990,146668,75174160.0,3785.0,28,3784.0,8
rb1805,20170808,20170807,210254000,3784.0,1992,146666,75249840.0,3785.0,28,3784.0,7
rb1805,20170808,20170807,210254500,3784.0,1992,146666,75249840.0,3785.0,28,3784.0,7
rb1805,20170808,20170807,210255000,3784.0,1994,146664,75325520.0,3785.0,28,3784.0,6
rb1805,20170808,20170807,210255500,3785.0,2008,146664,75855300.0,3785.0,28,3783.0,1
rb1805,20170808,20170807,210256000,3785.0,2008,146664,75855300.0,3784.0,1,3783.0,12
rb1805,20170808,20170807,210256500,3784.0,2010,146662,75930980.0,3785.0,22,3784.0,27
rb1805,20170808,20170807,210257000,3785.0,2014,146658,76082380.0,3785.0,21,3784.0,26
rb1805,20170808,20170807,210257500,3785.0,2024,146660,76460880.0,3785.0,16,3784.0,30
rb1805,20170808,20170807,210258000,3784.0,2026,146658,76536560.0,3785.0,17,3784.0,29
rb1805,20170808,20170807,210258500,3784.0,2036,146664,76915040.0,3785.0,12,3784.0,28
rb1805,20170808,20170807,210259000,3784.0,2038,146662,76990720.0,3785.0,12,3784.0,27
rb1805,20170808,20170807,210259500,3785.0,2040,146664,77066420.0,3785.0,13,3784.0,30
rb1805,20170808,20170807,210300000,3785.0,2040,146664,77066420.0,3785.0,13,3784.0,30
rb1805,20170808,20170807,210300500,3785.0,2040,146664,77066420.0,3785.0,13,3784.0,33
rb1805,20170808,20170807,210301000,3785.0,2040,146664,77066420.0,3785.0,23,3784.0,33
rb1805,20170808,20170807,210301500,3785.0,2082,146652,78656120.0,3785.0,2,3784.0,33
rb1805,20170808,20170807,210302000,3785.0,2086,146652,78807520.0,3786.0,5,3784.0,26
rb1805,20170808,20170807,210302500,3784.0,2088,146652,78883200.0,3786.0,5,3784.0,32
rb1805,20170808,20170807,210303000,3784.0,2088,146652,78883200.0,3786.0,5,3785.0,3
rb1805,20170808,20170807,210303500,3785.0,2092,146652,79034620.0,3786.0,4,3785.0,2
rb1805,20170808,20170807,210304000,3785.0,2096,146652,79186020.0,3785.0,12,3784.0,32
rb1805,20170808,20170807,210304500,3785.0,2110,146646,79715920.0,3785.0,5,3784.0,34
rb1805,20170808,20170807,210305000,3784.0,2112,146644,79791600.0,3785.0,5,3784.0,27
rb1805,20170808,20170807,210305500,3784.0,2112,146644,79791600.0,3785.0,5,3784.0,24
rb1805,20170808,20170807,210306000,3785.0,2114,146642,79867300.0,3785.0,4,3784.0,27
rb1805,20170808,20170807,210307000,3785.0,2122,146642,80170100.0,3786.0,4,3785.0,6
rb1805,20170808,20170807,210307500,3785.0,2122,146642,80170100.0,3786.0,7,3785.0,6
rb1805,20170808,20170807,210308500,3785.0,2122,146642,80170100.0,3786.0,7,3785.0,9
rb1805,20170808,20170807,210309000,3785.0,2122,146642,80170100.0,3786.0,7,3785.0,9
rb1805,20170808,20170807,210309500,3785.0,2122,146642,80170100.0,3786.0,7,3785.0,9
rb1805,20170808,20170807,210310500,3785.0,2122,146642,80170100.0,3786.0,7,3785.0,9
rb1805,20170808,20170807,210311000,3785.0,2122,146642,80170100.0,3786.0,7,3785.0,9
rb1805,20170808,20170807,210312000,3786.0,2124,146644,80245820.0,3786.0,6,3785.0,9
rb1805,20170808,20170807,210312500,3786.0,2124,146644,80245820.0,3786.0,6,3785.0,9
rb1805,20170808,20170807,210313000,3786.0,2124,146644,80245820.0,3786.0,6,3785.0,9
rb1805,20170808,20170807,210313500,3786.0,2126,146646,80321540.0,3786.0,5,3785.0,9
rb1805,20170808,20170807,210314500,3786.0,2126,146646,80321540.0,3786.0,5,3785.0,6
rb1805,20170808,20170807,210315000,3786.0,2126,146646,80321540.0,3786.0,5,3785.0,7
rb1805,20170808,20170807,210316000,3785.0,2128,146646,80397240.0,3786.0,10,3785.0,6
rb1805,20170808,20170807,210316500,3785.0,2128,146646,80397240.0,3786.0,11,3785.0,6
rb1805,20170808,20170807,210317000,3785.0,2136,146646,80700040.0,3786.0,12,3785.0,2
rb1805,20170808,20170807,210317500,3785.0,2140,146644,80851440.0,3786.0,11,3785.0,3
rb1805,20170808,20170807,210318000,3786.0,2142,146644,80927160.0,3786.0,8,3785.0,3
rb1805,20170808,20170807,210318500,3786.0,2142,146644,80927160.0,3786.0,8,3785.0,3
rb1805,20170808,20170807,210319000,3786.0,2142,146644,80927160.0,3786.0,8,3785.0,6
rb1805,20170808,20170807,210319500,3786.0,2142,146644,80927160.0,3786.0,8,3785.0,7
rb1805,20170808,20170807,210320000,3785.0,2144,146644,81002860.0,3786.0,8,3785.0,7
rb1805,20170808,20170807,210320500,3786.0,2146,146644,81078580.0,3786.0,7,3785.0,7
rb1805,20170808,20170807,210321000,3785.0,2148,146644,81154280.0,3786.0,7,3785.0,7
rb1805,20170808,20170807,210321500,3785.0,2148,146644,81154280.0,3786.0,7,3785.0,7
rb1805,20170808,20170807,210322000,3785.0,2148,146644,81154280.0,3786.0,7,3785.0,4
rb1805,20170808,20170807,210322500,3785.0,2148,146644,81154280.0,3786.0,7,3785.0,11
rb1805,20170808,20170807,210323000,3785.0,2156,146652,81457140.0,3786.0,4,3785.0,12
rb1805,20170808,20170807,210323500,3786.0,2158,146652,81532860.0,3786.0,3,3785.0,12
rb1805,20170808,20170807,210324000,3786.0,2160,146652,81608580.0,3786.0,2,3785.0,8
rb1805,20170808,20170807,210324500,3785.0,2162,146652,81684280.0,3786.0,9,3785.0,6
rb1805,20170808,20170807,210325000,3785.0,2168,146656,81911400.0,3786.0,8,3784.0,27
rb1805,20170808,20170807,210325500,3786.0,2184,146656,82517160.0,3787.0,1,3786.0,6
rb1805,20170808,20170807,210326000,3786.0,2200,146664,83122920.0,3786.0,10,3784.0,35
rb1805,20170808,20170807,210326500,3784.0,2228,146664,84182440.0,3784.0,8,3783.0,5
rb1805,20170808,20170807,210327000,3785.0,2234,146658,84409540.0,3785.0,3,3783.0,1
rb1805,20170808,20170807,210327500,3785.0,2234,146658,84409540.0,3785.0,4,3783.0,2
rb1805,20170808,20170807,210328500,3785.0,2234,146658,84409540.0,3785.0,5,3783.0,1
rb1805,20170808,20170807,210329000,3785.0,2234,146658,84409540.0,3785.0,6,3783.0,1
rb1805,20170808,20170807,210329500,3785.0,2234,146658,84409540.0,3785.0,11,3783.0,1
rb1805,20170808,20170807,210330000,3785.0,2234,146658,84409540.0,3784.0,3,3783.0,1
rb1805,20170808,20170807,210330500,3785.0,2234,146658,84409540.0,3784.0,4,3783.0,1
rb1805,20170808,20170807,210331000,3785.0,2234,146658,84409540.0,3784.0,4,3783.0,1
rb1805,20170808,20170807,210331500,3785.0,2234,146658,84409540.0,3784.0,4,3783.0,1
rb1805,20170808,20170807,210332000,3783.0,2236,146660,84485200.0,3784.0,4,3782.0,28
rb1805,20170808,20170807,210332500,3784.0,2240,146660,84636560.0,3784.0,2,3782.0,28
rb1805,20170808,20170807,210333000,3784.0,2240,146660,84636560.0,3784.0,3,3782.0,24
rb1805,20170808,20170807,210333500,3784.0,2242,146660,84712240.0,3784.0,1,3783.0,8
rb1805,20170808,20170807,210334000,3783.0,2254,146670,85166240.0,3785.0,4,3783.0,4
rb1805,20170808,20170807,210334500,3783.0,2254,146670,85166240.0,3785.0,5,3783.0,4
rb1805,20170808,20170807,210335000,3783.0,2262,146678,85468920.0,3785.0,5,3783.0,1
rb1805,20170808,20170807,210335500,3783.0,2262,146678,85468920.0,3785.0,5,3783.0,4
rb1805,20170808,20170807,210336000,3783.0,2262,146678,85468920.0,3785.0,5,3783.0,4
rb1805,20170808,20170807,210336500,3783.0,2264,146678,85544580.0,3785.0,5,3783.0,3
rb1805,20170808,20170807,210337000,3783.0,2264,146678,85544580.0,3785.0,2,3783.0,13
rb1805,20170808,20170807,210337500,3783.0,2264,146678,85544580.0,3785.0,5,3783.0,13
rb1805,20170808,20170807,210338000,3783.0,2266,146680,85620240.0,3785.0,6,3783.0,12
rb1805,20170808,20170807,210338500,3783.0,2288,146702,86452500.0,3785.0,6,3783.0,6
rb1805,20170808,20170807,210339000,3783.0,2288,146702,86452500.0,3785.0,6,3783.0,7
rb1805,20170808,20170807,210339500,3783.0,2288,146702,86452500.0,3785.0,6,3783.0,7
rb1805,20170808,20170807,210340000,3783.0,2302,146702,86982120.0,3783.0,4,3782.0,24
rb1805,20170808,20170807,210340500,3783.0,2302,146702,86982120.0,3783.0,4,3782.0,24
rb1805,20170808,20170807,210341000,3783.0,2310,146702,87284760.0,3785.0,9,3784.0,16
rb1805,20170808,20170807,210341500,3784.0,2342,146706,88495640.0,3784.0,16,3782.0,24
rb1805,20170808,20170807,210342000,3784.0,2342,146706,88495640.0,3784.0,14,3782.0,25
rb1805,20170808,20170807,210342500,3784.0,2342,146706,88495640.0,3784.0,13,3782.0,25
rb1805,20170808,20170807,210343000,3784.0,2342,146706,88495640.0,3784.0,13,3782.0,26
rb1805,20170808,20170807,210343500,3784.0,2342,146706,88495640.0,3784.0,14,3782.0,25
rb1805,20170808,20170807,210344000,3784.0,2342,146706,88495640.0,3784.0,15,3782.0,25
rb1805,20170808,20170807,210344500,3784.0,2342,146706,88495640.0,3784.0,16,3782.0,25
rb1805,20170808,20170807,210345000,3784.0,2362,146686,89252440.0,3784.0,16,3782.0,25
rb1805,20170808,20170807,210345500,3784.0,2366,146686,89403800.0,3784.0,15,3782.0,25
rb1805,20170808,20170807,210346000,3784.0,2368,146686,89479480.0,3784.0,18,3782.0,25
rb1805,20170808,20170807,210346500,3784.0,2368,146686,89479480.0,3784.0,8,3782.0,30
rb1805,20170808,20170807,210347000,3784.0,2382,146688,90009240.0,3785.0,7,3782.0,32
rb1805,20170808,20170807,210347500,3784.0,2382,146688,90009240.0,3785.0,4,3784.0,2
rb1805,20170808,20170807,210348000,3784.0,2382,146688,90009240.0,3785.0,4,3782.0,32
rb1805,20170808,20170807,210348500,3784.0,2382,146688,90009240.0,3785.0,8,3783.0,2
rb1805,20170808,20170807,210349000,3784.0,2382,146688,90009240.0,3785.0,8,3783.0,4
rb1805,20170808,20170807,210349500,3785.0,2384,146688,90084940.0,3785.0,7,3783.0,4
rb1805,20170808,20170807,210351000,3785.0,2384,146688,90084940.0,3785.0,7,3783.0,3
rb1805,20170808,20170807,210351500,3785.0,2384,146688,90084940.0,3785.0,12,3783.0,3
rb1805,20170808,20170807,210352000,3785.0,2384,146688,90084940.0,3785.0,13,3783.0,3
rb1805,20170808,20170807,210352500,3785.0,2384,146688,90084940.0,3785.0,13,3783.0,3
rb1805,20170808,20170807,210353000,3783.0,2386,146690,90160600.0,3785.0,13,3783.0,2
rb1805,20170808,20170807,210353500,3783.0,2386,146690,90160600.0,3785.0,13,3783.0,2
rb1805,20170808,20170807,210354000,3783.0,2386,146690,90160600.0,3785.0,8,3783.0,7
rb1805,20170808,20170807,210354500,3783.0,2386,146690,90160600.0,3784.0,1,3783.0,9
rb1805,20170808,20170807,210355000,3783.0,2386,146690,90160600.0,3784.0,1,3783.0,5
rb1805,20170808,20170807,210355500,3783.0,2386,146690,90160600.0,3784.0,1,3783.0,4
rb1805,20170808,20170807,210356000,3783.0,2394,146684,90463240.0,3783.0,3,3782.0,31
rb1805,20170808,20170807,210356500,3783.0,2394,146684,90463240.0,3783.0,2,3782.0,25
rb1805,20170808,20170807,210357000,3783.0,2394,146684,90463240.0,3783.0,1,3782.0,25
rb1805,20170808,20170807,210357500,3783.0,2394,146684,90463240.0,3783.0,4,3782.0,25
rb1805,20170808,20170807,210358000,3783.0,2394,146684,90463240.0,3783.0,4,3782.0,25
rb1805,20170808,20170807,210358500,3783.0,2394,146684,90463240.0,3783.0,4,3782.0,26
rb1805,20170808,20170807,210359500,3783.0,2394,146684,90463240.0,3783.0,8,3782.0,26
rb1805,20170808,20170807,210400000,3783.0,2394,146684,90463240.0,3783.0,5,3782.0,26
rb1805,20170808,20170807,210400500,3782.0,2396,146684,90538880.0,3783.0,8,3782.0,25
rb1805,20170808,20170807,210401000,3782.0,2398,146684,90614520.0,3783.0,5,3782.0,24
rb1805,20170808,20170807,210401500,3782.0,2398,146684,90614520.0,3783.0,4,3782.0,24
rb1805,20170808,20170807,210402000,3782.0,2398,146684,90614520.0,3783.0,8,3782.0,24
rb1805,20170808,20170807,210402500,3782.0,2430,146682,91824760.0,3783.0,13,3782.0,8
rb1805,20170808,20170807,210403000,3782.0,2446,146694,92429880.0,3782.0,13,3781.0,3
rb1805,20170808,20170807,210403500,3781.0,2452,146700,92656740.0,3782.0,4,3780.0,15
rb1805,20170808,20170807,210404000,3781.0,2452,146700,92656740.0,3781.0,3,3780.0,16
rb1805,20170808,20170807,210404500,3781.0,2452,146700,92656740.0,3781.0,4,3780.0,16
rb1805,20170808,20170807,210405000,3780.0,2464,146698,93110340.0,3781.0,7,3780.0,10
rb1805,20170808,20170807,210405500,3780.0,2484,146714,93866340.0,3780.0,23,3779.0,3
rb1805,20170808,20170807,210406000,3779.0,2486,146714,93941920.0,3780.0,13,3779.0,5
rb1805,20170808,20170807,210406500,3778.0,2492,146718,94168640.0,3779.0,7,3778.0,3
rb1805,20170808,20170807,210407000,3778.0,2496,146716,94319760.0,3779.0,4,3778.0,4
rb1805,20170808,20170807,210407500,3778.0,2496,146716,94319760.0,3779.0,4,3778.0,4
rb1805,20170808,20170807,210408000,3778.0,2496,146716,94319760.0,3779.0,4,3778.0,4
rb1805,20170808,20170807,210408500,3778.0,2496,146716,94319760.0,3779.0,4,3778.0,4
rb1805,20170808,20170807,210409000,3779.0,2504,146708,94622080.0,3780.0,4,3779.0,20
rb1805,20170808,20170807,210409500,3779.0,2514,146708,94999980.0,3780.0,9,3779.0,15
rb1805,20170808,20170807,210410000,3778.0,2550,146706,96360360.0,3780.0,10,3779.0,3
rb1805,20170808,20170807,210410500,3778.0,2558,146708,96662660.0,3779.0,2,3778.0,2
rb1805,20170808,20170807,210411000,3778.0,2558,146708,96662660.0,3779.0,3,3778.0,2
rb1805,20170808,20170807,210411500,3778.0,2562,146708,96813780.0,3778.0,6,3777.0,5
rb1805,20170808,20170807,210412000,3778.0,2562,146708,96813780.0,3778.0,4,3777.0,5
rb1805,20170808,20170807,210412500,3778.0,2562,146708,96813780.0,3778.0,5,3777.0,5
rb1805,20170808,20170807,210413000,3778.0,2572,146700,97191580.0,3779.0,6,3778.0,19
rb1805,20170808,20170807,210413500,3778.0,2572,146700,97191580.0,3779.0,7,3778.0,20
rb1805,20170808,20170807,210414000,3778.0,2576,146704,97342700.0,3779.0,7,3778.0,18
rb1805,20170808,20170807,210414500,3778.0,2576,146704,97342700.0,3779.0,7,3778.0,18
rb1805,20170808,20170807,210415000,3778.0,2576,146704,97342700.0,3779.0,7,3778.0,19
rb1805,20170808,20170807,210415500,3778.0,2576,146704,97342700.0,3779.0,7,3778.0,21
rb1805,20170808,20170807,210416000,3778.0,2576,146704,97342700.0,3779.0,7,3778.0,21
rb1805,20170808,20170807,210416500,3779.0,2626,146750,99231740.0,3779.0,14,3777.0,5
rb1805,20170808,20170807,210417000,3778.0,2628,146748,99307300.0,3778.0,2,3777.0,5
rb1805,20170808,20170807,210417500,3778.0,2628,146748,99307300.0,3778.0,3,3777.0,5
rb1805,20170808,20170807,210418000,3777.0,2638,146742,99685000.0,3777.0,12,3776.0,22
rb1805,20170808,20170807,210418500,3776.0,2642,146742,99836040.0,3777.0,15,3776.0,20
rb1805,20170808,20170807,210419000,3776.0,2646,146742,99987080.0,3777.0,15,3776.0,18
rb1805,20170808,20170807,210419500,3776.0,2654,146742,100289160.0,3777.0,15,3776.0,15
rb1805,20170808,20170807,210420000,3776.0,2658,146742,100440200.0,3777.0,15,3776.0,18
rb1805,20170808,20170807,210420500,3777.0,2660,146742,100515740.0,3777.0,18,3776.0,19
rb1805,20170808,20170807,210421000,3776.0,2664,146742,100666780.0,3777.0,15,3776.0,17
rb1805,20170808,20170807,210421500,3776.0,2664,146742,100666780.0,3777.0,15,3776.0,17
rb1805,20170808,20170807,210422000,3776.0,2682,146742,101346460.0,3777.0,21,3776.0,2
rb1805,20170808,20170807,210422500,3776.0,2686,146746,101497500.0,3776.0,9,3775.0,6
rb1805,20170808,20170807,210423000,3776.0,2686,146746,101497500.0,3776.0,11,3775.0,8
rb1805,20170808,20170807,210423500,3776.0,2690,146748,101648520.0,3776.0,10,3775.0,7
rb1805,20170808,20170807,210424000,3775.0,2706,146746,102252540.0,3775.0,3,3774.0,13
rb1805,20170808,20170807,210424500,3775.0,2720,146748,102781100.0,3776.0,6,3775.0,1
rb1805,20170808,20170807,210425000,3776.0,2726,146748,103007660.0,3776.0,3,3775.0,1
rb1805,20170808,20170807,210425500,3775.0,2728,146750,103083160.0,3775.0,10,3774.0,12
rb1805,20170808,20170807,210426000,3775.0,2728,146750,103083160.0,3775.0,10,3774.0,17
rb1805,20170808,20170807,210426500,3775.0,2730,146752,103158660.0,3775.0,9,3774.0,17
rb1805,20170808,20170807,210427000,3775.0,2732,146752,103234160.0,3775.0,8,3774.0,17
rb1805,20170808,20170807,210427500,3776.0,2750,146750,103913680.0,3776.0,2,3774.0,14
rb1805,20170808,20170807,210428000,3776.0,2752,146750,103989200.0,3776.0,7,3774.0,18
rb1805,20170808,20170807,210428500,3774.0,2780,146752,105045960.0,3776.0,6,3773.0,13
rb1805,20170808,20170807,210429000,3773.0,2784,146748,105196880.0,3776.0,6,3773.0,17
rb1805,20170808,20170807,210429500,3773.0,2784,146748,105196880.0,3776.0,11,3773.0,20
rb1805,20170808,20170807,210430000,3773.0,2786,146750,105272340.0,3776.0,6,3773.0,19
rb1805,20170808,20170807,210430500,3773.0,2788,146748,105347800.0,3776.0,4,3775.0,2
rb1805,20170808,20170807,210431000,3775.0,2792,146744,105498800.0,3775.0,1,3774.0,6
rb1805,20170808,20170807,210431500,3775.0,2796,146742,105649820.0,3776.0,2,3775.0,9
rb1805,20170808,20170807,210432000,3774.0,2836,146760,107159680.0,3774.0,1,3773.0,21
rb1805,20170808,20170807,210432500,3776.0,2842,146760,107386200.0,3776.0,4,3774.0,11
rb1805,20170808,20170807,210433000,3776.0,2842,146760,107386200.0,3775.0,1,3774.0,6
rb1805,20170808,20170807,210433500,3776.0,2842,146760,107386200.0,3775.0,10,3774.0,5
rb1805,20170808,20170807,210434000,3776.0,2842,146760,107386200.0,3775.0,10,3774.0,5
rb1805,20170808,20170807,210434500,3776.0,2842,146760,107386200.0,3775.0,1,3774.0,10
rb1805,20170808,20170807,210435000,3776.0,2842,146760,107386200.0,3775.0,1,3774.0,10
rb1805,20170808,20170807,210435500,3774.0,2846,146760,107537180.0,3776.0,8,3774.0,10
rb1805,20170808,20170807,210436500,3774.0,2846,146760,107537180.0,3776.0,12,3774.0,5
rb1805,20170808,20170807,210438000,3774.0,2846,146760,107537180.0,3776.0,12,3774.0,5
rb1805,20170808,20170807,210438500,3774.0,2846,146760,107537180.0,3776.0,12,3774.0,5
rb1805,20170808,20170807,210439000,3774.0,2846,146760,107537180.0,3776.0,12,3775.0,10
rb1805,20170808,20170807,210440000,3774.0,2870,146780,108442940.0,3776.0,12,3774.0,6
rb1805,20170808,20170807,210440500,3776.0,2872,146782,108518460.0,3776.0,11,3774.0,6
rb1805,20170808,20170807,210441000,3776.0,2874,146784,108593980.0,3776.0,10,3774.0,6
rb1805,20170808,20170807,210441500,3776.0,2874,146784,108593980.0,3776.0,11,3774.0,12
rb1805,20170808,20170807,210442000,3776.0,2874,146784,108593980.0,3776.0,8,3774.0,14
rb1805,20170808,20170807,210442500,3776.0,2880,146782,108820540.0,3779.0,4,3776.0,12
rb1805,20170808,20170807,210443000,3776.0,2882,146784,108896060.0,3778.0,4,3776.0,17
rb1805,20170808,20170807,210443500,3776.0,2882,146784,108896060.0,3778.0,4,3776.0,17
rb1805,20170808,20170807,210444000,3776.0,2882,146784,108896060.0,3778.0,4,3776.0,17
rb1805,20170808,20170807,210444500,3778.0,2890,146778,109198300.0,3779.0,4,3778.0,6
rb1805,20170808,20170807,210445000,3779.0,2892,146776,109273880.0,3779.0,3,3776.0,19
rb1805,20170808,20170807,210445500,3777.0,2896,146776,109425000.0,3779.0,2,3777.0,2
rb1805,20170808,20170807,210446000,3777.0,2896,146776,109425000.0,3779.0,7,3777.0,3
rb1805,20170808,20170807,210446500,3777.0,2896,146776,109425000.0,3779.0,8,3777.0,3
rb1805,20170808,20170807,210447000,3777.0,2896,146776,109425000.0,3779.0,8,3777.0,3
rb1805,20170808,20170807,210447500,3777.0,2896,146776,109425000.0,3779.0,8,3777.0,3
rb1805,20170808,20170807,210448000,3777.0,2896,146776,109425000.0,3779.0,8,3777.0,3
rb1805,20170808,20170807,210448500,3777.0,2896,146776,109425000.0,3778.0,7,3777.0,2
rb1805,20170808,20170807,210449000,3777.0,2896,146776,109425000.0,3778.0,7,3777.0,2
rb1805,20170808,20170807,210449500,3777.0,2896,146776,109425000.0,3778.0,7,3777.0,2
rb1805,20170808,20170807,210450000,3778.0,2910,146764,109953920.0,3779.0,8,3777.0,4
rb1805,20170808,20170807,210451000,3778.0,2910,146764,109953920.0,3779.0,12,3777.0,4
rb1805,20170808,20170807,210452000,3778.0,2910,146764,109953920.0,3779.0,13,3777.0,2
rb1805,20170808,20170807,210452500,3778.0,2910,146764,109953920.0,3779.0,12,3777.0,4
rb1805,20170808,20170807,210453000,3778.0,2910,146764,109953920.0,3779.0,13,3777.0,4
rb1805,20170808,20170807,210453500,3778.0,2910,146764,109953920.0,3779.0,13,3777.0,4
rb1805,20170808,20170807,210454000,3778.0,2910,146764,109953920.0,3779.0,13,3777.0,4
rb1805,20170808,20170807,210454500,3778.0,2910,146764,109953920.0,3779.0,13,3777.0,4
rb1805,20170808,20170807,210455000,3778.0,2910,146764,109953920.0,3779.0,13,3777.0,4
rb1805,20170808,20170807,210455500,3778.0,2910,146764,109953920.0,3779.0,9,3777.0,4
rb1805,20170808,20170807,210456000,3779.0,2912,146764,110029500.0,3779.0,8,3777.0,4
rb1805,20170808,20170807,210456500,3779.0,2912,146764,110029500.0,3779.0,9,3777.0,4
rb1805,20170808,20170807,210457000,3779.0,2912,146764,110029500.0,3779.0,8,3777.0,4
rb1805,20170808,20170807,210457500,3777.0,2914,146766,110105040.0,3779.0,8,3777.0,3
rb1805,20170808,20170807,210458500,3777.0,2916,146768,110180580.0,3779.0,8,3777.0,2
rb1805,20170808,20170807,210459000,3777.0,2916,146768,110180580.0,3779.0,8,3777.0,4
rb1805,20170808,20170807,210459500,3777.0,2916,146768,110180580.0,3779.0,9,3778.0,2
rb1805,20170808,20170807,210501000,3777.0,2916,146768,110180580.0,3779.0,9,3777.0,4
rb1805,20170808,20170807,210501500,3777.0,2916,146768,110180580.0,3779.0,9,3778.0,2
rb1805,20170808,20170807,210502000,3777.0,2916,146768,110180580.0,3779.0,4,3778.0,3
rb1805,20170808,20170807,210502500,3777.0,2916,146768,110180580.0,3779.0,4,3778.0,1
rb1805,20170808,20170807,210503500,3777.0,2916,146768,110180580.0,3779.0,4,3778.0,1
rb1805,20170808,20170807,210504000,3778.0,2918,146770,110256140.0,3779.0,5,3777.0,4
rb1805,20170808,20170807,210504500,3778.0,2918,146770,110256140.0,3778.0,2,3777.0,4
rb1805,20170808,20170807,210505000,3778.0,2918,146770,110256140.0,3778.0,2,3777.0,4
rb1805,20170808,20170807,210505500,3778.0,2926,146764,110558380.0,3779.0,4,3778.0,1
rb1805,20170808,20170807,210506000,3778.0,2928,146764,110633940.0,3778.0,1,3777.0,4
rb1805,20170808,20170807,210506500,3778.0,2928,146764,110633940.0,3778.0,20,3777.0,4
rb1805,20170808,20170807,210507500,3778.0,2928,146764,110633940.0,3778.0,21,3777.0,4
rb1805,20170808,20170807,210508000,3778.0,2928,146764,110633940.0,3778.0,21,3777.0,2
rb1805,20170808,20170807,210508500,3778.0,2928,146764,110633940.0,3778.0,22,3777.0,2
rb1805,20170808,20170807,210509500,3778.0,2928,146764,110633940.0,3778.0,31,3776.0,33
rb1805,20170808,20170807,210510000,3778.0,2928,146764,110633940.0,3777.0,2,3776.0,30
rb1805,20170808,20170807,210510500,3777.0,2932,146764,110785020.0,3778.0,27,3777.0,9
rb1805,20170808,20170807,210511000,3777.0,2936,146764,110936100.0,3778.0,22,3777.0,7
rb1805,20170808,20170807,210511500,3777.0,2936,146764,110936100.0,3778.0,22,3777.0,7
rb1805,20170808,20170807,210512000,3777.0,2936,146764,110936100.0,3778.0,23,3777.0,8
rb1805,20170808,20170807,210513000,3777.0,2936,146764,110936100.0,3778.0,23,3777.0,3
rb1805,20170808,20170807,210513500,3777.0,2940,146764,111087180.0,3778.0,23,3777.0,1
rb1805,20170808,20170807,210514500,3777.0,2942,146766,111162720.0,3777.0,2,3776.0,35
rb1805,20170808,20170807,210515000,3777.0,2946,146770,111313800.0,3778.0,23,3777.0,6
rb1805,20170808,20170807,210515500,3777.0,2946,146770,111313800.0,3778.0,23,3776.0,35
rb1805,20170808,20170807,210516000,3776.0,2948,146770,111389320.0,3777.0,2,3776.0,34
rb1805,20170808,20170807,210516500,3777.0,2952,146770,111540400.0,3778.0,23,3777.0,2
rb1805,20170808,20170807,210517000,3777.0,2952,146770,111540400.0,3778.0,23,3777.0,50
rb1805,20170808,20170807,210517500,3777.0,2952,146770,111540400.0,3778.0,24,3777.0,50
rb1805,20170808,20170807,210518000,3777.0,2958,146764,111767020.0,3778.0,24,3777.0,47
rb1805,20170808,20170807,210518500,3777.0,2958,146764,111767020.0,3778.0,24,3777.0,47
rb1805,20170808,20170807,210519000,3777.0,2958,146764,111767020.0,3778.0,24,3777.0,48
rb1805,20170808,20170807,210519500,3777.0,2958,146764,111767020.0,3778.0,24,3777.0,48
rb1805,20170808,20170807,210521000,3777.0,2966,146760,112069180.0,3778.0,24,3777.0,45
rb1805,20170808,20170807,210521500,3777.0,2966,146760,112069180.0,3778.0,24,3777.0,45
rb1805,20170808,20170807,210522000,3777.0,2970,146756,112220260.0,3778.0,24,3777.0,43
rb1805,20170808,20170807,210522500,3777.0,2970,146756,112220260.0,3778.0,24,3777.0,43
rb1805,20170808,20170807,210523000,3777.0,2970,146756,112220260.0,3778.0,23,3777.0,43
rb1805,20170808,20170807,210523500,3778.0,2980,146746,112598060.0,3778.0,18,3777.0,43
rb1805,20170808,20170807,210524000,3778.0,2980,146746,112598060.0,3778.0,18,3777.0,43
rb1805,20170808,20170807,210524500,3778.0,2982,146746,112673620.0,3778.0,16,3777.0,43
rb1805,20170808,20170807,210525000,3778.0,3016,146750,113958140.0,3779.0,12,3778.0,14
rb1805,20170808,20170807,210525500,3778.0,3016,146750,113958140.0,3779.0,13,3778.0,16
rb1805,20170808,20170807,210526000,3779.0,3044,146732,115016260.0,3780.0,8,3779.0,5
rb1805,20170808,20170807,210526500,3778.0,3048,146730,115167380.0,3780.0,4,3778.0,14
rb1805,20170808,20170807,210527000,3778.0,3048,146730,115167380.0,3780.0,4,3778.0,14
rb1805,20170808,20170807,210527500,3778.0,3048,146730,115167380.0,3780.0,4,3778.0,14
rb1805,20170808,20170807,210528000,3778.0,3048,146730,115167380.0,3780.0,12,3778.0,14
rb1805,20170808,20170807,210528500,3778.0,3048,146730,115167380.0,3779.0,2,3778.0,14
rb1805,20170808,20170807,210529500,3778.0,3048,146730,115167380.0,3779.0,2,3778.0,14
rb1805,20170808,20170807,210530000,3779.0,3050,146732,115242960.0,3779.0,1,3778.0,15
rb1805,20170808,20170807,210530500,3779.0,3050,146732,115242960.0,3779.0,3,3778.0,15
rb1805,20170808,20170807,210531000,3779.0,3050,146732,115242960.0,3779.0,2,3778.0,15
rb1805,20170808,20170807,210531500,3779.0,3054,146732,115394120.0,3780.0,11,3779.0,8
rb1805,20170808,20170807,210532000,3779.0,3054,146732,115394120.0,3780.0,12,3779.0,8
rb1805,20170808,20170807,210532500,3779.0,3054,146732,115394120.0,3780.0,9,3779.0,19
rb1805,20170808,20170807,210533000,3779.0,3054,146732,115394120.0,3780.0,9,3779.0,19
rb1805,20170808,20170807,210533500,3779.0,3054,146732,115394120.0,3780.0,12,3779.0,19
rb1805,20170808,20170807,210534500,3779.0,3054,146732,115394120.0,3780.0,12,3779.0,19
rb1805,20170808,20170807,210535000,3779.0,3054,146732,115394120.0,3780.0,12,3779.0,19
rb1805,20170808,20170807,210535500,3779.0,3054,146732,115394120.0,3780.0,12,3779.0,19
rb1805,20170808,20170807,210536000,3779.0,3054,146732,115394120.0,3780.0,4,3779.0,19
rb1805,20170808,20170807,210536500,3780.0,3062,146738,115696520.0,3781.0,5,3780.0,12
rb1805,20170808,20170807,210537000,3780.0,3062,146738,115696520.0,3781.0,6,3780.0,4
rb1805,20170808,20170807,210537500,3780.0,3062,146738,115696520.0,3781.0,6,3779.0,24
rb1805,20170808,20170807,210538000,3780.0,3062,146738,115696520.0,3781.0,6,3779.0,24
rb1805,20170808,20170807,210538500,3781.0,3072,146730,116074620.0,3781.0,1,3779.0,24
rb1805,20170808,20170807,210539000,3781.0,3074,146732,116150240.0,3781.0,2,3780.0,1
rb1805,20170808,20170807,210539500,3781.0,3074,146732,116150240.0,3781.0,2,3780.0,1
rb1805,20170808,20170807,210540000,3781.0,3076,146734,116225860.0,3781.0,2,3780.0,1
rb1805,20170808,20170807,210540500,3781.0,3076,146734,116225860.0,3781.0,2,3780.0,1
rb1805,20170808,20170807,210541500,3781.0,3082,146734,116452720.0,3781.0,1,3780.0,11
rb1805,20170808,20170807,210542000,3781.0,3088,146734,116679580.0,3781.0,1,3780.0,11
rb1805,20170808,20170807,210542500,3780.0,3090,146736,116755180.0,3781.0,1,3780.0,10
rb1805,20170808,20170807,210543000,3781.0,3092,146738,116830800.0,3781.0,1,3780.0,10
rb1805,20170808,20170807,210543500,3781.0,3094,146740,116906420.0,3782.0,4,3781.0,3
rb1805,20170808,20170807,210544000,3781.0,3096,146742,116982040.0,3781.0,2,3780.0,10
rb1805,20170808,20170807,210544500,3781.0,3100,146742,117133280.0,3782.0,4,3781.0,6
rb1805,20170808,20170807,210545000,3781.0,3100,146742,117133280.0,3782.0,7,3781.0,2
rb1805,20170808,20170807,210545500,3781.0,3104,146746,117284520.0,3782.0,7,3780.0,10
rb1805,20170808,20170807,210546000,3781.0,3104,146746,117284520.0,3781.0,2,3780.0,10
rb1805,20170808,20170807,210547000,3781.0,3104,146746,117284520.0,3781.0,2,3780.0,10
rb1805,20170808,20170807,210547500,3781.0,3108,146746,117435760.0,3782.0,8,3780.0,10
rb1805,20170808,20170807,210548000,3781.0,3108,146746,117435760.0,3782.0,8,3780.0,10
rb1805,20170808,20170807,210548500,3781.0,3108,146746,117435760.0,3782.0,8,3781.0,5
rb1805,20170808,20170807,210549000,3781.0,3118,146756,117813860.0,3782.0,8,3780.0,10
rb1805,20170808,20170807,210549500,3781.0,3118,146756,117813860.0,3782.0,8,3780.0,11
rb1805,20170808,20170807,210550000,3781.0,3118,146756,117813860.0,3782.0,10,3780.0,15
rb1805,20170808,20170807,210550500,3781.0,3118,146756,117813860.0,3782.0,10,3781.0,3
rb1805,20170808,20170807,210551000,3781.0,3118,146756,117813860.0,3782.0,10,3781.0,3
rb1805,20170808,20170807,210552500,3781.0,3140,146736,118645880.0,3783.0,5,3781.0,2
rb1805,20170808,20170807,210553000,3781.0,3140,146736,118645880.0,3782.0,3,3781.0,3
rb1805,20170808,20170807,210553500,3781.0,3140,146736,118645880.0,3782.0,3,3781.0,3
rb1805,20170808,20170807,210554000,3781.0,3140,146736,118645880.0,3782.0,3,3781.0,3
rb1805,20170808,20170807,210554500,3781.0,3146,146738,118872740.0,3781.0,1,3780.0,15
rb1805,20170808,20170807,210555000,3782.0,3150,146738,119024000.0,3782.0,2,3781.0,3
rb1805,20170808,20170807,210555500,3782.0,3154,146734,119175280.0,3783.0,5,3782.0,6
rb1805,20170808,20170807,210556000,3782.0,3154,146734,119175280.0,3783.0,8,3782.0,6
rb1805,20170808,20170807,210556500,3782.0,3154,146734,119175280.0,3783.0,8,3782.0,6
rb1805,20170808,20170807,210557000,3782.0,3154,146734,119175280.0,3783.0,8,3782.0,6
rb1805,20170808,20170807,210558500,3782.0,3154,146734,119175280.0,3783.0,9,3782.0,6
rb1805,20170808,20170807,210559000,3782.0,3158,146732,119326560.0,3783.0,9,3782.0,4
rb1805,20170808,20170807,210559500,3782.0,3158,146732,119326560.0,3783.0,9,3782.0,4
rb1805,20170808,20170807,210600000,3782.0,3158,146732,119326560.0,3783.0,9,3782.0,4
rb1805,20170808,20170807,210601000,3783.0,3162,146732,119477860.0,3783.0,8,3782.0,3
rb1805,20170808,20170807,210601500,3783.0,3162,146732,119477860.0,3783.0,8,3782.0,3
rb1805,20170808,20170807,210602000,3783.0,3162,146732,119477860.0,3783.0,8,3782.0,3
rb1805,20170808,20170807,210602500,3783.0,3164,146730,119553520.0,3783.0,8,3782.0,3
rb1805,20170808,20170807,210603000,3783.0,3164,146730,119553520.0,3783.0,8,3782.0,3
rb1805,20170808,20170807,210603500,3783.0,3164,146730,119553520.0,3783.0,8,3782.0,3
rb1805,20170808,20170807,210604000,3783.0,3166,146730,119629180.0,3783.0,7,3782.0,3
rb1805,20170808,20170807,210605000,3783.0,3166,146730,119629180.0,3783.0,7,3782.0,4
rb1805,20170808,20170807,210605500,3782.0,3168,146728,119704820.0,3783.0,7,3782.0,3
rb1805,20170808,20170807,210606500,3782.0,3168,146728,119704820.0,3783.0,7,3782.0,3
rb1805,20170808,20170807,210607000,3783.0,3182,146720,120234440.0,3784.0,7,3783.0,3
rb1805,20170808,20170807,210607500,3784.0,3190,146712,120537160.0,3784.0,4,3783.0,8
rb1805,20170808,20170807,210608000,3784.0,3208,146704,121218280.0,3785.0,3,3783.0,18
rb1805,20170808,20170807,210608500,3784.0,3208,146704,121218280.0,3785.0,3,3783.0,18
rb1805,20170808,20170807,210609000,3783.0,3210,146702,121293940.0,3785.0,3,3783.0,17
rb1805,20170808,20170807,210609500,3784.0,3212,146702,121369620.0,3785.0,3,3784.0,5
rb1805,20170808,20170807,210610000,3785.0,3220,146702,121672420.0,3786.0,9,3785.0,6
rb1805,20170808,20170807,210610500,3785.0,3238,146714,122353860.0,3786.0,2,3785.0,1
rb1805,20170808,20170807,210611000,3786.0,3242,146716,122505300.0,3787.0,1,3785.0,6
rb1805,20170808,20170807,210611500,3787.0,3244,146714,122581040.0,3787.0,2,3785.0,7
rb1805,20170808,20170807,210612000,3788.0,3250,146708,122808280.0,3788.0,6,3785.0,8
rb1805,20170808,20170807,210612500,3788.0,3254,146708,122959800.0,3788.0,9,3786.0,1
rb1805,20170808,20170807,210613000,3788.0,3254,146708,122959800.0,3788.0,9,3786.0,3
rb1805,20170808,20170807,210613500,3788.0,3254,146708,122959800.0,3788.0,9,3786.0,3
rb1805,20170808,20170807,210614000,3788.0,3272,146712,123641640.0,3789.0,4,3786.0,3
rb1805,20170808,20170807,210614500,3788.0,3272,146712,123641640.0,3789.0,5,3786.0,8
rb1805,20170808,20170807,210615000,3788.0,3274,146714,123717400.0,3789.0,5,3788.0,9
rb1805,20170808,20170807,210615500,3789.0,3306,146722,124929520.0,3789.0,1,3786.0,5
rb1805,20170808,20170807,210616000,3786.0,3310,146720,125081020.0,3789.0,1,3786.0,4
rb1805,20170808,20170807,210616500,3786.0,3310,146720,125081020.0,3788.0,1,3786.0,4
rb1805,20170808,20170807,210617000,3786.0,3310,146720,125081020.0,3789.0,1,3786.0,4
rb1805,20170808,20170807,210617500,3786.0,3310,146720,125081020.0,3788.0,1,3786.0,11
rb1805,20170808,20170807,210618000,3786.0,3310,146720,125081020.0,3788.0,1,3787.0,3
rb1805,20170808,20170807,210618500,3789.0,3312,146720,125156800.0,3790.0,15,3786.0,15
rb1805,20170808,20170807,210619000,3788.0,3314,146720,125232560.0,3788.0,2,3786.0,19
rb1805,20170808,20170807,210619500,3788.0,3324,146722,125611320.0,3788.0,1,3786.0,18
rb1805,20170808,20170807,210620000,3788.0,3326,146724,125687080.0,3790.0,16,3788.0,2
rb1805,20170808,20170807,210620500,3788.0,3326,146724,125687080.0,3789.0,1,3786.0,19
rb1805,20170808,20170807,210621000,3788.0,3326,146724,125687080.0,3789.0,1,3788.0,4
rb1805,20170808,20170807,210621500,3788.0,3326,146724,125687080.0,3790.0,17,3788.0,4
rb1805,20170808,20170807,210622000,3788.0,3326,146724,125687080.0,3789.0,1,3788.0,4
rb1805,20170808,20170807,210622500,3788.0,3328,146724,125762840.0,3789.0,1,3788.0,3
rb1805,20170808,20170807,210623000,3788.0,3328,146724,125762840.0,3789.0,2,3788.0,3
rb1805,20170808,20170807,210623500,3789.0,3332,146722,125914400.0,3790.0,19,3788.0,4
rb1805,20170808,20170807,210624000,3788.0,3334,146722,125990160.0,3789.0,2,3788.0,13
rb1805,20170808,20170807,210624500,3789.0,3338,146722,126141720.0,3790.0,19,3789.0,2
rb1805,20170808,20170807,210625000,3789.0,3338,146722,126141720.0,3790.0,19,3788.0,13
rb1805,20170808,20170807,210625500,3788.0,3342,146724,126293240.0,3790.0,19,3788.0,1
rb1805,20170808,20170807,210626000,3790.0,3344,146724,126369040.0,3790.0,18,3789.0,1
rb1805,20170808,20170807,210626500,3789.0,3350,146722,126596380.0,3789.0,8,3788.0,1
rb1805,20170808,20170807,210627000,3789.0,3354,146722,126747920.0,3789.0,5,3786.0,10
rb1805,20170808,20170807,210627500,3789.0,3354,146722,126747920.0,3788.0,7,3786.0,10
rb1805,20170808,20170807,210628000,3789.0,3354,146722,126747920.0,3787.0,3,3786.0,10
rb1805,20170808,20170807,210628500,3788.0,3356,146720,126823680.0,3787.0,2,3786.0,7
rb1805,20170808,20170807,210629000,3786.0,3370,146726,127353720.0,3786.0,1,3785.0,5
rb1805,20170808,20170807,210629500,3786.0,3370,146726,127353720.0,3785.0,2,3784.0,1
rb1805,20170808,20170807,210630000,3785.0,3376,146722,127580820.0,3787.0,4,3786.0,1
rb1805,20170808,20170807,210630500,3784.0,3380,146724,127732220.0,3787.0,4,3784.0,12
rb1805,20170808,20170807,210631000,3787.0,3386,146724,127959440.0,3787.0,1,3786.0,1
rb1805,20170808,20170807,210631500,3787.0,3386,146724,127959440.0,3787.0,1,3786.0,1
rb1805,20170808,20170807,210632000,3787.0,3386,146724,127959440.0,3787.0,1,3785.0,6
rb1805,20170808,20170807,210632500,3786.0,3388,146722,128035160.0,3787.0,2,3786.0,2
rb1805,20170808,20170807,210633000,3786.0,3388,146722,128035160.0,3787.0,2,3786.0,3
rb1805,20170808,20170807,210633500,3786.0,3388,146722,128035160.0,3787.0,2,3786.0,3
rb1805,20170808,20170807,210634000,3786.0,3392,146722,128186600.0,3787.0,2,3786.0,1
rb1805,20170808,20170807,210634500,3786.0,3392,146722,128186600.0,3787.0,2,3786.0,1
rb1805,20170808,20170807,210635000,3786.0,3394,146722,128262320.0,3787.0,2,3785.0,17
rb1805,20170808,20170807,210635500,3786.0,3394,146722,128262320.0,3787.0,2,3785.0,19
rb1805,20170808,20170807,210636000,3786.0,3394,146722,128262320.0,3787.0,2,3785.0,20
rb1805,20170808,20170807,210636500,3786.0,3396,146722,128338040.0,3787.0,2,3785.0,20
rb1805,20170808,20170807,210637000,3786.0,3404,146720,128640960.0,3789.0,6,3786.0,1
rb1805,20170808,20170807,210637500,3788.0,3408,146720,128792480.0,3788.0,5,3787.0,2
rb1805,20170808,20170807,210638000,3788.0,3408,146720,128792480.0,3788.0,5,3787.0,2
rb1805,20170808,20170807,210638500,3788.0,3408,146720,128792480.0,3788.0,5,3787.0,4
rb1805,20170808,20170807,210639000,3788.0,3426,146712,129474320.0,3789.0,6,3787.0,4
rb1805,20170808,20170807,210639500,3788.0,3426,146712,129474320.0,3789.0,6,3787.0,4
rb1805,20170808,20170807,210640000,3789.0,3428,146712,129550100.0,3789.0,5,3788.0,2
rb1805,20170808,20170807,210640500,3789.0,3428,146712,129550100.0,3789.0,4,3788.0,3
rb1805,20170808,20170807,210641000,3788.0,3430,146710,129625860.0,3789.0,4,3788.0,2
rb1805,20170808,20170807,210641500,3788.0,3430,146710,129625860.0,3789.0,5,3788.0,2
rb1805,20170808,20170807,210642000,3788.0,3432,146710,129701620.0,3789.0,5,3788.0,1
rb1805,20170808,20170807,210642500,3788.0,3434,146710,129777380.0,3788.0,1,3787.0,14
rb1805,20170808,20170807,210643000,3789.0,3438,146708,129928920.0,3789.0,4,3787.0,9
rb1805,20170808,20170807,210643500,3788.0,3440,146708,130004680.0,3788.0,1,3787.0,9
rb1805,20170808,20170807,210644000,3787.0,3442,146706,130080420.0,3788.0,1,3787.0,2
rb1805,20170808,20170807,210644500,3789.0,3448,146710,130307700.0,3789.0,4,3787.0,1
rb1805,20170808,20170807,210645500,3787.0,3450,146710,130383440.0,3787.0,1,3786.0,13
rb1805,20170808,20170807,210646000,3787.0,3454,146708,130534920.0,3789.0,6,3786.0,16
rb1805,20170808,20170807,210646500,3786.0,3456,146706,130610640.0,3789.0,4,3786.0,15
rb1805,20170808,20170807,210647000,3786.0,3458,146704,130686360.0,3789.0,5,3787.0,8
rb1805,20170808,20170807,210647500,3787.0,3460,146702,130762100.0,3789.0,8,3787.0,7
rb1805,20170808,20170807,210648000,3787.0,3464,146700,130913580.0,3789.0,8,3787.0,11
rb1805,20170808,20170807,210648500,3787.0,3468,146700,131065100.0,3789.0,10,3787.0,13
rb1805,20170808,20170807,210649000,3787.0,3470,146700,131140840.0,3789.0,10,3787.0,13
rb1805,20170808,20170807,210649500,3787.0,3472,146700,131216580.0,3789.0,7,3787.0,12
rb1805,20170808,20170807,210650000,3787.0,3474,146700,131292320.0,3789.0,7,3787.0,11
rb1805,20170808,20170807,210650500,3787.0,3476,146700,131368060.0,3789.0,7,3787.0,10
rb1805,20170808,20170807,210651000,3787.0,3478,146700,131443800.0,3789.0,7,3787.0,9
rb1805,20170808,20170807,210651500,3787.0,3480,146700,131519540.0,3789.0,7,3787.0,13
rb1805,20170808,20170807,210652000,3787.0,3482,146700,131595280.0,3789.0,8,3787.0,11
rb1805,20170808,20170807,210652500,3789.0,3486,146700,131746800.0,3789.0,8,3788.0,2
rb1805,20170808,20170807,210653000,3788.0,3490,146700,131898320.0,3788.0,4,3787.0,11
rb1805,20170808,20170807,210653500,3788.0,3490,146700,131898320.0,3789.0,8,3787.0,6
rb1805,20170808,20170807,210654000,3789.0,3498,146702,132201440.0,3789.0,4,3788.0,3
rb1805,20170808,20170807,210654500,3789.0,3498,146702,132201440.0,3789.0,4,3787.0,11
rb1805,20170808,20170807,210655000,3789.0,3498,146702,132201440.0,3789.0,4,3787.0,16
rb1805,20170808,20170807,210655500,3789.0,3498,146702,132201440.0,3789.0,5,3787.0,18
rb1805,20170808,20170807,210656000,3789.0,3498,146702,132201440.0,3789.0,5,3787.0,16
rb1805,20170808,20170807,210656500,3789.0,3498,146702,132201440.0,3789.0,5,3787.0,20
rb1805,20170808,20170807,210657000,3789.0,3540,146688,133792020.0,3789.0,4,3787.0,12
rb1805,20170808,20170807,210657500,3789.0,3540,146688,133792020.0,3789.0,4,3787.0,12
rb1805,20170808,20170807,210658000,3787.0,3544,146684,133943500.0,3789.0,5,3787.0,10
rb1805,20170808,20170807,210658500,3787.0,3544,146684,133943500.0,3789.0,7,3787.0,11
rb1805,20170808,20170807,210659000,3789.0,3556,146686,134398180.0,3790.0,33,3788.0,5
rb1805,20170808,20170807,210659500,3790.0,3558,146686,134473980.0,3790.0,32,3789.0,3
rb1805,20170808,20170807,210700000,3790.0,3624,146712,136975380.0,3791.0,3,3790.0,17
rb1805,20170808,20170807,210700500,3790.0,3626,146712,137051180.0,3791.0,13,3790.0,16
rb1805,20170808,20170807,210701000,3791.0,3634,146714,137354460.0,3791.0,9,3790.0,16
rb1805,20170808,20170807,210701500,3790.0,3636,146714,137430260.0,3791.0,12,3790.0,15
rb1805,20170808,20170807,210702000,3790.0,3654,146722,138112460.0,3791.0,12,3790.0,6
rb1805,20170808,20170807,210702500,3790.0,3666,146734,138567260.0,3790.0,25,3789.0,1
rb1805,20170808,20170807,210703000,3789.0,3670,146736,138718820.0,3790.0,18,3788.0,1
rb1805,20170808,20170807,210703500,3788.0,3692,146744,139552580.0,3789.0,1,3788.0,1
rb1805,20170808,20170807,210704000,3788.0,3692,146744,139552580.0,3789.0,1,3788.0,2
rb1805,20170808,20170807,210704500,3788.0,3692,146744,139552580.0,3789.0,1,3788.0,2
rb1805,20170808,20170807,210705000,3789.0,3694,146746,139628360.0,3789.0,1,3788.0,2
rb1805,20170808,20170807,210705500,3789.0,3696,146748,139704140.0,3789.0,1,3788.0,2
rb1805,20170808,20170807,210706000,3789.0,3698,146750,139779920.0,3790.0,9,3788.0,8
rb1805,20170808,20170807,210706500,3789.0,3698,146750,139779920.0,3790.0,13,3789.0,2
rb1805,20170808,20170807,210707000,3789.0,3698,146750,139779920.0,3790.0,1,3789.0,2
rb1805,20170808,20170807,210707500,3789.0,3698,146750,139779920.0,3790.0,10,3789.0,2
rb1805,20170808,20170807,210708000,3789.0,3698,146750,139779920.0,3790.0,10,3789.0,2
rb1805,20170808,20170807,210708500,3789.0,3698,146750,139779920.0,3790.0,10,3789.0,3
rb1805,20170808,20170807,210709000,3789.0,3704,146756,140007260.0,3790.0,12,3788.0,18
rb1805,20170808,20170807,210709500,3789.0,3704,146756,140007260.0,3790.0,14,3788.0,18
rb1805,20170808,20170807,210710000,3789.0,3704,146756,140007260.0,3790.0,14,3788.0,19
rb1805,20170808,20170807,210710500,3789.0,3708,146756,140158840.0,3790.0,14,3789.0,9
rb1805,20170808,20170807,210711000,3789.0,3710,146756,140234620.0,3790.0,14,3789.0,8
rb1805,20170808,20170807,210711500,3789.0,3710,146756,140234620.0,3790.0,14,3789.0,8
rb1805,20170808,20170807,210712000,3789.0,3710,146756,140234620.0,3790.0,11,3789.0,8
rb1805,20170808,20170807,210712500,3789.0,3714,146752,140386180.0,3790.0,11,3789.0,6
rb1805,20170808,20170807,210713000,3789.0,3714,146752,140386180.0,3790.0,11,3789.0,6
rb1805,20170808,20170807,210713500,3789.0,3714,146752,140386180.0,3790.0,11,3789.0,6
rb1805,20170808,20170807,210714000,3789.0,3714,146752,140386180.0,3790.0,12,3789.0,6
rb1805,20170808,20170807,210714500,3789.0,3714,146752,140386180.0,3790.0,9,3789.0,6
rb1805,20170808,20170807,210715000,3789.0,3720,146746,140613520.0,3790.0,9,3789.0,3
rb1805,20170808,20170807,210715500,3789.0,3720,146746,140613520.0,3790.0,2,3789.0,6
rb1805,20170808,20170807,210716000,3789.0,3720,146746,140613520.0,3790.0,2,3789.0,6
rb1805,20170808,20170807,210716500,3789.0,3724,146742,140765100.0,3790.0,1,3789.0,5
rb1805,20170808,20170807,210717000,3790.0,3726,146742,140840900.0,3791.0,10,3789.0,10
rb1805,20170808,20170807,210717500,3789.0,3736,146738,141219800.0,3791.0,7,3789.0,5
rb1805,20170808,20170807,210718000,3789.0,3736,146738,141219800.0,3791.0,1,3789.0,6
rb1805,20170808,20170807,210718500,3789.0,3736,146738,141219800.0,3791.0,8,3789.0,6
rb1805,20170808,20170807,210719000,3789.0,3736,146738,141219800.0,3791.0,8,3789.0,6
rb1805,20170808,20170807,210719500,3789.0,3736,146738,141219800.0,3791.0,8,3789.0,6
rb1805,20170808,20170807,210720000,3789.0,3736,146738,141219800.0,3791.0,8,3789.0,6
rb1805,20170808,20170807,210721000,3789.0,3736,146738,141219800.0,3791.0,3,3790.0,1
rb1805,20170808,20170807,210721500,3789.0,3736,146738,141219800.0,3791.0,3,3789.0,6
rb1805,20170808,20170807,210722000,3789.0,3736,146738,141219800.0,3791.0,3,3790.0,1
rb1805,20170808,20170807,210723000,3789.0,3736,146738,141219800.0,3791.0,3,3790.0,1
rb1805,20170808,20170807,210723500,3789.0,3736,146738,141219800.0,3791.0,4,3790.0,1
rb1805,20170808,20170807,210724500,3789.0,3736,146738,141219800.0,3791.0,4,3790.0,1
rb1805,20170808,20170807,210725000,3790.0,3740,146740,141371400.0,3790.0,3,3789.0,6
rb1805,20170808,20170807,210725500,3791.0,3754,146740,141902080.0,3792.0,15,3791.0,2
rb1805,20170808,20170807,210726000,3791.0,3760,146746,142129540.0,3792.0,15,3790.0,5
rb1805,20170808,20170807,210726500,3791.0,3760,146746,142129540.0,3792.0,15,3791.0,2
rb1805,20170808,20170807,210727000,3791.0,3764,146750,142281180.0,3792.0,15,3790.0,5
rb1805,20170808,20170807,210727500,3791.0,3764,146750,142281180.0,3792.0,15,3791.0,5
rb1805,20170808,20170807,210728000,3792.0,3774,146752,142660380.0,3792.0,10,3791.0,5
rb1805,20170808,20170807,210728500,3793.0,3796,146742,143494640.0,3793.0,7,3791.0,5
rb1805,20170808,20170807,210729000,3793.0,3810,146742,144025620.0,3794.0,1,3792.0,5
rb1805,20170808,20170807,210729500,3794.0,3814,146742,144177360.0,3794.0,1,3793.0,4
rb1805,20170808,20170807,210730000,3795.0,3818,146740,144329140.0,3795.0,15,3794.0,11
rb1805,20170808,20170807,210730500,3794.0,3850,146756,145543220.0,3794.0,11,3793.0,8
rb1805,20170808,20170807,210731000,3794.0,3872,146778,146377900.0,3795.0,19,3793.0,8
rb1805,20170808,20170807,210731500,3794.0,3874,146780,146453780.0,3795.0,19,3793.0,13
rb1805,20170808,20170807,210732000,3794.0,3874,146780,146453780.0,3795.0,19,3794.0,1
rb1805,20170808,20170807,210732500,3794.0,3878,146782,146605540.0,3795.0,20,3793.0,8
rb1805,20170808,20170807,210733000,3794.0,3878,146782,146605540.0,3794.0,1,3793.0,4
rb1805,20170808,20170807,210733500,3794.0,3880,146784,146681420.0,3794.0,1,3792.0,12
rb1805,20170808,20170807,210734000,3795.0,3884,146786,146833200.0,3795.0,20,3792.0,12
rb1805,20170808,20170807,210734500,3795.0,3886,146786,146909100.0,3794.0,8,3792.0,12
rb1805,20170808,20170807,210735000,3795.0,3886,146786,146909100.0,3793.0,1,3792.0,12
rb1805,20170808,20170807,210735500,3793.0,3888,146786,146984960.0,3793.0,4,3792.0,12
rb1805,20170808,20170807,210736000,3793.0,3896,146786,147288400.0,3794.0,8,3792.0,8
rb1805,20170808,20170807,210736500,3794.0,3908,146778,147743680.0,3794.0,3,3792.0,8
rb1805,20170808,20170807,210737000,3794.0,3908,146778,147743680.0,3794.0,3,3792.0,8
rb1805,20170808,20170807,210737500,3794.0,3908,146778,147743680.0,3793.0,1,3792.0,13
rb1805,20170808,20170807,210738000,3794.0,3920,146774,148198960.0,3794.0,1,3792.0,3
rb1805,20170808,20170807,210738500,3794.0,3922,146774,148274840.0,3795.0,21,3794.0,10
rb1805,20170808,20170807,210739000,3794.0,3950,146802,149337160.0,3795.0,26,3793.0,10
rb1805,20170808,20170807,210739500,3794.0,3950,146802,149337160.0,3795.0,25,3793.0,10
rb1805,20170808,20170807,210740000,3794.0,3950,146802,149337160.0,3795.0,22,3794.0,6
rb1805,20170808,20170807,210740500,3792.0,3990,146830,150854300.0,3792.0,30,3791.0,10
rb1805,20170808,20170807,210741000,3792.0,4050,146890,153129500.0,3795.0,24,3792.0,1
rb1805,20170808,20170807,210741500,3792.0,4050,146890,153129500.0,3795.0,25,3793.0,1
rb1805,20170808,20170807,210742000,3793.0,4052,146890,153205360.0,3793.0,4,3792.0,5
rb1805,20170808,20170807,210742500,3793.0,4054,146892,153281220.0,3794.0,9,3792.0,5
rb1805,20170808,20170807,210743000,3793.0,4054,146892,153281220.0,3794.0,10,3792.0,5
rb1805,20170808,20170807,210744000,3793.0,4056,146892,153357080.0,3793.0,2,3792.0,5
rb1805,20170808,20170807,210744500,3793.0,4056,146892,153357080.0,3793.0,2,3792.0,5
rb1805,20170808,20170807,210745000,3793.0,4058,146892,153432940.0,3794.0,9,3792.0,6
rb1805,20170808,20170807,210745500,3793.0,4058,146892,153432940.0,3794.0,11,3792.0,6
rb1805,20170808,20170807,210746000,3793.0,4058,146892,153432940.0,3793.0,2,3792.0,6
rb1805,20170808,20170807,210746500,3793.0,4058,146892,153432940.0,3793.0,4,3792.0,6
rb1805,20170808,20170807,210747000,3793.0,4060,146892,153508800.0,3793.0,3,3792.0,6
rb1805,20170808,20170807,210747500,3794.0,4070,146900,153888100.0,3795.0,23,3794.0,1
rb1805,20170808,20170807,210748000,3794.0,4072,146902,153963980.0,3794.0,1,3792.0,7
rb1805,20170808,20170807,210748500,3793.0,4076,146902,154115720.0,3795.0,34,3793.0,6
rb1805,20170808,20170807,210749000,3794.0,4080,146902,154267480.0,3795.0,34,3794.0,2
rb1805,20170808,20170807,210749500,3794.0,4084,146898,154419240.0,3794.0,20,3793.0,6
rb1805,20170808,20170807,210750000,3794.0,4102,146916,155102160.0,3794.0,12,3793.0,6
rb1805,20170808,20170807,210750500,3793.0,4106,146916,155253880.0,3794.0,12,3793.0,4
rb1805,20170808,20170807,210751500,3793.0,4106,146916,155253880.0,3794.0,12,3793.0,4
rb1805,20170808,20170807,210752000,3794.0,4122,146918,155860760.0,3794.0,11,3792.0,1
rb1805,20170808,20170807,210752500,3794.0,4124,146918,155936640.0,3793.0,6,3792.0,1
rb1805,20170808,20170807,210753000,3794.0,4124,146918,155936640.0,3793.0,6,3792.0,1
rb1805,20170808,20170807,210753500,3794.0,4124,146918,155936640.0,3793.0,6,3792.0,1
rb1805,20170808,20170807,210754000,3794.0,4124,146918,155936640.0,3793.0,6,3792.0,1
rb1805,20170808,20170807,210754500,3792.0,4126,146918,156012480.0,3793.0,7,3791.0,3
rb1805,20170808,20170807,210755000,3792.0,4126,146918,156012480.0,3792.0,1,3791.0,3
rb1805,20170808,20170807,210755500,3792.0,4128,146918,156088320.0,3792.0,1,3791.0,13
rb1805,20170808,20170807,210756000,3792.0,4136,146912,156391700.0,3793.0,5,3792.0,10
rb1805,20170808,20170807,210756500,3793.0,4138,146912,156467560.0,3793.0,4,3792.0,20
rb1805,20170808,20170807,210757000,3793.0,4144,146912,156695140.0,3793.0,1,3792.0,30
rb1805,20170808,20170807,210757500,3792.0,4146,146914,156770980.0,3793.0,1,3792.0,29
rb1805,20170808,20170807,210758000,3792.0,4148,146914,156846820.0,3793.0,1,3792.0,28
rb1805,20170808,20170807,210758500,3792.0,4152,146914,156998500.0,3793.0,3,3792.0,16
rb1805,20170808,20170807,210759500,3792.0,4152,146914,156998500.0,3793.0,3,3792.0,16
rb1805,20170808,20170807,210800000,3792.0,4152,146914,156998500.0,3793.0,7,3792.0,16
rb1805,20170808,20170807,210800500,3792.0,4152,146914,156998500.0,3793.0,7,3792.0,16
rb1805,20170808,20170807,210801000,3792.0,4152,146914,156998500.0,3793.0,3,3792.0,26
rb1805,20170808,20170807,210802500,3793.0,4154,146914,157074360.0,3793.0,2,3792.0,27
rb1805,20170808,20170807,210804500,3793.0,4158,146914,157226080.0,3794.0,22,3793.0,18
rb1805,20170808,20170807,210805000,3793.0,4178,146914,157984680.0,3794.0,13,3793.0,8
rb1805,20170808,20170807,210805500,3793.0,4178,146914,157984680.0,3794.0,13,3793.0,8
rb1805,20170808,20170807,210806000,3793.0,4178,146914,157984680.0,3794.0,13,3793.0,8
rb1805,20170808,20170807,210806500,3793.0,4178,146914,157984680.0,3794.0,13,3793.0,10
rb1805,20170808,20170807,210807000,3793.0,4178,146914,157984680.0,3794.0,13,3793.0,10
rb1805,20170808,20170807,210808000,3793.0,4178,146914,157984680.0,3794.0,13,3793.0,11
rb1805,20170808,20170807,210809500,3793.0,4196,146904,158667420.0,3794.0,18,3793.0,2
rb1805,20170808,20170807,210810000,3793.0,4200,146904,158819140.0,3793.0,5,3792.0,7
rb1805,20170808,20170807,210810500,3793.0,4204,146900,158970860.0,3793.0,3,3792.0,17
rb1805,20170808,20170807,210811000,3793.0,4220,146910,159577740.0,3794.0,18,3792.0,19
rb1805,20170808,20170807,210811500,3793.0,4220,146910,159577740.0,3793.0,1,3792.0,24
rb1805,20170808,20170807,210812000,3793.0,4222,146912,159653600.0,3794.0,13,3793.0,2
rb1805,20170808,20170807,210812500,3794.0,4224,146914,159729480.0,3794.0,5,3793.0,15
rb1805,20170808,20170807,210813000,3794.0,4232,146918,160033000.0,3794.0,1,3793.0,3
rb1805,20170808,20170807,210813500,3794.0,4234,146920,160108880.0,3795.0,36,3793.0,13
rb1805,20170808,20170807,210814000,3794.0,4234,146920,160108880.0,3795.0,40,3793.0,13
rb1805,20170808,20170807,210814500,3794.0,4234,146920,160108880.0,3795.0,40,3793.0,3
rb1805,20170808,20170807,210815000,3793.0,4236,146918,160184740.0,3794.0,1,3793.0,2
rb1805,20170808,20170807,210815500,3793.0,4238,146918,160260600.0,3794.0,1,3793.0,1
rb1805,20170808,20170807,210816000,3794.0,4240,146918,160336480.0,3795.0,41,3793.0,1
rb1805,20170808,20170807,210816500,3794.0,4240,146918,160336480.0,3795.0,41,3793.0,8
rb1805,20170808,20170807,210817500,3795.0,4242,146920,160412380.0,3795.0,40,3793.0,18
rb1805,20170808,20170807,210818000,3795.0,4242,146920,160412380.0,3795.0,40,3793.0,23
rb1805,20170808,20170807,210818500,3795.0,4242,146920,160412380.0,3794.0,2,3793.0,23
rb1805,20170808,20170807,210819000,3794.0,4252,146922,160791820.0,3795.0,29,3794.0,20
rb1805,20170808,20170807,210819500,3795.0,4256,146922,160943620.0,3795.0,27,3794.0,20
rb1805,20170808,20170807,210820000,3795.0,4256,146922,160943620.0,3795.0,30,3794.0,18
rb1805,20170808,20170807,210820500,3795.0,4276,146936,161702620.0,3795.0,20,3794.0,18
rb1805,20170808,20170807,210821000,3795.0,4334,146916,163903700.0,3796.0,14,3795.0,22
rb1805,20170808,20170807,210821500,3795.0,4344,146916,164283200.0,3796.0,17,3795.0,17
rb1805,20170808,20170807,210822000,3795.0,4344,146916,164283200.0,3796.0,17,3795.0,17
rb1805,20170808,20170807,210822500,3795.0,4344,146916,164283200.0,3796.0,17,3795.0,17
rb1805,20170808,20170807,210823000,3795.0,4348,146912,164435000.0,3796.0,8,3795.0,21
rb1805,20170808,20170807,210823500,3795.0,4348,146912,164435000.0,3796.0,8,3795.0,32
rb1805,20170808,20170807,210824000,3795.0,4352,146908,164586800.0,3796.0,17,3795.0,30
rb1805,20170808,20170807,210824500,3795.0,4352,146908,164586800.0,3796.0,8,3795.0,30
rb1805,20170808,20170807,210825000,3795.0,4362,146900,164966320.0,3796.0,7,3795.0,26
rb1805,20170808,20170807,210825500,3796.0,4364,146900,165042240.0,3796.0,6,3795.0,27
rb1805,20170808,20170807,210826000,3796.0,4364,146900,165042240.0,3796.0,6,3795.0,27
rb1805,20170808,20170807,210826500,3796.0,4368,146900,165194080.0,3796.0,4,3795.0,27
rb1805,20170808,20170807,210827500,3796.0,4370,146900,165270000.0,3796.0,3,3795.0,27
rb1805,20170808,20170807,210828000,3796.0,4374,146902,165421840.0,3796.0,1,3795.0,27
rb1805,20170808,20170807,210828500,3796.0,4388,146902,165953280.0,3797.0,31,3796.0,3
rb1805,20170808,20170807,210829000,3796.0,4388,146902,165953280.0,3797.0,27,3796.0,3
rb1805,20170808,20170807,210829500,3796.0,4388,146902,165953280.0,3797.0,27,3796.0,13
rb1805,20170808,20170807,210830500,3796.0,4388,146902,165953280.0,3797.0,27,3796.0,13
rb1805,20170808,20170807,210831000,3796.0,4388,146902,165953280.0,3797.0,27,3796.0,13
rb1805,20170808,20170807,210831500,3797.0,4400,146902,166408920.0,3797.0,21,3796.0,23
rb1805,20170808,20170807,210832000,3797.0,4434,146882,167699900.0,3797.0,4,3796.0,24
rb1805,20170808,20170807,210832500,3797.0,4436,146880,167775840.0,3797.0,3,3796.0,23
rb1805,20170808,20170807,210833000,3797.0,4444,146874,168079600.0,3798.0,2,3796.0,23
rb1805,20170808,20170807,210833500,3797.0,4444,146874,168079600.0,3797.0,3,3796.0,23
rb1805,20170808,20170807,210834000,3797.0,4450,146874,168307420.0,3798.0,2,3796.0,27
rb1805,20170808,20170807,210834500,3797.0,4450,146874,168307420.0,3798.0,2,3796.0,27
rb1805,20170808,20170807,210835500,3798.0,4456,146880,168535300.0,3799.0,2,3798.0,2
rb1805,20170808,20170807,210836000,3798.0,4460,146880,168687220.0,3798.0,11,3796.0,20
rb1805,20170808,20170807,210836500,3798.0,4460,146880,168687220.0,3798.0,12,3796.0,28
rb1805,20170808,20170807,210837000,3798.0,4462,146882,168763180.0,3798.0,7,3797.0,1
rb1805,20170808,20170807,210837500,3798.0,4462,146882,168763180.0,3798.0,10,3797.0,1
rb1805,20170808,20170807,210838000,3798.0,4464,146884,168839140.0,3798.0,9,3797.0,1
rb1805,20170808,20170807,210839000,3798.0,4464,146884,168839140.0,3798.0,9,3797.0,16
rb1805,20170808,20170807,210840000,3798.0,4484,146890,169598740.0,3799.0,8,3798.0,7
rb1805,20170808,20170807,210840500,3799.0,4508,146908,170510340.0,3799.0,4,3797.0,16
rb1805,20170808,20170807,210841000,3798.0,4510,146908,170586300.0,3799.0,4,3797.0,17
rb1805,20170808,20170807,210841500,3799.0,4514,146908,170738260.0,3799.0,2,3798.0,2
rb1805,20170808,20170807,210842000,3799.0,4514,146908,170738260.0,3799.0,2,3798.0,2
rb1805,20170808,20170807,210842500,3799.0,4514,146908,170738260.0,3799.0,2,3798.0,2
rb1805,20170808,20170807,210843000,3798.0,4518,146912,170890180.0,3799.0,8,3797.0,17
rb1805,20170808,20170807,210843500,3798.0,4518,146912,170890180.0,3798.0,1,3797.0,17
rb1805,20170808,20170807,210844000,3798.0,4520,146910,170966140.0,3799.0,2,3797.0,17
rb1805,20170808,20170807,210844500,3798.0,4520,146910,170966140.0,3799.0,4,3797.0,17
rb1805,20170808,20170807,210845000,3797.0,4546,146912,171953380.0,3798.0,64,3797.0,5
rb1805,20170808,20170807,210845500,3797.0,4556,146910,172333080.0,3797.0,1,3796.0,17
rb1805,20170808,20170807,210846000,3798.0,4560,146910,172484980.0,3798.0,64,3796.0,18
rb1805,20170808,20170807,210846500,3798.0,4560,146910,172484980.0,3798.0,64,3796.0,18
rb1805,20170808,20170807,210847500,3798.0,4560,146910,172484980.0,3798.0,64,3796.0,28
rb1805,20170808,20170807,210848000,3798.0,4560,146910,172484980.0,3798.0,64,3796.0,28
rb1805,20170808,20170807,210848500,3798.0,4560,146910,172484980.0,3798.0,64,3796.0,28
rb1805,20170808,20170807,210849000,3796.0,4562,146910,172560900.0,3798.0,65,3797.0,6
rb1805,20170808,20170807,210849500,3796.0,4562,146910,172560900.0,3798.0,65,3797.0,6
rb1805,20170808,20170807,210850000,3796.0,4562,146910,172560900.0,3798.0,65,3797.0,6
rb1805,20170808,20170807,210851000,3798.0,4564,146910,172636860.0,3798.0,64,3797.0,6
rb1805,20170808,20170807,210851500,3798.0,4566,146910,172712820.0,3798.0,63,3797.0,6
rb1805,20170808,20170807,210852000,3798.0,4566,146910,172712820.0,3798.0,63,3797.0,6
rb1805,20170808,20170807,210852500,3798.0,4566,146910,172712820.0,3798.0,63,3797.0,6
rb1805,20170808,20170807,210853000,3798.0,4568,146912,172788780.0,3798.0,62,3797.0,6
rb1805,20170808,20170807,210854000,3798.0,4568,146912,172788780.0,3798.0,62,3797.0,6
rb1805,20170808,20170807,210855000,3797.0,4570,146914,172864720.0,3798.0,62,3797.0,5
rb1805,20170808,20170807,210856000,3797.0,4570,146914,172864720.0,3798.0,62,3797.0,5
rb1805,20170808,20170807,210856500,3797.0,4570,146914,172864720.0,3798.0,61,3797.0,15
rb1805,20170808,20170807,210857000,3797.0,4570,146914,172864720.0,3798.0,61,3797.0,5
rb1805,20170808,20170807,210857500,3797.0,4570,146914,172864720.0,3798.0,62,3797.0,5
rb1805,20170808,20170807,210858000,3797.0,4580,146924,173244420.0,3797.0,11,3796.0,23
rb1805,20170808,20170807,210858500,3797.0,4580,146924,173244420.0,3797.0,11,3796.0,29
rb1805,20170808,20170807,210859000,3797.0,4590,146924,173624120.0,3797.0,6,3796.0,29
rb1805,20170808,20170807,210859500,3797.0,4606,146940,174231640.0,3798.0,62,3796.0,31
rb1805,20170808,20170807,210900000,3797.0,4606,146940,174231640.0,3798.0,61,3796.0,22
rb1805,20170808,20170807,210901000,3798.0,4610,146944,174383560.0,3798.0,60,3796.0,32
rb1805,20170808,20170807,210901500,3797.0,4612,146942,174459500.0,3798.0,45,3797.0,12
rb1805,20170808,20170807,210902000,3797.0,4612,146942,174459500.0,3798.0,44,3797.0,12
rb1805,20170808,20170807,210902500,3797.0,4612,146942,174459500.0,3798.0,44,3797.0,14
rb1805,20170808,20170807,210903000,3797.0,4612,146942,174459500.0,3798.0,45,3797.0,14
rb1805,20170808,20170807,210903500,3797.0,4614,146940,174535440.0,3798.0,44,3797.0,23
rb1805,20170808,20170807,210904000,3797.0,4614,146940,174535440.0,3798.0,44,3797.0,23
rb1805,20170808,20170807,210904500,3797.0,4614,146940,174535440.0,3798.0,44,3797.0,23
rb1805,20170808,20170807,210905000,3797.0,4614,146940,174535440.0,3798.0,44,3797.0,23
rb1805,20170808,20170807,210906500,3798.0,4634,146960,175295040.0,3798.0,34,3797.0,23
rb1805,20170808,20170807,210907000,3798.0,4634,146960,175295040.0,3798.0,34,3797.0,23
rb1805,20170808,20170807,210908000,3798.0,4636,146962,175371000.0,3798.0,33,3797.0,23
rb1805,20170808,20170807,210908500,3798.0,4636,146962,175371000.0,3798.0,33,3797.0,23
rb1805,20170808,20170807,210910500,3798.0,4636,146962,175371000.0,3798.0,37,3797.0,13
rb1805,20170808,20170807,210911000,3798.0,4636,146962,175371000.0,3798.0,37,3797.0,23
rb1805,20170808,20170807,210911500,3797.0,4638,146960,175446940.0,3798.0,37,3797.0,22
rb1805,20170808,20170807,210912000,3797.0,4638,146960,175446940.0,3798.0,37,3797.0,12
rb1805,20170808,20170807,210912500,3797.0,4638,146960,175446940.0,3798.0,38,3797.0,12
rb1805,20170808,20170807,210913000,3797.0,4638,146960,175446940.0,3798.0,37,3797.0,37
rb1805,20170808,20170807,210913500,3797.0,4638,146960,175446940.0,3798.0,38,3797.0,37
rb1805,20170808,20170807,210914000,3797.0,4638,146960,175446940.0,3798.0,37,3797.0,37
rb1805,20170808,20170807,210914500,3798.0,4640,146962,175522900.0,3798.0,37,3797.0,47
rb1805,20170808,20170807,210915500,3798.0,4640,146962,175522900.0,3798.0,37,3797.0,47
rb1805,20170808,20170807,210916000,3798.0,4640,146962,175522900.0,3798.0,37,3797.0,37
rb1805,20170808,20170807,210916500,3797.0,4650,146962,175902600.0,3798.0,37,3797.0,32
rb1805,20170808,20170807,210917000,3798.0,4662,146972,176358360.0,3798.0,31,3797.0,45
rb1805,20170808,20170807,210917500,3798.0,4662,146972,176358360.0,3798.0,67,3797.0,45
rb1805,20170808,20170807,210918000,3798.0,4662,146972,176358360.0,3798.0,67,3797.0,42
rb1805,20170808,20170807,210918500,3798.0,4662,146972,176358360.0,3798.0,67,3797.0,42
rb1805,20170808,20170807,210919000,3798.0,4672,146982,176738160.0,3798.0,62,3797.0,42
rb1805,20170808,20170807,210919500,3798.0,4672,146982,176738160.0,3798.0,62,3797.0,42
rb1805,20170808,20170807,210920000,3798.0,4672,146982,176738160.0,3798.0,62,3797.0,42
rb1805,20170808,20170807,210920500,3798.0,4672,146982,176738160.0,3798.0,63,3797.0,42
rb1805,20170808,20170807,210921000,3798.0,4702,147012,177877560.0,3798.0,48,3797.0,43
rb1805,20170808,20170807,210921500,3797.0,4778,147038,180763280.0,3798.0,48,3797.0,6
rb1805,20170808,20170807,210922000,3797.0,4790,147038,181218920.0,3797.0,14,3796.0,20
rb1805,20170808,20170807,210922500,3797.0,4790,147038,181218920.0,3797.0,6,3796.0,27
rb1805,20170808,20170807,210923000,3796.0,4792,147040,181294840.0,3797.0,6,3796.0,26
rb1805,20170808,20170807,210923500,3797.0,4794,147042,181370780.0,3797.0,5,3796.0,26
rb1805,20170808,20170807,210924000,3797.0,4796,147044,181446720.0,3797.0,5,3796.0,11
rb1805,20170808,20170807,210924500,3797.0,4820,147060,182357920.0,3798.0,47,3797.0,3
rb1805,20170808,20170807,210925000,3797.0,4836,147076,182965440.0,3797.0,12,3796.0,8
rb1805,20170808,20170807,210925500,3797.0,4836,147076,182965440.0,3797.0,4,3796.0,8
rb1805,20170808,20170807,210926000,3796.0,4848,147074,183420960.0,3797.0,1,3796.0,2
rb1805,20170808,20170807,210926500,3797.0,4850,147076,183496900.0,3797.0,1,3796.0,2
rb1805,20170808,20170807,210927000,3797.0,4850,147076,183496900.0,3797.0,2,3796.0,2
rb1805,20170808,20170807,210927500,3797.0,4850,147076,183496900.0,3797.0,4,3796.0,2
rb1805,20170808,20170807,210928000,3797.0,4850,147076,183496900.0,3797.0,3,3796.0,3
rb1805,20170808,20170807,210928500,3797.0,4856,147078,183724720.0,3798.0,47,3797.0,2
rb1805,20170808,20170807,210929000,3797.0,4860,147078,183876600.0,3797.0,8,3796.0,2
rb1805,20170808,20170807,210929500,3797.0,4860,147078,183876600.0,3797.0,4,3796.0,3
rb1805,20170808,20170807,210930000,3796.0,4866,147076,184104360.0,3796.0,2,3795.0,11
rb1805,20170808,20170807,210930500,3796.0,4868,147076,184180280.0,3796.0,1,3795.0,22
rb1805,20170808,20170807,210931000,3796.0,4870,147076,184256200.0,3797.0,3,3795.0,15
rb1805,20170808,20170807,210931500,3796.0,4870,147076,184256200.0,3797.0,3,3796.0,11
rb1805,20170808,20170807,210932000,3796.0,4872,147076,184332120.0,3797.0,3,3795.0,14
rb1805,20170808,20170807,210932500,3796.0,4872,147076,184332120.0,3797.0,3,3795.0,24
rb1805,20170808,20170807,210933000,3796.0,4872,147076,184332120.0,3797.0,3,3795.0,24
rb1805,20170808,20170807,210933500,3796.0,4872,147076,184332120.0,3797.0,3,3795.0,24
rb1805,20170808,20170807,210934000,3796.0,4872,147076,184332120.0,3797.0,3,3795.0,24
rb1805,20170808,20170807,210934500,3795.0,4874,147076,184408020.0,3797.0,3,3795.0,10
rb1805,20170808,20170807,210935500,3795.0,4874,147076,184408020.0,3797.0,3,3795.0,10
rb1805,20170808,20170807,210936000,3795.0,4874,147076,184408020.0,3797.0,3,3795.0,10
rb1805,20170808,20170807,210936500,3795.0,4874,147076,184408020.0,3797.0,4,3795.0,10
rb1805,20170808,20170807,210937000,3795.0,4878,147072,184559820.0,3797.0,4,3795.0,8
rb1805,20170808,20170807,210937500,3795.0,4894,147060,185167020.0,3795.0,10,3794.0,1
rb1805,20170808,20170807,210938000,3795.0,4894,147060,185167020.0,3797.0,7,3795.0,1
rb1805,20170808,20170807,210938500,3795.0,4896,147060,185242920.0,3795.0,3,3794.0,4
rb1805,20170808,20170807,210939000,3795.0,4896,147060,185242920.0,3795.0,1,3794.0,14
rb1805,20170808,20170807,210939500,3795.0,4898,147060,185318820.0,3797.0,3,3795.0,9
rb1805,20170808,20170807,210940000,3795.0,4916,147060,186001920.0,3795.0,1,3794.0,3
rb1805,20170808,20170807,210940500,3795.0,4916,147060,186001920.0,3795.0,1,3794.0,3
rb1805,20170808,20170807,210941000,3795.0,4916,147060,186001920.0,3795.0,1,3794.0,3
rb1805,20170808,20170807,210941500,3794.0,4924,147058,186305460.0,3794.0,2,3793.0,5
rb1805,20170808,20170807,210942000,3794.0,4928,147058,186457220.0,3797.0,9,3793.0,16
rb1805,20170808,20170807,210942500,3794.0,4928,147058,186457220.0,3796.0,2,3794.0,2
rb1805,20170808,20170807,210943000,3794.0,4930,147060,186533100.0,3796.0,3,3794.0,1
rb1805,20170808,20170807,210944000,3794.0,4930,147060,186533100.0,3796.0,3,3794.0,1
rb1805,20170808,20170807,210944500,3794.0,4930,147060,186533100.0,3795.0,5,3794.0,1
rb1805,20170808,20170807,210945000,3794.0,4930,147060,186533100.0,3795.0,5,3794.0,14
rb1805,20170808,20170807,210945500,3794.0,4932,147062,186608980.0,3795.0,5,3794.0,13
rb1805,20170808,20170807,210946000,3795.0,4944,147062,187064380.0,3796.0,2,3795.0,5
rb1805,20170808,20170807,210946500,3795.0,4944,147062,187064380.0,3796.0,2,3795.0,18
rb1805,20170808,20170807,210947000,3795.0,4944,147062,187064380.0,3796.0,1,3795.0,21
rb1805,20170808,20170807,210947500,3795.0,4944,147062,187064380.0,3796.0,1,3795.0,21
rb1805,20170808,20170807,210948000,3795.0,4944,147062,187064380.0,3796.0,5,3795.0,21
rb1805,20170808,20170807,210949000,3795.0,4944,147062,187064380.0,3796.0,7,3795.0,21
rb1805,20170808,20170807,210950000,3795.0,4944,147062,187064380.0,3796.0,8,3795.0,21
rb1805,20170808,20170807,210950500,3795.0,4948,147058,187216180.0,3796.0,8,3795.0,19
rb1805,20170808,20170807,210951000,3795.0,4954,147058,187443880.0,3796.0,8,3795.0,16
rb1805,20170808,20170807,210952000,3795.0,4954,147058,187443880.0,3796.0,8,3795.0,17
rb1805,20170808,20170807,210952500,3795.0,4990,147080,188810080.0,3795.0,32,3794.0,4
rb1805,20170808,20170807,210953000,3795.0,5000,147090,189189580.0,3795.0,27,3794.0,14
rb1805,20170808,20170807,210953500,3795.0,5000,147090,189189580.0,3795.0,27,3794.0,14
rb1805,20170808,20170807,210954000,3795.0,5000,147090,189189580.0,3795.0,27,3794.0,14
rb1805,20170808,20170807,210954500,3794.0,5004,147090,189341340.0,3795.0,27,3794.0,2
rb1805,20170808,20170807,210955000,3794.0,5006,147088,189417220.0,3795.0,27,3794.0,7
rb1805,20170808,20170807,210955500,3794.0,5008,147088,189493100.0,3795.0,27,3794.0,9
rb1805,20170808,20170807,210956000,3794.0,5008,147088,189493100.0,3795.0,28,3794.0,9
rb1805,20170808,20170807,210956500,3794.0,5010,147088,189568980.0,3795.0,28,3794.0,8
rb1805,20170808,20170807,210957000,3794.0,5010,147088,189568980.0,3795.0,29,3794.0,8
rb1805,20170808,20170807,210958000,3794.0,5010,147088,189568980.0,3795.0,32,3793.0,11
rb1805,20170808,20170807,210958500,3794.0,5010,147088,189568980.0,3795.0,29,3794.0,3
rb1805,20170808,20170807,210959000,3793.0,5034,147080,190479360.0,3795.0,29,3793.0,2
rb1805,20170808,20170807,210959500,3793.0,5044,147078,190858660.0,3795.0,29,3794.0,10
rb1805,20170808,20170807,211000000,3794.0,5064,147094,191617460.0,3795.0,29,3793.0,2
rb1805,20170808,20170807,211000500,3794.0,5064,147094,191617460.0,3795.0,29,3793.0,12
rb1805,20170808,20170807,211001000,3794.0,5064,147094,191617460.0,3795.0,29,3794.0,1
rb1805,20170808,20170807,211001500,3793.0,5068,147090,191769200.0,3795.0,29,3793.0,1
rb1805,20170808,20170807,211002000,3793.0,5068,147090,191769200.0,3795.0,29,3793.0,11
rb1805,20170808,20170807,211003500,3793.0,5070,147088,191845060.0,3794.0,1,3793.0,10
rb1805,20170808,20170807,211004000,3795.0,5074,147090,191996840.0,3795.0,28,3793.0,10
rb1805,20170808,20170807,211004500,3795.0,5076,147092,192072740.0,3794.0,4,3793.0,10
rb1805,20170808,20170807,211005000,3795.0,5098,147114,192907560.0,3795.0,21,3794.0,4
rb1805,20170808,20170807,211005500,3795.0,5098,147114,192907560.0,3795.0,21,3794.0,6
rb1805,20170808,20170807,211006000,3795.0,5098,147114,192907560.0,3795.0,21,3794.0,2
rb1805,20170808,20170807,211006500,3795.0,5098,147114,192907560.0,3795.0,21,3794.0,17
rb1805,20170808,20170807,211007500,3795.0,5104,147118,193135260.0,3795.0,18,3794.0,17
rb1805,20170808,20170807,211008000,3795.0,5110,147124,193362960.0,3795.0,15,3794.0,17
rb1805,20170808,20170807,211008500,3795.0,5110,147124,193362960.0,3795.0,17,3794.0,17
rb1805,20170808,20170807,211009000,3794.0,5114,147128,193514740.0,3795.0,16,3794.0,16
rb1805,20170808,20170807,211009500,3794.0,5114,147128,193514740.0,3795.0,16,3794.0,16
rb1805,20170808,20170807,211010000,3795.0,5116,147130,193590640.0,3795.0,15,3794.0,6
rb1805,20170808,20170807,211011000,3795.0,5118,147132,193666540.0,3795.0,14,3794.0,6
rb1805,20170808,20170807,211011500,3795.0,5118,147132,193666540.0,3795.0,14,3794.0,1
rb1805,20170808,20170807,211012000,3795.0,5118,147132,193666540.0,3795.0,14,3794.0,1
rb1805,20170808,20170807,211013000,3795.0,5118,147132,193666540.0,3795.0,14,3794.0,12
rb1805,20170808,20170807,211013500,3795.0,5118,147132,193666540.0,3795.0,14,3794.0,12
rb1805,20170808,20170807,211014000,3794.0,5120,147132,193742420.0,3795.0,14,3794.0,11
rb1805,20170808,20170807,211014500,3794.0,5122,147132,193818300.0,3795.0,14,3794.0,10
rb1805,20170808,20170807,211015000,3794.0,5122,147132,193818300.0,3795.0,14,3794.0,10
rb1805,20170808,20170807,211015500,3795.0,5124,147134,193894200.0,3795.0,16,3794.0,15
rb1805,20170808,20170807,211016500,3795.0,5124,147134,193894200.0,3795.0,16,3794.0,15
rb1805,20170808,20170807,211017000,3795.0,5124,147134,193894200.0,3795.0,18,3794.0,5
rb1805,20170808,20170807,211017500,3795.0,5124,147134,193894200.0,3795.0,14,3794.0,15
rb1805,20170808,20170807,211018500,3795.0,5124,147134,193894200.0,3795.0,14,3794.0,20
rb1805,20170808,20170807,211019000,3795.0,5152,147156,194956800.0,3796.0,11,3795.0,10
rb1805,20170808,20170807,211021000,3795.0,5162,147156,195336300.0,3796.0,11,3795.0,5
rb1805,20170808,20170807,211021500,3795.0,5162,147156,195336300.0,3796.0,14,3795.0,5
rb1805,20170808,20170807,211022000,3795.0,5162,147156,195336300.0,3796.0,14,3795.0,9
rb1805,20170808,20170807,211022500,3795.0,5174,147166,195791700.0,3796.0,14,3795.0,3
rb1805,20170808,20170807,211023000,3795.0,5174,147166,195791700.0,3796.0,14,3795.0,33
rb1805,20170808,20170807,211024500,3795.0,5174,147166,195791700.0,3796.0,11,3795.0,33
rb1805,20170808,20170807,211026000,3796.0,5176,147166,195867620.0,3796.0,10,3795.0,39
rb1805,20170808,20170807,211026500,3796.0,5176,147166,195867620.0,3796.0,11,3795.0,39
rb1805,20170808,20170807,211027000,3796.0,5176,147166,195867620.0,3796.0,11,3795.0,39
rb1805,20170808,20170807,211027500,3795.0,5178,147166,195943520.0,3796.0,11,3795.0,47
rb1805,20170808,20170807,211028000,3796.0,5198,147170,196702720.0,3796.0,1,3795.0,48
rb1805,20170808,20170807,211028500,3796.0,5200,147168,196778640.0,3797.0,11,3796.0,6
rb1805,20170808,20170807,211029000,3796.0,5200,147168,196778640.0,3797.0,11,3796.0,5
rb1805,20170808,20170807,211029500,3796.0,5200,147168,196778640.0,3797.0,11,3796.0,5
rb1805,20170808,20170807,211030000,3796.0,5200,147168,196778640.0,3797.0,11,3796.0,10
rb1805,20170808,20170807,211030500,3796.0,5200,147168,196778640.0,3797.0,11,3796.0,10
rb1805,20170808,20170807,211031000,3798.0,5258,147186,198981260.0,3798.0,35,3797.0,25
rb1805,20170808,20170807,211031500,3797.0,5292,147174,200272560.0,3798.0,19,3797.0,5
rb1805,20170808,20170807,211032000,3798.0,5294,147172,200348520.0,3798.0,18,3797.0,5
rb1805,20170808,20170807,211032500,3798.0,5296,147170,200424480.0,3798.0,18,3797.0,5
rb1805,20170808,20170807,211033000,3798.0,5296,147170,200424480.0,3798.0,18,3797.0,9
rb1805,20170808,20170807,211033500,3798.0,5306,147166,200804280.0,3798.0,13,3797.0,5
rb1805,20170808,20170807,211034000,3798.0,5306,147166,200804280.0,3798.0,13,3797.0,5
rb1805,20170808,20170807,211034500,3798.0,5314,147162,201108120.0,3798.0,9,3797.0,5
rb1805,20170808,20170807,211035500,3798.0,5322,147166,201411960.0,3798.0,5,3797.0,5
rb1805,20170808,20170807,211036000,3798.0,5322,147166,201411960.0,3798.0,5,3797.0,5
rb1805,20170808,20170807,211036500,3798.0,5326,147170,201563880.0,3798.0,3,3797.0,5
rb1805,20170808,20170807,211037000,3798.0,5326,147170,201563880.0,3798.0,5,3797.0,5
rb1805,20170808,20170807,211037500,3798.0,5336,147168,201943680.0,3799.0,19,3797.0,5
rb1805,20170808,20170807,211038000,3797.0,5338,147168,202019620.0,3799.0,29,3797.0,4
rb1805,20170808,20170807,211038500,3797.0,5338,147168,202019620.0,3799.0,29,3798.0,2
rb1805,20170808,20170807,211039000,3799.0,5350,147156,202475460.0,3799.0,26,3797.0,4
rb1805,20170808,20170807,211039500,3798.0,5352,147156,202551420.0,3799.0,21,3798.0,2
rb1805,20170808,20170807,211040000,3798.0,5352,147156,202551420.0,3799.0,20,3798.0,2
rb1805,20170808,20170807,211040500,3799.0,5360,147156,202855340.0,3799.0,18,3798.0,2
rb1805,20170808,20170807,211041000,3799.0,5360,147156,202855340.0,3799.0,17,3798.0,2
rb1805,20170808,20170807,211041500,3799.0,5360,147156,202855340.0,3799.0,17,3798.0,11
rb1805,20170808,20170807,211042000,3799.0,5360,147156,202855340.0,3799.0,18,3798.0,11
rb1805,20170808,20170807,211042500,3799.0,5404,147172,204526940.0,3799.0,1,3798.0,11
rb1805,20170808,20170807,211043000,3799.0,5410,147178,204754880.0,3799.0,5,3798.0,11
rb1805,20170808,20170807,211043500,3799.0,5410,147178,204754880.0,3799.0,6,3798.0,21
rb1805,20170808,20170807,211044000,3799.0,5412,147178,204830860.0,3799.0,5,3798.0,21
rb1805,20170808,20170807,211044500,3799.0,5428,147176,205438700.0,3800.0,74,3799.0,6
rb1805,20170808,20170807,211045000,3799.0,5428,147176,205438700.0,3800.0,75,3799.0,12
