instrument,tradingday,calendarday,time,lastp,volume,openinterest,turnover,ask1,asksz1,bid1,bidsz1
rb1805,20170710,20170707,182758500,3109.0,0,79456,0.0,0.0,0,0.0,0
rb1805,20170710,20170707,205900500,3124.0,36,79460,1124640.0,3125.0,1,3124.0,3
rb1805,20170710,20170707,210000500,3118.0,46,79460,1436800.0,3120.0,103,3108.0,1
rb1805,20170710,20170707,210001000,3118.0,46,79460,1436800.0,3117.0,2,3111.0,3
rb1805,20170710,20170707,210001500,3118.0,46,79460,1436800.0,3116.0,1,3111.0,9
rb1805,20170710,20170707,210002000,3118.0,46,79460,1436800.0,3116.0,1,3111.0,3
rb1805,20170710,20170707,210002500,3118.0,46,79460,1436800.0,3116.0,1,3108.0,1
rb1805,20170710,20170707,210003000,3118.0,46,79460,1436800.0,3115.0,1,3111.0,3
rb1805,20170710,20170707,210003500,3111.0,56,79460,1747900.0,3115.0,1,3111.0,4
rb1805,20170710,20170707,210004000,3111.0,56,79460,1747900.0,3112.0,10,3111.0,4
rb1805,20170710,20170707,210004500,3111.0,56,79460,1747900.0,3112.0,10,3111.0,9
rb1805,20170710,20170707,210005000,3111.0,58,79462,1810120.0,3112.0,10,3108.0,1
rb1805,20170710,20170707,210005500,3111.0,58,79462,1810120.0,3117.0,2,3108.0,9
rb1805,20170710,20170707,210006000,3111.0,58,79462,1810120.0,3111.0,10,3108.0,12
rb1805,20170710,20170707,210006500,3111.0,58,79462,1810120.0,3111.0,10,3108.0,9
rb1805,20170710,20170707,210007000,3111.0,58,79462,1810120.0,3120.0,105,3108.0,11
rb1805,20170710,20170707,210007500,3111.0,58,79462,1810120.0,3117.0,2,3108.0,14
rb1805,20170710,20170707,210008000,3113.0,70,79460,2183580.0,3113.0,5,3108.0,10
rb1805,20170710,20170707,210008500,3113.0,70,79460,2183580.0,3117.0,20,3107.0,18
rb1805,20170710,20170707,210009000,3113.0,70,79460,2183580.0,3111.0,5,3108.0,1
rb1805,20170710,20170707,210009500,3113.0,70,79460,2183580.0,3111.0,5,3108.0,1
rb1805,20170710,20170707,210010000,3113.0,70,79460,2183580.0,3111.0,5,3108.0,1
rb1805,20170710,20170707,210011500,3113.0,70,79460,2183580.0,3111.0,5,3108.0,1
rb1805,20170710,20170707,210012000,3108.0,72,79460,2245740.0,3111.0,5,3106.0,2
rb1805,20170710,20170707,210012500,3108.0,72,79460,2245740.0,3116.0,1,3111.0,1
rb1805,20170710,20170707,210013000,3108.0,72,79460,2245740.0,3114.0,2,3111.0,1
rb1805,20170710,20170707,210013500,3111.0,74,79460,2307960.0,3111.0,4,3109.0,2
rb1805,20170710,20170707,210014000,3111.0,74,79460,2307960.0,3111.0,4,3109.0,2
rb1805,20170710,20170707,210014500,3111.0,74,79460,2307960.0,3111.0,4,3109.0,2
rb1805,20170710,20170707,210015000,3111.0,74,79460,2307960.0,3114.0,2,3109.0,2
rb1805,20170710,20170707,210015500,3111.0,74,79460,2307960.0,3110.0,4,3109.0,2
rb1805,20170710,20170707,210016000,3111.0,74,79460,2307960.0,3110.0,4,3109.0,2
rb1805,20170710,20170707,210016500,3111.0,74,79460,2307960.0,3110.0,4,3109.0,2
rb1805,20170710,20170707,210017000,3111.0,74,79460,2307960.0,3114.0,2,3109.0,3
rb1805,20170710,20170707,210019000,3111.0,74,79460,2307960.0,3114.0,2,3109.0,3
rb1805,20170710,20170707,210019500,3114.0,80,79460,2494800.0,3114.0,2,3109.0,2
rb1805,20170710,20170707,210020000,3114.0,80,79460,2494800.0,3114.0,2,3109.0,2
rb1805,20170710,20170707,210020500,3114.0,80,79460,2494800.0,3114.0,2,3109.0,3
rb1805,20170710,20170707,210021000,3114.0,80,79460,2494800.0,3114.0,2,3109.0,4
rb1805,20170710,20170707,210022000,3109.0,82,79462,2556980.0,3114.0,2,3109.0,3
rb1805,20170710,20170707,210022500,3109.0,82,79462,2556980.0,3114.0,2,3109.0,3
rb1805,20170710,20170707,210023500,3109.0,84,79464,2619160.0,3113.0,8,3109.0,2
rb1805,20170710,20170707,210024500,3109.0,84,79464,2619160.0,3113.0,8,3109.0,3
rb1805,20170710,20170707,210025000,3109.0,84,79464,2619160.0,3113.0,8,3109.0,2
rb1805,20170710,20170707,210026000,3109.0,84,79464,2619160.0,3111.0,2,3110.0,1
rb1805,20170710,20170707,210026500,3109.0,84,79464,2619160.0,3113.0,8,3110.0,1
rb1805,20170710,20170707,210027000,3109.0,84,79464,2619160.0,3112.0,1,3110.0,1
rb1805,20170710,20170707,210027500,3109.0,84,79464,2619160.0,3112.0,1,3110.0,1
rb1805,20170710,20170707,210028000,3109.0,84,79464,2619160.0,3112.0,6,3110.0,1
rb1805,20170710,20170707,210029000,3110.0,86,79466,2681360.0,3111.0,2,3109.0,2
rb1805,20170710,20170707,210029500,3110.0,86,79466,2681360.0,3111.0,2,3109.0,4
rb1805,20170710,20170707,210030000,3110.0,86,79466,2681360.0,3112.0,1,3109.0,4
rb1805,20170710,20170707,210030500,3110.0,86,79466,2681360.0,3111.0,2,3109.0,4
rb1805,20170710,20170707,210031000,3111.0,88,79466,2743580.0,3111.0,7,3109.0,4
rb1805,20170710,20170707,210031500,3111.0,88,79466,2743580.0,3111.0,8,3109.0,4
rb1805,20170710,20170707,210032000,3111.0,88,79466,2743580.0,3111.0,8,3110.0,1
rb1805,20170710,20170707,210032500,3111.0,88,79466,2743580.0,3111.0,8,3110.0,1
rb1805,20170710,20170707,210034000,3111.0,88,79466,2743580.0,3111.0,5,3110.0,1
rb1805,20170710,20170707,210035000,3111.0,88,79466,2743580.0,3111.0,5,3110.0,1
rb1805,20170710,20170707,210035500,3111.0,88,79466,2743580.0,3112.0,1,3110.0,1
rb1805,20170710,20170707,210036000,3111.0,88,79466,2743580.0,3112.0,2,3110.0,1
rb1805,20170710,20170707,210036500,3111.0,88,79466,2743580.0,3112.0,7,3110.0,1
rb1805,20170710,20170707,210038000,3111.0,88,79466,2743580.0,3111.0,1,3110.0,2
rb1805,20170710,20170707,210039000,3111.0,88,79466,2743580.0,3111.0,2,3110.0,2
rb1805,20170710,20170707,210039500,3111.0,88,79466,2743580.0,3111.0,2,3110.0,2
rb1805,20170710,20170707,210040000,3111.0,90,79466,2805800.0,3111.0,1,3110.0,2
rb1805,20170710,20170707,210040500,3111.0,90,79466,2805800.0,3111.0,1,3110.0,1
rb1805,20170710,20170707,210041000,3111.0,90,79466,2805800.0,3111.0,1,3110.0,1
rb1805,20170710,20170707,210041500,3110.0,92,79466,2868000.0,3110.0,9,3109.0,4
rb1805,20170710,20170707,210042000,3110.0,110,79466,3427800.0,3111.0,2,3109.0,4
rb1805,20170710,20170707,210043000,3110.0,110,79466,3427800.0,3111.0,2,3109.0,5
rb1805,20170710,20170707,210043500,3110.0,110,79466,3427800.0,3111.0,2,3109.0,5
rb1805,20170710,20170707,210044000,3110.0,110,79466,3427800.0,3111.0,2,3109.0,5
rb1805,20170710,20170707,210044500,3110.0,110,79466,3427800.0,3111.0,5,3109.0,5
rb1805,20170710,20170707,210045000,3110.0,110,79466,3427800.0,3111.0,5,3109.0,5
rb1805,20170710,20170707,210045500,3110.0,110,79466,3427800.0,3110.0,1,3109.0,5
rb1805,20170710,20170707,210046000,3110.0,112,79468,3490000.0,3111.0,5,3110.0,3
rb1805,20170710,20170707,210047000,3110.0,112,79468,3490000.0,3111.0,5,3110.0,5
rb1805,20170710,20170707,210048500,3110.0,122,79468,3801000.0,3110.0,5,3109.0,5
rb1805,20170710,20170707,210049500,3110.0,124,79468,3863200.0,3110.0,4,3109.0,5
rb1805,20170710,20170707,210050000,3110.0,124,79468,3863200.0,3110.0,4,3109.0,5
rb1805,20170710,20170707,210051000,3110.0,126,79468,3925400.0,3110.0,3,3109.0,5
rb1805,20170710,20170707,210051500,3110.0,126,79468,3925400.0,3110.0,3,3109.0,5
rb1805,20170710,20170707,210054000,3110.0,126,79468,3925400.0,3110.0,3,3109.0,6
rb1805,20170710,20170707,210054500,3110.0,126,79468,3925400.0,3110.0,3,3109.0,6
rb1805,20170710,20170707,210055000,3110.0,126,79468,3925400.0,3110.0,3,3109.0,6
rb1805,20170710,20170707,210055500,3110.0,126,79468,3925400.0,3110.0,3,3109.0,5
rb1805,20170710,20170707,210056000,3110.0,126,79468,3925400.0,3110.0,3,3109.0,6
rb1805,20170710,20170707,210056500,3110.0,128,79468,3987600.0,3110.0,2,3109.0,6
rb1805,20170710,20170707,210057000,3110.0,128,79468,3987600.0,3110.0,2,3109.0,6
rb1805,20170710,20170707,210058500,3110.0,136,79474,4236340.0,3110.0,1,3109.0,3
rb1805,20170710,20170707,210059000,3110.0,136,79474,4236340.0,3110.0,1,3109.0,2
rb1805,20170710,20170707,210100000,3110.0,138,79472,4298540.0,3111.0,5,3109.0,2
rb1805,20170710,20170707,210100500,3110.0,138,79472,4298540.0,3111.0,5,3110.0,1
rb1805,20170710,20170707,210101000,3111.0,148,79464,4609640.0,3112.0,5,3110.0,6
rb1805,20170710,20170707,210102500,3112.0,150,79464,4671880.0,3112.0,4,3110.0,9
rb1805,20170710,20170707,210103000,3112.0,150,79464,4671880.0,3112.0,4,3110.0,10
rb1805,20170710,20170707,210103500,3112.0,158,79462,4920840.0,3116.0,4,3110.0,10
rb1805,20170710,20170707,210104000,3112.0,158,79462,4920840.0,3112.0,6,3110.0,7
rb1805,20170710,20170707,210105500,3112.0,158,79462,4920840.0,3112.0,6,3110.0,7
rb1805,20170710,20170707,210106000,3112.0,158,79462,4920840.0,3111.0,1,3110.0,6
rb1805,20170710,20170707,210107000,3112.0,158,79462,4920840.0,3111.0,1,3110.0,7
rb1805,20170710,20170707,210107500,3112.0,158,79462,4920840.0,3111.0,1,3110.0,7
rb1805,20170710,20170707,210108500,3111.0,160,79462,4983060.0,3112.0,1,3111.0,1
rb1805,20170710,20170707,210109000,3111.0,160,79462,4983060.0,3112.0,1,3110.0,10
rb1805,20170710,20170707,210109500,3111.0,160,79462,4983060.0,3112.0,1,3110.0,6
rb1805,20170710,20170707,210110000,3111.0,160,79462,4983060.0,3112.0,1,3111.0,3
rb1805,20170710,20170707,210110500,3111.0,160,79462,4983060.0,3112.0,1,3111.0,6
rb1805,20170710,20170707,210111000,3112.0,162,79462,5045300.0,3116.0,9,3111.0,6
rb1805,20170710,20170707,210111500,3112.0,162,79462,5045300.0,3116.0,10,3111.0,6
rb1805,20170710,20170707,210112500,3112.0,162,79462,5045300.0,3116.0,10,3111.0,6
rb1805,20170710,20170707,210113000,3112.0,162,79462,5045300.0,3112.0,1,3111.0,6
rb1805,20170710,20170707,210113500,3112.0,162,79462,5045300.0,3112.0,1,3111.0,6
rb1805,20170710,20170707,210114000,3112.0,162,79462,5045300.0,3112.0,1,3111.0,6
rb1805,20170710,20170707,210114500,3112.0,162,79462,5045300.0,3112.0,1,3111.0,6
rb1805,20170710,20170707,210115000,3112.0,164,79462,5107540.0,3115.0,10,3111.0,6
rb1805,20170710,20170707,210115500,3112.0,164,79462,5107540.0,3115.0,15,3112.0,1
rb1805,20170710,20170707,210116000,3112.0,164,79462,5107540.0,3114.0,1,3112.0,1
rb1805,20170710,20170707,210116500,3112.0,164,79462,5107540.0,3114.0,6,3112.0,2
rb1805,20170710,20170707,210117000,3112.0,164,79462,5107540.0,3114.0,6,3112.0,2
rb1805,20170710,20170707,210117500,3112.0,164,79462,5107540.0,3114.0,6,3112.0,4
rb1805,20170710,20170707,210119000,3112.0,164,79462,5107540.0,3114.0,36,3112.0,9
rb1805,20170710,20170707,210120500,3112.0,164,79462,5107540.0,3114.0,36,3112.0,9
rb1805,20170710,20170707,210121500,3112.0,164,79462,5107540.0,3114.0,36,3112.0,9
rb1805,20170710,20170707,210123000,3112.0,164,79462,5107540.0,3114.0,36,3112.0,8
rb1805,20170710,20170707,210124000,3112.0,164,79462,5107540.0,3114.0,36,3112.0,8
rb1805,20170710,20170707,210124500,3112.0,164,79462,5107540.0,3114.0,36,3112.0,8
rb1805,20170710,20170707,210126000,3112.0,164,79462,5107540.0,3114.0,37,3112.0,8
rb1805,20170710,20170707,210126500,3112.0,164,79462,5107540.0,3114.0,37,3112.0,9
rb1805,20170710,20170707,210127000,3112.0,164,79462,5107540.0,3114.0,37,3112.0,9
rb1805,20170710,20170707,210129500,3114.0,166,79464,5169820.0,3114.0,36,3112.0,10
rb1805,20170710,20170707,210130000,3114.0,168,79466,5232100.0,3113.0,4,3112.0,10
rb1805,20170710,20170707,210130500,3113.0,170,79466,5294360.0,3113.0,3,3112.0,9
rb1805,20170710,20170707,210131000,3113.0,172,79466,5356620.0,3113.0,2,3112.0,9
rb1805,20170710,20170707,210131500,3113.0,174,79466,5418880.0,3113.0,1,3112.0,13
rb1805,20170710,20170707,210132000,3113.0,176,79466,5481140.0,3114.0,35,3112.0,12
rb1805,20170710,20170707,210132500,3113.0,176,79466,5481140.0,3114.0,35,3113.0,1
rb1805,20170710,20170707,210133000,3113.0,178,79466,5543400.0,3113.0,2,3112.0,12
rb1805,20170710,20170707,210133500,3114.0,198,79486,6166200.0,3114.0,21,3113.0,1
rb1805,20170710,20170707,210134000,3113.0,200,79486,6228460.0,3114.0,21,3112.0,7
rb1805,20170710,20170707,210134500,3113.0,200,79486,6228460.0,3114.0,21,3112.0,7
rb1805,20170710,20170707,210135000,3113.0,200,79486,6228460.0,3114.0,25,3112.0,7
rb1805,20170710,20170707,210136000,3113.0,200,79486,6228460.0,3114.0,25,3112.0,7
rb1805,20170710,20170707,210136500,3114.0,210,79484,6539700.0,3114.0,24,3112.0,3
rb1805,20170710,20170707,210137000,3112.0,216,79484,6726420.0,3114.0,24,3111.0,6
rb1805,20170710,20170707,210137500,3112.0,216,79484,6726420.0,3114.0,24,3112.0,2
rb1805,20170710,20170707,210138000,3112.0,216,79484,6726420.0,3114.0,24,3112.0,2
rb1805,20170710,20170707,210138500,3114.0,220,79488,6850980.0,3114.0,22,3112.0,2
rb1805,20170710,20170707,210139000,3114.0,220,79488,6850980.0,3114.0,22,3112.0,2
rb1805,20170710,20170707,210139500,3112.0,224,79488,6975460.0,3114.0,22,3110.0,13
rb1805,20170710,20170707,210140000,3112.0,224,79488,6975460.0,3113.0,1,3112.0,1
rb1805,20170710,20170707,210140500,3112.0,224,79488,6975460.0,3114.0,22,3112.0,1
rb1805,20170710,20170707,210141000,3112.0,224,79488,6975460.0,3114.0,22,3112.0,1
rb1805,20170710,20170707,210141500,3112.0,224,79488,6975460.0,3114.0,32,3112.0,1
rb1805,20170710,20170707,210143000,3112.0,224,79488,6975460.0,3114.0,32,3112.0,1
rb1805,20170710,20170707,210144000,3114.0,226,79490,7037740.0,3114.0,31,3112.0,1
rb1805,20170710,20170707,210145000,3114.0,226,79490,7037740.0,3114.0,31,3112.0,1
rb1805,20170710,20170707,210146000,3114.0,226,79490,7037740.0,3114.0,31,3112.0,1
rb1805,20170710,20170707,210147500,3114.0,228,79492,7100020.0,3114.0,30,3112.0,1
rb1805,20170710,20170707,210149500,3114.0,228,79492,7100020.0,3114.0,30,3112.0,1
rb1805,20170710,20170707,210150000,3114.0,228,79492,7100020.0,3114.0,30,3112.0,1
rb1805,20170710,20170707,210151000,3114.0,228,79492,7100020.0,3114.0,30,3113.0,2
rb1805,20170710,20170707,210152000,3113.0,232,79492,7224540.0,3113.0,2,3112.0,1
rb1805,20170710,20170707,210152500,3113.0,232,79492,7224540.0,3113.0,2,3112.0,1
rb1805,20170710,20170707,210153000,3113.0,236,79492,7349060.0,3114.0,30,3112.0,1
rb1805,20170710,20170707,210154500,3112.0,240,79494,7473580.0,3112.0,1,3111.0,1
rb1805,20170710,20170707,210155000,3112.0,244,79492,7598060.0,3114.0,29,3112.0,3
rb1805,20170710,20170707,210155500,3112.0,244,79492,7598060.0,3114.0,32,3112.0,2
rb1805,20170710,20170707,210156000,3112.0,244,79492,7598060.0,3114.0,32,3112.0,2
rb1805,20170710,20170707,210156500,3112.0,244,79492,7598060.0,3114.0,32,3113.0,2
rb1805,20170710,20170707,210157000,3113.0,246,79492,7660320.0,3114.0,32,3113.0,1
rb1805,20170710,20170707,210157500,3113.0,248,79494,7722580.0,3113.0,2,3112.0,2
rb1805,20170710,20170707,210158000,3113.0,248,79494,7722580.0,3114.0,33,3112.0,2
rb1805,20170710,20170707,210159500,3113.0,248,79494,7722580.0,3113.0,10,3112.0,2
rb1805,20170710,20170707,210200500,3113.0,248,79494,7722580.0,3113.0,6,3112.0,2
rb1805,20170710,20170707,210201000,3112.0,250,79496,7784820.0,3113.0,6,3112.0,1
rb1805,20170710,20170707,210201500,3113.0,268,79514,8345100.0,3114.0,32,3113.0,44
rb1805,20170710,20170707,210202000,3113.0,276,79522,8594140.0,3114.0,35,3113.0,40
rb1805,20170710,20170707,210202500,3114.0,352,79598,10960060.0,3114.0,36,3113.0,4
rb1805,20170710,20170707,210203000,3114.0,360,79606,11209180.0,3114.0,32,3113.0,4
rb1805,20170710,20170707,210203500,3114.0,360,79606,11209180.0,3114.0,25,3113.0,4
rb1805,20170710,20170707,210204500,3114.0,360,79606,11209180.0,3114.0,27,3113.0,4
rb1805,20170710,20170707,210206500,3114.0,360,79606,11209180.0,3114.0,27,3113.0,4
rb1805,20170710,20170707,210208500,3114.0,360,79606,11209180.0,3114.0,30,3113.0,4
rb1805,20170710,20170707,210210000,3114.0,360,79606,11209180.0,3114.0,30,3113.0,4
rb1805,20170710,20170707,210210500,3113.0,368,79606,11458220.0,3113.0,6,3111.0,3
rb1805,20170710,20170707,210211000,3113.0,368,79606,11458220.0,3113.0,9,3111.0,3
rb1805,20170710,20170707,210211500,3113.0,370,79604,11520480.0,3113.0,5,3111.0,9
rb1805,20170710,20170707,210212000,3113.0,370,79604,11520480.0,3113.0,5,3112.0,2
rb1805,20170710,20170707,210212500,3113.0,370,79604,11520480.0,3114.0,24,3112.0,2
rb1805,20170710,20170707,210213000,3113.0,370,79604,11520480.0,3114.0,27,3112.0,2
rb1805,20170710,20170707,210213500,3112.0,374,79604,11644960.0,3112.0,2,3111.0,9
rb1805,20170710,20170707,210214000,3112.0,378,79604,11769440.0,3114.0,24,3112.0,38
rb1805,20170710,20170707,210214500,3112.0,378,79604,11769440.0,3114.0,27,3112.0,37
rb1805,20170710,20170707,210215000,3112.0,378,79604,11769440.0,3114.0,27,3113.0,2
rb1805,20170710,20170707,210215500,3112.0,380,79604,11831680.0,3114.0,24,3113.0,1
rb1805,20170710,20170707,210216500,3112.0,380,79604,11831680.0,3114.0,24,3113.0,1
rb1805,20170710,20170707,210217000,3112.0,380,79604,11831680.0,3114.0,24,3113.0,1
rb1805,20170710,20170707,210217500,3112.0,380,79604,11831680.0,3114.0,27,3112.0,35
rb1805,20170710,20170707,210218000,3112.0,380,79604,11831680.0,3114.0,37,3112.0,35
rb1805,20170710,20170707,210218500,3112.0,380,79604,11831680.0,3114.0,37,3112.0,35
rb1805,20170710,20170707,210219000,3112.0,380,79604,11831680.0,3114.0,38,3112.0,35
rb1805,20170710,20170707,210219500,3112.0,380,79604,11831680.0,3113.0,1,3112.0,35
rb1805,20170710,20170707,210220000,3112.0,380,79604,11831680.0,3113.0,1,3112.0,35
rb1805,20170710,20170707,210220500,3113.0,382,79604,11893940.0,3114.0,35,3113.0,1
rb1805,20170710,20170707,210221000,3113.0,382,79604,11893940.0,3114.0,38,3113.0,1
rb1805,20170710,20170707,210221500,3112.0,386,79602,12018440.0,3113.0,9,3112.0,34
rb1805,20170710,20170707,210222000,3113.0,400,79588,12454260.0,3113.0,2,3112.0,34
rb1805,20170710,20170707,210222500,3113.0,400,79588,12454260.0,3113.0,2,3112.0,34
rb1805,20170710,20170707,210223500,3113.0,400,79588,12454260.0,3113.0,3,3112.0,34
rb1805,20170710,20170707,210224000,3113.0,400,79588,12454260.0,3113.0,3,3112.0,34
rb1805,20170710,20170707,210224500,3113.0,400,79588,12454260.0,3113.0,3,3112.0,34
rb1805,20170710,20170707,210226000,3113.0,400,79588,12454260.0,3113.0,6,3112.0,34
rb1805,20170710,20170707,210226500,3113.0,400,79588,12454260.0,3113.0,6,3112.0,34
rb1805,20170710,20170707,210228000,3113.0,400,79588,12454260.0,3113.0,6,3112.0,34
rb1805,20170710,20170707,210229500,3113.0,400,79588,12454260.0,3113.0,6,3112.0,34
rb1805,20170710,20170707,210230000,3113.0,400,79588,12454260.0,3113.0,6,3112.0,34
rb1805,20170710,20170707,210230500,3112.0,406,79588,12640980.0,3113.0,6,3112.0,31
rb1805,20170710,20170707,210232000,3112.0,406,79588,12640980.0,3113.0,4,3112.0,31
rb1805,20170710,20170707,210232500,3112.0,406,79588,12640980.0,3113.0,5,3112.0,31
rb1805,20170710,20170707,210233500,3112.0,410,79584,12765460.0,3113.0,5,3112.0,29
rb1805,20170710,20170707,210234500,3112.0,410,79584,12765460.0,3113.0,5,3112.0,29
rb1805,20170710,20170707,210235500,3112.0,424,79570,13201140.0,3113.0,5,3112.0,22
rb1805,20170710,20170707,210236500,3112.0,424,79570,13201140.0,3113.0,6,3112.0,22
rb1805,20170710,20170707,210237000,3112.0,424,79570,13201140.0,3113.0,6,3112.0,22
rb1805,20170710,20170707,210237500,3112.0,424,79570,13201140.0,3113.0,6,3112.0,22
rb1805,20170710,20170707,210240000,3112.0,424,79570,13201140.0,3113.0,6,3112.0,22
rb1805,20170710,20170707,210241000,3112.0,458,79558,14259220.0,3113.0,6,3112.0,5
rb1805,20170710,20170707,210243000,3112.0,458,79558,14259220.0,3113.0,12,3112.0,5
rb1805,20170710,20170707,210243500,3112.0,462,79554,14383700.0,3113.0,12,3112.0,3
rb1805,20170710,20170707,210244000,3112.0,468,79554,14570420.0,3112.0,7,3111.0,5
rb1805,20170710,20170707,210244500,3112.0,468,79554,14570420.0,3112.0,7,3111.0,5
rb1805,20170710,20170707,210245000,3112.0,468,79554,14570420.0,3112.0,7,3111.0,5
rb1805,20170710,20170707,210245500,3112.0,468,79554,14570420.0,3112.0,8,3111.0,5
rb1805,20170710,20170707,210246500,3111.0,472,79554,14694860.0,3112.0,11,3111.0,3
rb1805,20170710,20170707,210247000,3111.0,472,79554,14694860.0,3112.0,11,3111.0,3
rb1805,20170710,20170707,210248000,3111.0,472,79554,14694860.0,3112.0,8,3111.0,3
rb1805,20170710,20170707,210249000,3111.0,472,79554,14694860.0,3112.0,8,3111.0,3
rb1805,20170710,20170707,210249500,3111.0,472,79554,14694860.0,3112.0,8,3111.0,3
rb1805,20170710,20170707,210251000,3111.0,472,79554,14694860.0,3112.0,8,3111.0,8
rb1805,20170710,20170707,210251500,3112.0,488,79568,15192780.0,3113.0,9,3111.0,8
rb1805,20170710,20170707,210252000,3112.0,488,79568,15192780.0,3113.0,9,3111.0,8
rb1805,20170710,20170707,210252500,3112.0,488,79568,15192780.0,3113.0,3,3111.0,9
rb1805,20170710,20170707,210253500,3112.0,488,79568,15192780.0,3113.0,3,3111.0,8
rb1805,20170710,20170707,210254000,3112.0,488,79568,15192780.0,3113.0,4,3111.0,9
rb1805,20170710,20170707,210255000,3112.0,488,79568,15192780.0,3113.0,8,3111.0,9
rb1805,20170710,20170707,210255500,3112.0,488,79568,15192780.0,3113.0,8,3111.0,9
rb1805,20170710,20170707,210256500,3112.0,488,79568,15192780.0,3113.0,8,3111.0,9
rb1805,20170710,20170707,210258500,3113.0,504,79572,15690860.0,3114.0,34,3113.0,42
rb1805,20170710,20170707,210259000,3113.0,506,79572,15753120.0,3114.0,34,3113.0,41
rb1805,20170710,20170707,210259500,3113.0,526,79572,16375720.0,3114.0,34,3113.0,31
rb1805,20170710,20170707,210300000,3113.0,530,79572,16500240.0,3114.0,32,3113.0,29
rb1805,20170710,20170707,210300500,3114.0,540,79582,16811640.0,3114.0,27,3113.0,29
rb1805,20170710,20170707,210301000,3114.0,540,79582,16811640.0,3114.0,30,3113.0,29
rb1805,20170710,20170707,210301500,3114.0,540,79582,16811640.0,3114.0,28,3113.0,29
rb1805,20170710,20170707,210302000,3113.0,542,79582,16873900.0,3114.0,28,3113.0,28
rb1805,20170710,20170707,210302500,3113.0,544,79582,16936160.0,3114.0,28,3113.0,27
rb1805,20170710,20170707,210303000,3113.0,544,79582,16936160.0,3114.0,30,3113.0,27
rb1805,20170710,20170707,210303500,3113.0,544,79582,16936160.0,3114.0,28,3113.0,27
rb1805,20170710,20170707,210304000,3113.0,544,79582,16936160.0,3114.0,28,3113.0,27
rb1805,20170710,20170707,210304500,3114.0,546,79584,16998440.0,3114.0,27,3113.0,27
rb1805,20170710,20170707,210305000,3114.0,546,79584,16998440.0,3114.0,29,3113.0,27
rb1805,20170710,20170707,210305500,3114.0,546,79584,16998440.0,3114.0,27,3113.0,27
rb1805,20170710,20170707,210306500,3114.0,548,79586,17060720.0,3114.0,26,3113.0,27
rb1805,20170710,20170707,210307000,3114.0,548,79586,17060720.0,3114.0,16,3113.0,27
rb1805,20170710,20170707,210309500,3114.0,548,79586,17060720.0,3114.0,16,3113.0,33
rb1805,20170710,20170707,210310000,3114.0,550,79588,17123000.0,3114.0,15,3113.0,33
rb1805,20170710,20170707,210310500,3114.0,560,79588,17434320.0,3114.0,14,3113.0,24
rb1805,20170710,20170707,210311000,3113.0,580,79606,18056920.0,3114.0,17,3113.0,13
rb1805,20170710,20170707,210311500,3113.0,582,79608,18119180.0,3114.0,22,3113.0,12
rb1805,20170710,20170707,210312500,3113.0,582,79608,18119180.0,3114.0,19,3113.0,12
rb1805,20170710,20170707,210314000,3113.0,586,79608,18243700.0,3114.0,19,3113.0,10
rb1805,20170710,20170707,210315000,3113.0,586,79608,18243700.0,3114.0,17,3113.0,10
rb1805,20170710,20170707,210315500,3113.0,586,79608,18243700.0,3114.0,15,3113.0,10
rb1805,20170710,20170707,210316000,3113.0,586,79608,18243700.0,3114.0,15,3113.0,10
rb1805,20170710,20170707,210317000,3113.0,586,79608,18243700.0,3114.0,17,3113.0,10
rb1805,20170710,20170707,210317500,3113.0,592,79614,18430480.0,3114.0,17,3113.0,7
rb1805,20170710,20170707,210318000,3113.0,592,79614,18430480.0,3114.0,22,3113.0,7
rb1805,20170710,20170707,210318500,3113.0,592,79614,18430480.0,3114.0,23,3113.0,7
rb1805,20170710,20170707,210319000,3113.0,604,79626,18804040.0,3114.0,23,3113.0,1
rb1805,20170710,20170707,210319500,3113.0,606,79628,18866300.0,3114.0,23,3112.0,1
rb1805,20170710,20170707,210320000,3113.0,606,79628,18866300.0,3113.0,2,3112.0,1
rb1805,20170710,20170707,210320500,3113.0,606,79628,18866300.0,3113.0,5,3112.0,1
rb1805,20170710,20170707,210321000,3113.0,606,79628,18866300.0,3113.0,5,3112.0,1
rb1805,20170710,20170707,210321500,3113.0,606,79628,18866300.0,3113.0,5,3112.0,1
rb1805,20170710,20170707,210324500,3112.0,608,79628,18928540.0,3112.0,1,3111.0,8
rb1805,20170710,20170707,210325000,3112.0,610,79626,18990780.0,3113.0,2,3112.0,2
rb1805,20170710,20170707,210325500,3112.0,610,79626,18990780.0,3113.0,5,3111.0,3
rb1805,20170710,20170707,210327000,3113.0,612,79626,19053040.0,3113.0,4,3111.0,4
rb1805,20170710,20170707,210327500,3113.0,612,79626,19053040.0,3113.0,4,3111.0,4
rb1805,20170710,20170707,210328000,3113.0,612,79626,19053040.0,3113.0,3,3112.0,1
rb1805,20170710,20170707,210328500,3113.0,612,79626,19053040.0,3113.0,3,3112.0,1
rb1805,20170710,20170707,210329000,3113.0,612,79626,19053040.0,3114.0,20,3112.0,1
rb1805,20170710,20170707,210329500,3113.0,612,79626,19053040.0,3114.0,23,3112.0,1
rb1805,20170710,20170707,210330000,3113.0,612,79626,19053040.0,3114.0,23,3112.0,1
rb1805,20170710,20170707,210330500,3113.0,612,79626,19053040.0,3113.0,3,3111.0,9
rb1805,20170710,20170707,210331000,3113.0,612,79626,19053040.0,3113.0,10,3111.0,4
rb1805,20170710,20170707,210334500,3113.0,612,79626,19053040.0,3113.0,10,3112.0,1
rb1805,20170710,20170707,210335500,3113.0,612,79626,19053040.0,3113.0,10,3112.0,1
rb1805,20170710,20170707,210336500,3113.0,612,79626,19053040.0,3113.0,11,3112.0,1
rb1805,20170710,20170707,210337000,3112.0,614,79626,19115280.0,3113.0,10,3112.0,5
rb1805,20170710,20170707,210338000,3112.0,614,79626,19115280.0,3113.0,10,3112.0,6
rb1805,20170710,20170707,210338500,3112.0,616,79624,19177520.0,3113.0,10,3112.0,5
rb1805,20170710,20170707,210339500,3112.0,616,79624,19177520.0,3113.0,10,3112.0,5
rb1805,20170710,20170707,210340000,3112.0,616,79624,19177520.0,3113.0,10,3112.0,4
rb1805,20170710,20170707,210340500,3112.0,616,79624,19177520.0,3113.0,10,3111.0,4
rb1805,20170710,20170707,210341000,3111.0,624,79622,19426400.0,3111.0,4,3110.0,10
rb1805,20170710,20170707,210341500,3111.0,632,79614,19675280.0,3113.0,11,3111.0,4
rb1805,20170710,20170707,210342000,3111.0,632,79614,19675280.0,3113.0,14,3110.0,6
rb1805,20170710,20170707,210342500,3111.0,632,79614,19675280.0,3113.0,13,3111.0,1
rb1805,20170710,20170707,210343500,3111.0,632,79614,19675280.0,3113.0,11,3111.0,1
rb1805,20170710,20170707,210344500,3111.0,634,79612,19737500.0,3111.0,1,3110.0,11
rb1805,20170710,20170707,210345000,3111.0,636,79612,19799720.0,3113.0,8,3111.0,2
rb1805,20170710,20170707,210345500,3111.0,636,79612,19799720.0,3112.0,10,3110.0,6
rb1805,20170710,20170707,210346000,3111.0,636,79612,19799720.0,3112.0,10,3110.0,6
rb1805,20170710,20170707,210346500,3111.0,636,79612,19799720.0,3112.0,10,3110.0,5
rb1805,20170710,20170707,210347000,3111.0,636,79612,19799720.0,3112.0,13,3110.0,5
rb1805,20170710,20170707,210348000,3111.0,636,79612,19799720.0,3112.0,13,3110.0,5
rb1805,20170710,20170707,210348500,3111.0,636,79612,19799720.0,3112.0,14,3110.0,5
rb1805,20170710,20170707,210349000,3111.0,636,79612,19799720.0,3112.0,13,3110.0,5
rb1805,20170710,20170707,210349500,3111.0,636,79612,19799720.0,3112.0,10,3110.0,11
rb1805,20170710,20170707,210350000,3111.0,636,79612,19799720.0,3112.0,11,3110.0,11
rb1805,20170710,20170707,210350500,3111.0,636,79612,19799720.0,3112.0,10,3110.0,11
rb1805,20170710,20170707,210351000,3111.0,636,79612,19799720.0,3112.0,10,3110.0,12
rb1805,20170710,20170707,210351500,3111.0,636,79612,19799720.0,3112.0,10,3110.0,12
rb1805,20170710,20170707,210352500,3111.0,636,79612,19799720.0,3112.0,11,3111.0,3
rb1805,20170710,20170707,210353000,3111.0,636,79612,19799720.0,3112.0,11,3111.0,4
rb1805,20170710,20170707,210353500,3111.0,636,79612,19799720.0,3112.0,11,3111.0,6
rb1805,20170710,20170707,210354500,3111.0,648,79606,20173040.0,3111.0,4,3110.0,12
rb1805,20170710,20170707,210355000,3111.0,656,79600,20421920.0,3112.0,11,3111.0,4
rb1805,20170710,20170707,210355500,3111.0,656,79600,20421920.0,3112.0,11,3110.0,11
rb1805,20170710,20170707,210356000,3111.0,656,79600,20421920.0,3112.0,11,3111.0,3
rb1805,20170710,20170707,210357000,3111.0,658,79600,20484140.0,3112.0,11,3111.0,2
rb1805,20170710,20170707,210358500,3112.0,662,79600,20608620.0,3112.0,9,3111.0,2
rb1805,20170710,20170707,210359000,3112.0,678,79596,21106540.0,3112.0,1,3111.0,9
rb1805,20170710,20170707,210359500,3112.0,680,79598,21168780.0,3113.0,9,3112.0,1
rb1805,20170710,20170707,210400000,3112.0,682,79598,21231020.0,3113.0,6,3112.0,5
rb1805,20170710,20170707,210400500,3113.0,686,79594,21355540.0,3113.0,4,3112.0,5
rb1805,20170710,20170707,210401000,3113.0,688,79594,21417800.0,3113.0,3,3112.0,5
rb1805,20170710,20170707,210401500,3113.0,688,79594,21417800.0,3113.0,3,3112.0,5
rb1805,20170710,20170707,210402000,3113.0,688,79594,21417800.0,3113.0,3,3112.0,5
rb1805,20170710,20170707,210405000,3113.0,688,79594,21417800.0,3113.0,3,3112.0,5
rb1805,20170710,20170707,210405500,3112.0,698,79594,21729000.0,3112.0,1,3111.0,8
rb1805,20170710,20170707,210406000,3112.0,700,79594,21791240.0,3113.0,3,3111.0,8
rb1805,20170710,20170707,210407000,3112.0,700,79594,21791240.0,3113.0,3,3111.0,10
rb1805,20170710,20170707,210409500,3112.0,700,79594,21791240.0,3113.0,2,3111.0,10
rb1805,20170710,20170707,210410000,3112.0,700,79594,21791240.0,3113.0,2,3111.0,10
rb1805,20170710,20170707,210411500,3112.0,700,79594,21791240.0,3113.0,5,3111.0,10
rb1805,20170710,20170707,210412000,3112.0,700,79594,21791240.0,3113.0,5,3111.0,11
rb1805,20170710,20170707,210412500,3112.0,700,79594,21791240.0,3113.0,4,3111.0,11
rb1805,20170710,20170707,210413500,3111.0,722,79584,22475660.0,3111.0,90,3110.0,9
rb1805,20170710,20170707,210414000,3111.0,722,79584,22475660.0,3111.0,90,3110.0,10
rb1805,20170710,20170707,210414500,3111.0,756,79564,23533400.0,3111.0,73,3110.0,11
rb1805,20170710,20170707,210415000,3111.0,756,79564,23533400.0,3111.0,74,3110.0,11
rb1805,20170710,20170707,210415500,3111.0,756,79564,23533400.0,3111.0,74,3110.0,6
rb1805,20170710,20170707,210416000,3111.0,756,79564,23533400.0,3111.0,74,3110.0,5
rb1805,20170710,20170707,210416500,3111.0,756,79564,23533400.0,3111.0,74,3110.0,5
rb1805,20170710,20170707,210419000,3111.0,756,79564,23533400.0,3111.0,75,3110.0,5
rb1805,20170710,20170707,210420000,3111.0,758,79564,23595620.0,3111.0,74,3110.0,5
rb1805,20170710,20170707,210420500,3110.0,770,79572,23968820.0,3110.0,8,3109.0,3
rb1805,20170710,20170707,210421000,3111.0,870,79572,27079820.0,3111.0,29,3109.0,3
rb1805,20170710,20170707,210421500,3111.0,870,79572,27079820.0,3111.0,28,3109.0,3
rb1805,20170710,20170707,210423500,3111.0,870,79572,27079820.0,3111.0,23,3109.0,4
rb1805,20170710,20170707,210425000,3111.0,870,79572,27079820.0,3111.0,1,3109.0,4
rb1805,20170710,20170707,210426000,3111.0,870,79572,27079820.0,3112.0,1,3109.0,4
rb1805,20170710,20170707,210426500,3111.0,870,79572,27079820.0,3111.0,2,3109.0,4
rb1805,20170710,20170707,210427500,3111.0,870,79572,27079820.0,3110.0,2,3109.0,4
rb1805,20170710,20170707,210428000,3111.0,870,79572,27079820.0,3110.0,2,3109.0,4
rb1805,20170710,20170707,210428500,3110.0,872,79572,27142020.0,3110.0,1,3109.0,4
rb1805,20170710,20170707,210430000,3109.0,874,79574,27204200.0,3110.0,1,3109.0,3
rb1805,20170710,20170707,210431000,3109.0,874,79574,27204200.0,3110.0,1,3109.0,3
rb1805,20170710,20170707,210432500,3109.0,874,79574,27204200.0,3110.0,1,3109.0,3
rb1805,20170710,20170707,210433000,3109.0,874,79574,27204200.0,3110.0,1,3109.0,6
rb1805,20170710,20170707,210434000,3109.0,874,79574,27204200.0,3110.0,1,3109.0,6
rb1805,20170710,20170707,210434500,3109.0,874,79574,27204200.0,3110.0,1,3109.0,5
rb1805,20170710,20170707,210435000,3110.0,876,79574,27266400.0,3111.0,2,3110.0,45
rb1805,20170710,20170707,210435500,3110.0,876,79574,27266400.0,3111.0,2,3110.0,49
rb1805,20170710,20170707,210436500,3110.0,878,79574,27328600.0,3111.0,3,3110.0,48
rb1805,20170710,20170707,210437000,3110.0,900,79574,28012800.0,3111.0,2,3110.0,38
rb1805,20170710,20170707,210437500,3110.0,900,79574,28012800.0,3111.0,2,3110.0,38
rb1805,20170710,20170707,210438000,3110.0,900,79574,28012800.0,3111.0,2,3110.0,38
rb1805,20170710,20170707,210439000,3110.0,900,79574,28012800.0,3111.0,2,3110.0,38
rb1805,20170710,20170707,210440000,3110.0,900,79574,28012800.0,3111.0,2,3110.0,38
rb1805,20170710,20170707,210440500,3110.0,900,79574,28012800.0,3111.0,2,3110.0,39
rb1805,20170710,20170707,210441000,3111.0,904,79574,28137240.0,3112.0,7,3111.0,2
rb1805,20170710,20170707,210441500,3111.0,906,79572,28199460.0,3112.0,2,3110.0,39
rb1805,20170710,20170707,210444500,3111.0,906,79572,28199460.0,3112.0,4,3110.0,39
rb1805,20170710,20170707,210445000,3111.0,910,79568,28323900.0,3112.0,3,3110.0,39
rb1805,20170710,20170707,210445500,3111.0,910,79568,28323900.0,3112.0,3,3110.0,40
rb1805,20170710,20170707,210446500,3111.0,910,79568,28323900.0,3112.0,3,3110.0,43
rb1805,20170710,20170707,210449500,3111.0,910,79568,28323900.0,3112.0,4,3110.0,43
rb1805,20170710,20170707,210451500,3111.0,910,79568,28323900.0,3111.0,1,3110.0,43
rb1805,20170710,20170707,210454000,3111.0,910,79568,28323900.0,3111.0,1,3110.0,43
rb1805,20170710,20170707,210457500,3111.0,910,79568,28323900.0,3111.0,1,3110.0,43
rb1805,20170710,20170707,210458500,3111.0,910,79568,28323900.0,3111.0,1,3110.0,46
rb1805,20170710,20170707,210459000,3111.0,910,79568,28323900.0,3111.0,1,3110.0,48
rb1805,20170710,20170707,210500000,3111.0,910,79568,28323900.0,3111.0,1,3110.0,48
rb1805,20170710,20170707,210500500,3111.0,910,79568,28323900.0,3111.0,1,3110.0,48
rb1805,20170710,20170707,210502000,3111.0,912,79570,28386120.0,3112.0,4,3110.0,48
rb1805,20170710,20170707,210503000,3111.0,912,79570,28386120.0,3112.0,4,3110.0,47
rb1805,20170710,20170707,210503500,3111.0,912,79570,28386120.0,3112.0,4,3111.0,10
rb1805,20170710,20170707,210504500,3111.0,912,79570,28386120.0,3112.0,4,3111.0,10
rb1805,20170710,20170707,210505500,3111.0,912,79570,28386120.0,3112.0,4,3111.0,11
rb1805,20170710,20170707,210511500,3111.0,912,79570,28386120.0,3112.0,4,3111.0,11
rb1805,20170710,20170707,210513500,3111.0,912,79570,28386120.0,3112.0,4,3111.0,12
rb1805,20170710,20170707,210515500,3111.0,912,79570,28386120.0,3112.0,4,3111.0,12
rb1805,20170710,20170707,210517000,3111.0,912,79570,28386120.0,3112.0,4,3111.0,12
rb1805,20170710,20170707,210517500,3111.0,912,79570,28386120.0,3112.0,4,3111.0,12
rb1805,20170710,20170707,210520000,3112.0,920,79572,28635080.0,3113.0,6,3112.0,33
rb1805,20170710,20170707,210521000,3112.0,922,79572,28697320.0,3113.0,6,3112.0,32
rb1805,20170710,20170707,210522000,3112.0,922,79572,28697320.0,3113.0,6,3112.0,32
rb1805,20170710,20170707,210529500,3112.0,922,79572,28697320.0,3113.0,5,3112.0,32
rb1805,20170710,20170707,210530000,3112.0,942,79592,29319720.0,3113.0,5,3112.0,22
rb1805,20170710,20170707,210533500,3112.0,942,79592,29319720.0,3113.0,5,3112.0,23
rb1805,20170710,20170707,210535500,3113.0,944,79592,29381980.0,3113.0,6,3112.0,22
rb1805,20170710,20170707,210539000,3113.0,946,79592,29444240.0,3113.0,5,3112.0,24
rb1805,20170710,20170707,210540500,3113.0,952,79594,29631020.0,3113.0,2,3112.0,24
rb1805,20170710,20170707,210542500,3113.0,954,79594,29693280.0,3113.0,1,3112.0,24
rb1805,20170710,20170707,210544000,3113.0,954,79594,29693280.0,3113.0,1,3112.0,24
rb1805,20170710,20170707,210545000,3113.0,954,79594,29693280.0,3113.0,1,3112.0,24
rb1805,20170710,20170707,210547500,3113.0,954,79594,29693280.0,3113.0,1,3112.0,24
rb1805,20170710,20170707,210548500,3113.0,954,79594,29693280.0,3113.0,1,3112.0,26
rb1805,20170710,20170707,210550000,3113.0,954,79594,29693280.0,3113.0,1,3112.0,26
rb1805,20170710,20170707,210555500,3113.0,956,79594,29755540.0,3114.0,8,3112.0,26
rb1805,20170710,20170707,210556500,3113.0,956,79594,29755540.0,3114.0,6,3112.0,26
rb1805,20170710,20170707,210557000,3113.0,956,79594,29755540.0,3114.0,6,3112.0,26
rb1805,20170710,20170707,210558000,3113.0,956,79594,29755540.0,3114.0,6,3112.0,27
rb1805,20170710,20170707,210558500,3113.0,956,79594,29755540.0,3114.0,6,3112.0,26
rb1805,20170710,20170707,210559500,3112.0,958,79594,29817780.0,3114.0,6,3112.0,25
rb1805,20170710,20170707,210600000,3112.0,960,79594,29880020.0,3114.0,6,3112.0,24
rb1805,20170710,20170707,210601000,3112.0,962,79594,29942260.0,3114.0,6,3112.0,23
rb1805,20170710,20170707,210602000,3112.0,964,79594,30004500.0,3114.0,6,3112.0,22
rb1805,20170710,20170707,210602500,3112.0,964,79594,30004500.0,3114.0,6,3112.0,22
rb1805,20170710,20170707,210603000,3112.0,966,79594,30066740.0,3114.0,6,3112.0,21
rb1805,20170710,20170707,210604000,3112.0,968,79594,30128980.0,3114.0,6,3112.0,20
rb1805,20170710,20170707,210605000,3112.0,970,79594,30191220.0,3114.0,6,3112.0,19
rb1805,20170710,20170707,210606500,3112.0,972,79594,30253460.0,3113.0,1,3112.0,18
rb1805,20170710,20170707,210607500,3112.0,972,79594,30253460.0,3113.0,1,3112.0,20
rb1805,20170710,20170707,210608000,3112.0,972,79594,30253460.0,3113.0,1,3112.0,20
rb1805,20170710,20170707,210608500,3112.0,972,79594,30253460.0,3113.0,1,3112.0,20
rb1805,20170710,20170707,210612500,3112.0,972,79594,30253460.0,3113.0,1,3112.0,19
rb1805,20170710,20170707,210613000,3112.0,974,79596,30315700.0,3113.0,6,3112.0,18
rb1805,20170710,20170707,210613500,3112.0,976,79598,30377940.0,3113.0,6,3112.0,17
rb1805,20170710,20170707,210614000,3112.0,998,79598,31062780.0,3113.0,1,3112.0,14
rb1805,20170710,20170707,210614500,3112.0,1002,79598,31187260.0,3113.0,1,3112.0,12
rb1805,20170710,20170707,210615000,3112.0,1008,79604,31373980.0,3113.0,1,3112.0,9
rb1805,20170710,20170707,210616500,3112.0,1014,79610,31560700.0,3113.0,1,3112.0,6
rb1805,20170710,20170707,210617000,3112.0,1026,79610,31934140.0,3112.0,5,3111.0,11
rb1805,20170710,20170707,210617500,3112.0,1026,79610,31934140.0,3112.0,8,3111.0,12
rb1805,20170710,20170707,210618500,3112.0,1028,79612,31996380.0,3112.0,4,3111.0,12
rb1805,20170710,20170707,210620500,3111.0,1052,79620,32743020.0,3112.0,6,3111.0,5
rb1805,20170710,20170707,210621000,3112.0,1054,79620,32805260.0,3112.0,1,3111.0,5
rb1805,20170710,20170707,210621500,3112.0,1054,79620,32805260.0,3112.0,2,3111.0,5
rb1805,20170710,20170707,210622000,3112.0,1060,79614,32991980.0,3113.0,1,3112.0,3
rb1805,20170710,20170707,210622500,3112.0,1060,79614,32991980.0,3114.0,6,3112.0,1
rb1805,20170710,20170707,210623000,3112.0,1062,79614,33054220.0,3113.0,2,3111.0,5
rb1805,20170710,20170707,210623500,3111.0,1064,79612,33116440.0,3113.0,2,3111.0,4
rb1805,20170710,20170707,210624000,3111.0,1064,79612,33116440.0,3113.0,2,3111.0,4
rb1805,20170710,20170707,210625500,3111.0,1064,79612,33116440.0,3112.0,1,3111.0,4
rb1805,20170710,20170707,210626500,3111.0,1064,79612,33116440.0,3112.0,1,3110.0,11
rb1805,20170710,20170707,210627000,3110.0,1066,79610,33178640.0,3112.0,1,3110.0,10
rb1805,20170710,20170707,210627500,3110.0,1066,79610,33178640.0,3112.0,1,3110.0,11
rb1805,20170710,20170707,210628000,3110.0,1066,79610,33178640.0,3112.0,3,3110.0,15
rb1805,20170710,20170707,210628500,3110.0,1066,79610,33178640.0,3112.0,3,3110.0,15
rb1805,20170710,20170707,210629000,3110.0,1066,79610,33178640.0,3112.0,8,3110.0,15
rb1805,20170710,20170707,210630000,3112.0,1068,79608,33240880.0,3112.0,7,3110.0,15
rb1805,20170710,20170707,210630500,3112.0,1068,79608,33240880.0,3112.0,8,3110.0,15
rb1805,20170710,20170707,210631500,3110.0,1070,79606,33303080.0,3112.0,8,3110.0,10
rb1805,20170710,20170707,210634000,3110.0,1072,79606,33365280.0,3112.0,8,3110.0,9
rb1805,20170710,20170707,210634500,3110.0,1074,79606,33427480.0,3111.0,2,3110.0,9
rb1805,20170710,20170707,210636000,3111.0,1090,79608,33925240.0,3112.0,8,3111.0,51
rb1805,20170710,20170707,210636500,3111.0,1090,79608,33925240.0,3112.0,8,3111.0,50
rb1805,20170710,20170707,210637000,3111.0,1090,79608,33925240.0,3112.0,8,3111.0,50
rb1805,20170710,20170707,210637500,3111.0,1090,79608,33925240.0,3112.0,3,3111.0,50
rb1805,20170710,20170707,210639500,3111.0,1090,79608,33925240.0,3112.0,3,3111.0,50
rb1805,20170710,20170707,210641000,3111.0,1090,79608,33925240.0,3112.0,4,3111.0,50
rb1805,20170710,20170707,210641500,3111.0,1090,79608,33925240.0,3112.0,4,3111.0,50
rb1805,20170710,20170707,210643500,3112.0,1098,79610,34174200.0,3113.0,1,3112.0,6
rb1805,20170710,20170707,210644000,3112.0,1104,79616,34360920.0,3113.0,4,3112.0,3
rb1805,20170710,20170707,210644500,3112.0,1104,79616,34360920.0,3113.0,6,3112.0,3
rb1805,20170710,20170707,210645500,3112.0,1110,79622,34547640.0,3112.0,2,3111.0,50
rb1805,20170710,20170707,210646000,3112.0,1110,79622,34547640.0,3112.0,1,3111.0,50
rb1805,20170710,20170707,210646500,3112.0,1110,79622,34547640.0,3112.0,1,3111.0,50
rb1805,20170710,20170707,210647000,3112.0,1110,79622,34547640.0,3112.0,11,3111.0,50
rb1805,20170710,20170707,210647500,3112.0,1110,79622,34547640.0,3112.0,11,3111.0,50
rb1805,20170710,20170707,210648000,3111.0,1116,79628,34734300.0,3112.0,11,3111.0,47
rb1805,20170710,20170707,210648500,3112.0,1118,79630,34796540.0,3112.0,10,3111.0,47
rb1805,20170710,20170707,210650500,3112.0,1118,79630,34796540.0,3112.0,13,3111.0,47
rb1805,20170710,20170707,210653500,3111.0,1120,79632,34858760.0,3112.0,13,3111.0,46
rb1805,20170710,20170707,210655000,3111.0,1122,79632,34920980.0,3112.0,13,3111.0,45
rb1805,20170710,20170707,210655500,3111.0,1124,79634,34983200.0,3112.0,13,3111.0,44
rb1805,20170710,20170707,210656000,3111.0,1124,79634,34983200.0,3112.0,13,3111.0,44
rb1805,20170710,20170707,210657000,3111.0,1126,79634,35045420.0,3112.0,13,3111.0,43
rb1805,20170710,20170707,210658500,3111.0,1138,79638,35418740.0,3112.0,14,3111.0,37
rb1805,20170710,20170707,210659000,3111.0,1138,79638,35418740.0,3112.0,13,3111.0,37
rb1805,20170710,20170707,210701000,3111.0,1138,79638,35418740.0,3112.0,13,3111.0,37
rb1805,20170710,20170707,210702500,3111.0,1146,79638,35667620.0,3112.0,11,3111.0,33
rb1805,20170710,20170707,210703000,3111.0,1146,79638,35667620.0,3112.0,13,3111.0,33
rb1805,20170710,20170707,210703500,3111.0,1146,79638,35667620.0,3112.0,10,3111.0,33
rb1805,20170710,20170707,210704500,3111.0,1148,79638,35729840.0,3112.0,10,3111.0,32
rb1805,20170710,20170707,210706000,3111.0,1154,79644,35916500.0,3112.0,17,3111.0,29
rb1805,20170710,20170707,210708000,3111.0,1154,79644,35916500.0,3112.0,17,3111.0,39
rb1805,20170710,20170707,210708500,3111.0,1154,79644,35916500.0,3112.0,17,3111.0,39
rb1805,20170710,20170707,210710000,3111.0,1154,79644,35916500.0,3112.0,17,3111.0,39
rb1805,20170710,20170707,210710500,3111.0,1154,79644,35916500.0,3112.0,17,3111.0,39
rb1805,20170710,20170707,210711000,3112.0,1160,79644,36103220.0,3112.0,14,3111.0,44
rb1805,20170710,20170707,210711500,3112.0,1162,79644,36165460.0,3112.0,13,3111.0,44
rb1805,20170710,20170707,210712000,3112.0,1162,79644,36165460.0,3112.0,7,3111.0,44
rb1805,20170710,20170707,210712500,3112.0,1170,79644,36414420.0,3112.0,3,3111.0,44
rb1805,20170710,20170707,210713000,3112.0,1170,79644,36414420.0,3112.0,3,3111.0,39
rb1805,20170710,20170707,210714000,3112.0,1170,79644,36414420.0,3112.0,3,3111.0,39
rb1805,20170710,20170707,210715000,3111.0,1180,79644,36725520.0,3112.0,6,3111.0,34
rb1805,20170710,20170707,210715500,3112.0,1182,79644,36787760.0,3112.0,5,3111.0,34
rb1805,20170710,20170707,210716500,3112.0,1182,79644,36787760.0,3112.0,11,3111.0,34
rb1805,20170710,20170707,210717000,3112.0,1182,79644,36787760.0,3112.0,14,3111.0,34
rb1805,20170710,20170707,210718000,3112.0,1182,79644,36787760.0,3112.0,16,3111.0,34
rb1805,20170710,20170707,210718500,3111.0,1188,79644,36974420.0,3112.0,16,3111.0,31
rb1805,20170710,20170707,210719500,3111.0,1188,79644,36974420.0,3112.0,16,3111.0,31
rb1805,20170710,20170707,210721000,3111.0,1188,79644,36974420.0,3112.0,13,3111.0,31
rb1805,20170710,20170707,210722000,3111.0,1188,79644,36974420.0,3112.0,13,3111.0,36
rb1805,20170710,20170707,210723000,3111.0,1188,79644,36974420.0,3112.0,13,3111.0,36
rb1805,20170710,20170707,210723500,3111.0,1188,79644,36974420.0,3112.0,10,3111.0,36
rb1805,20170710,20170707,210724500,3111.0,1188,79644,36974420.0,3112.0,4,3111.0,36
rb1805,20170710,20170707,210725000,3111.0,1188,79644,36974420.0,3112.0,5,3111.0,31
rb1805,20170710,20170707,210726500,3112.0,1200,79648,37347860.0,3113.0,1,3112.0,4
rb1805,20170710,20170707,210727000,3112.0,1200,79648,37347860.0,3113.0,5,3112.0,4
rb1805,20170710,20170707,210729000,3112.0,1206,79652,37534580.0,3113.0,5,3112.0,1
rb1805,20170710,20170707,210729500,3112.0,1206,79652,37534580.0,3113.0,7,3112.0,1
rb1805,20170710,20170707,210731000,3112.0,1208,79654,37596820.0,3112.0,4,3111.0,31
rb1805,20170710,20170707,210731500,3112.0,1208,79654,37596820.0,3112.0,4,3111.0,31
rb1805,20170710,20170707,210732000,3112.0,1208,79654,37596820.0,3112.0,4,3111.0,31
rb1805,20170710,20170707,210732500,3112.0,1208,79654,37596820.0,3112.0,7,3111.0,31
rb1805,20170710,20170707,210733500,3112.0,1208,79654,37596820.0,3112.0,8,3111.0,31
rb1805,20170710,20170707,210734500,3112.0,1208,79654,37596820.0,3112.0,14,3111.0,31
rb1805,20170710,20170707,210735000,3111.0,1212,79654,37721260.0,3112.0,14,3111.0,29
rb1805,20170710,20170707,210736000,3111.0,1212,79654,37721260.0,3112.0,14,3111.0,29
rb1805,20170710,20170707,210737000,3111.0,1218,79660,37907920.0,3112.0,15,3111.0,26
rb1805,20170710,20170707,210738000,3111.0,1222,79660,38032360.0,3112.0,15,3111.0,24
rb1805,20170710,20170707,210739500,3111.0,1226,79660,38156800.0,3112.0,15,3111.0,22
rb1805,20170710,20170707,210740500,3111.0,1230,79660,38281240.0,3112.0,14,3111.0,20
rb1805,20170710,20170707,210741000,3111.0,1234,79660,38405680.0,3112.0,14,3111.0,18
rb1805,20170710,20170707,210743500,3111.0,1234,79660,38405680.0,3112.0,15,3111.0,18
rb1805,20170710,20170707,210744000,3111.0,1234,79660,38405680.0,3112.0,16,3111.0,18
rb1805,20170710,20170707,210744500,3111.0,1234,79660,38405680.0,3112.0,16,3111.0,18
rb1805,20170710,20170707,210746500,3111.0,1234,79660,38405680.0,3112.0,15,3111.0,18
rb1805,20170710,20170707,210747000,3111.0,1234,79660,38405680.0,3112.0,12,3111.0,18
rb1805,20170710,20170707,210747500,3111.0,1234,79660,38405680.0,3112.0,13,3111.0,18
rb1805,20170710,20170707,210748500,3111.0,1234,79660,38405680.0,3112.0,12,3111.0,18
rb1805,20170710,20170707,210749500,3111.0,1234,79660,38405680.0,3112.0,13,3111.0,18
rb1805,20170710,20170707,210752500,3111.0,1234,79660,38405680.0,3112.0,13,3111.0,18
rb1805,20170710,20170707,210758000,3111.0,1236,79662,38467900.0,3112.0,13,3111.0,17
rb1805,20170710,20170707,210759000,3111.0,1238,79662,38530120.0,3112.0,14,3111.0,16
rb1805,20170710,20170707,210800500,3111.0,1238,79662,38530120.0,3112.0,13,3111.0,16
rb1805,20170710,20170707,210801000,3111.0,1238,79662,38530120.0,3112.0,14,3111.0,16
rb1805,20170710,20170707,210801500,3112.0,1240,79664,38592360.0,3112.0,13,3111.0,16
rb1805,20170710,20170707,210802000,3112.0,1240,79664,38592360.0,3112.0,15,3111.0,16
rb1805,20170710,20170707,210803500,3112.0,1240,79664,38592360.0,3112.0,9,3111.0,16
rb1805,20170710,20170707,210804500,3112.0,1242,79664,38654600.0,3112.0,8,3111.0,16
rb1805,20170710,20170707,210805000,3111.0,1244,79664,38716820.0,3112.0,9,3111.0,15
rb1805,20170710,20170707,210805500,3111.0,1246,79666,38779040.0,3112.0,5,3111.0,14
rb1805,20170710,20170707,210806500,3111.0,1246,79666,38779040.0,3112.0,5,3111.0,14
rb1805,20170710,20170707,210809000,3111.0,1266,79666,39401240.0,3112.0,5,3111.0,4
rb1805,20170710,20170707,210809500,3111.0,1266,79666,39401240.0,3112.0,6,3111.0,4
rb1805,20170710,20170707,210810000,3111.0,1268,79666,39463460.0,3112.0,6,3111.0,3
rb1805,20170710,20170707,210811500,3111.0,1268,79666,39463460.0,3112.0,12,3111.0,3
rb1805,20170710,20170707,210812500,3111.0,1268,79666,39463460.0,3112.0,12,3111.0,3
rb1805,20170710,20170707,210813500,3111.0,1268,79666,39463460.0,3112.0,11,3111.0,3
rb1805,20170710,20170707,210814000,3111.0,1268,79666,39463460.0,3112.0,5,3111.0,3
rb1805,20170710,20170707,210815000,3111.0,1268,79666,39463460.0,3112.0,5,3111.0,3
rb1805,20170710,20170707,210816000,3111.0,1268,79666,39463460.0,3112.0,5,3111.0,3
rb1805,20170710,20170707,210818500,3111.0,1268,79666,39463460.0,3112.0,5,3111.0,8
rb1805,20170710,20170707,210819500,3111.0,1268,79666,39463460.0,3112.0,5,3111.0,8
rb1805,20170710,20170707,210820500,3112.0,1278,79660,39774660.0,3113.0,2,3111.0,8
rb1805,20170710,20170707,210822000,3112.0,1278,79660,39774660.0,3113.0,2,3111.0,8
rb1805,20170710,20170707,210822500,3112.0,1278,79660,39774660.0,3113.0,2,3111.0,9
rb1805,20170710,20170707,210828000,3112.0,1278,79660,39774660.0,3113.0,2,3111.0,9
rb1805,20170710,20170707,210829000,3112.0,1278,79660,39774660.0,3112.0,4,3111.0,9
rb1805,20170710,20170707,210830500,3112.0,1286,79652,40023620.0,3113.0,2,3112.0,7
rb1805,20170710,20170707,210831000,3112.0,1286,79652,40023620.0,3113.0,2,3112.0,7
rb1805,20170710,20170707,210831500,3112.0,1286,79652,40023620.0,3113.0,2,3112.0,6
rb1805,20170710,20170707,210834000,3113.0,1290,79652,40148140.0,3114.0,5,3112.0,6
rb1805,20170710,20170707,210835000,3113.0,1290,79652,40148140.0,3114.0,5,3112.0,7
rb1805,20170710,20170707,210835500,3113.0,1290,79652,40148140.0,3113.0,1,3112.0,7
rb1805,20170710,20170707,210838500,3113.0,1292,79654,40210400.0,3114.0,5,3112.0,7
rb1805,20170710,20170707,210839000,3113.0,1292,79654,40210400.0,3114.0,5,3112.0,12
rb1805,20170710,20170707,210839500,3113.0,1292,79654,40210400.0,3114.0,6,3112.0,12
rb1805,20170710,20170707,210840000,3113.0,1292,79654,40210400.0,3114.0,5,3112.0,13
rb1805,20170710,20170707,210841000,3113.0,1292,79654,40210400.0,3114.0,5,3112.0,13
rb1805,20170710,20170707,210841500,3113.0,1292,79654,40210400.0,3114.0,5,3112.0,13
rb1805,20170710,20170707,210842000,3113.0,1292,79654,40210400.0,3114.0,5,3112.0,13
rb1805,20170710,20170707,210843000,3113.0,1292,79654,40210400.0,3114.0,5,3112.0,13
rb1805,20170710,20170707,210843500,3113.0,1292,79654,40210400.0,3114.0,5,3112.0,13
rb1805,20170710,20170707,210845500,3114.0,1294,79652,40272680.0,3114.0,4,3112.0,13
rb1805,20170710,20170707,210847000,3114.0,1296,79652,40334960.0,3114.0,3,3112.0,13
rb1805,20170710,20170707,210847500,3114.0,1302,79656,40521800.0,3115.0,9,3114.0,16
rb1805,20170710,20170707,210848000,3114.0,1304,79658,40584080.0,3115.0,12,3114.0,15
rb1805,20170710,20170707,210849000,3114.0,1304,79658,40584080.0,3115.0,13,3114.0,15
rb1805,20170710,20170707,210849500,3114.0,1312,79658,40833200.0,3115.0,13,3114.0,11
rb1805,20170710,20170707,210853500,3115.0,1314,79660,40895500.0,3115.0,9,3114.0,11
rb1805,20170710,20170707,210854000,3115.0,1314,79660,40895500.0,3115.0,9,3114.0,16
rb1805,20170710,20170707,210855500,3115.0,1314,79660,40895500.0,3115.0,11,3114.0,16
rb1805,20170710,20170707,210856000,3115.0,1314,79660,40895500.0,3115.0,11,3114.0,16
rb1805,20170710,20170707,210856500,3115.0,1334,79672,41518500.0,3115.0,1,3114.0,16
rb1805,20170710,20170707,210858000,3115.0,1334,79672,41518500.0,3115.0,1,3114.0,16
rb1805,20170710,20170707,210858500,3115.0,1334,79672,41518500.0,3115.0,4,3114.0,11
rb1805,20170710,20170707,210859000,3115.0,1334,79672,41518500.0,3115.0,6,3114.0,11
rb1805,20170710,20170707,210859500,3115.0,1334,79672,41518500.0,3115.0,3,3114.0,11
rb1805,20170710,20170707,210900500,3115.0,1340,79672,41705400.0,3116.0,4,3115.0,7
rb1805,20170710,20170707,210901000,3116.0,1342,79672,41767720.0,3116.0,7,3115.0,12
rb1805,20170710,20170707,210902500,3115.0,1344,79672,41830020.0,3116.0,7,3115.0,11
rb1805,20170710,20170707,210903000,3115.0,1344,79672,41830020.0,3116.0,6,3115.0,11
rb1805,20170710,20170707,210903500,3115.0,1368,79674,42577640.0,3115.0,6,3114.0,16
rb1805,20170710,20170707,210904000,3115.0,1368,79674,42577640.0,3115.0,6,3114.0,16
rb1805,20170710,20170707,210904500,3115.0,1368,79674,42577640.0,3115.0,6,3114.0,11
rb1805,20170710,20170707,210905000,3115.0,1368,79674,42577640.0,3115.0,6,3114.0,11
rb1805,20170710,20170707,210905500,3115.0,1370,79674,42639940.0,3115.0,5,3114.0,11
rb1805,20170710,20170707,210907000,3115.0,1370,79674,42639940.0,3115.0,5,3114.0,11
rb1805,20170710,20170707,210907500,3115.0,1372,79672,42702240.0,3115.0,4,3114.0,11
rb1805,20170710,20170707,210908500,3115.0,1372,79672,42702240.0,3115.0,4,3114.0,12
rb1805,20170710,20170707,210909000,3115.0,1376,79670,42826840.0,3115.0,2,3114.0,14
rb1805,20170710,20170707,210909500,3115.0,1380,79670,42951440.0,3116.0,2,3115.0,2
rb1805,20170710,20170707,210910000,3115.0,1380,79670,42951440.0,3116.0,2,3115.0,1
rb1805,20170710,20170707,210911000,3115.0,1380,79670,42951440.0,3116.0,2,3115.0,1
rb1805,20170710,20170707,210911500,3115.0,1380,79670,42951440.0,3116.0,2,3115.0,1
rb1805,20170710,20170707,210912000,3116.0,1382,79672,43013760.0,3116.0,1,3115.0,1
rb1805,20170710,20170707,210912500,3116.0,1382,79672,43013760.0,3116.0,1,3115.0,1
rb1805,20170710,20170707,210913000,3116.0,1384,79670,43076080.0,3117.0,1,3116.0,11
rb1805,20170710,20170707,210913500,3117.0,1388,79668,43200760.0,3118.0,10,3117.0,1
rb1805,20170710,20170707,210914500,3117.0,1388,79668,43200760.0,3118.0,12,3117.0,1
rb1805,20170710,20170707,210915000,3117.0,1390,79666,43263100.0,3118.0,10,3115.0,1
rb1805,20170710,20170707,210915500,3118.0,1392,79664,43325460.0,3118.0,9,3115.0,2
rb1805,20170710,20170707,210917000,3118.0,1392,79664,43325460.0,3118.0,9,3117.0,3
rb1805,20170710,20170707,210917500,3118.0,1392,79664,43325460.0,3118.0,9,3117.0,3
rb1805,20170710,20170707,210918000,3118.0,1404,79658,43699620.0,3118.0,3,3117.0,3
rb1805,20170710,20170707,210918500,3118.0,1404,79658,43699620.0,3118.0,3,3117.0,3
rb1805,20170710,20170707,210919500,3118.0,1404,79658,43699620.0,3118.0,3,3115.0,8
rb1805,20170710,20170707,210920500,3117.0,1406,79658,43761960.0,3118.0,3,3117.0,4
rb1805,20170710,20170707,210921500,3117.0,1406,79658,43761960.0,3118.0,3,3117.0,4
rb1805,20170710,20170707,210922500,3118.0,1412,79658,43949040.0,3120.0,2,3115.0,7
rb1805,20170710,20170707,210923000,3118.0,1412,79658,43949040.0,3120.0,8,3116.0,1
rb1805,20170710,20170707,210924000,3118.0,1412,79658,43949040.0,3120.0,8,3116.0,1
rb1805,20170710,20170707,210924500,3118.0,1412,79658,43949040.0,3120.0,10,3116.0,3
rb1805,20170710,20170707,210925000,3118.0,1412,79658,43949040.0,3120.0,13,3116.0,3
rb1805,20170710,20170707,210926000,3118.0,1412,79658,43949040.0,3120.0,10,3116.0,3
rb1805,20170710,20170707,210926500,3118.0,1412,79658,43949040.0,3120.0,13,3116.0,3
rb1805,20170710,20170707,210927000,3118.0,1412,79658,43949040.0,3120.0,13,3116.0,4
rb1805,20170710,20170707,210927500,3118.0,1412,79658,43949040.0,3120.0,16,3116.0,2
rb1805,20170710,20170707,210928000,3118.0,1412,79658,43949040.0,3118.0,2,3116.0,2
rb1805,20170710,20170707,210928500,3118.0,1414,79658,44011400.0,3118.0,1,3116.0,1
rb1805,20170710,20170707,210929000,3118.0,1416,79658,44073760.0,3120.0,11,3116.0,1
rb1805,20170710,20170707,210929500,3118.0,1416,79658,44073760.0,3118.0,8,3116.0,2
rb1805,20170710,20170707,210930000,3118.0,1416,79658,44073760.0,3118.0,10,3116.0,1
rb1805,20170710,20170707,210930500,3118.0,1416,79658,44073760.0,3118.0,10,3116.0,1
rb1805,20170710,20170707,210931000,3118.0,1416,79658,44073760.0,3118.0,9,3116.0,1
rb1805,20170710,20170707,210931500,3118.0,1416,79658,44073760.0,3118.0,8,3116.0,1
rb1805,20170710,20170707,210932500,3118.0,1416,79658,44073760.0,3118.0,3,3116.0,1
rb1805,20170710,20170707,210933000,3118.0,1416,79658,44073760.0,3119.0,2,3116.0,1
rb1805,20170710,20170707,210933500,3118.0,1416,79658,44073760.0,3119.0,10,3116.0,1
rb1805,20170710,20170707,210934000,3118.0,1416,79658,44073760.0,3119.0,10,3116.0,1
rb1805,20170710,20170707,210935000,3118.0,1416,79658,44073760.0,3119.0,10,3116.0,7
rb1805,20170710,20170707,210935500,3118.0,1416,79658,44073760.0,3119.0,10,3116.0,7
rb1805,20170710,20170707,210936500,3118.0,1416,79658,44073760.0,3119.0,11,3116.0,7
rb1805,20170710,20170707,210937000,3116.0,1418,79658,44136080.0,3119.0,11,3116.0,6
rb1805,20170710,20170707,210937500,3116.0,1420,79658,44198400.0,3119.0,11,3116.0,5
rb1805,20170710,20170707,210938500,3116.0,1420,79658,44198400.0,3119.0,10,3116.0,5
rb1805,20170710,20170707,210939000,3116.0,1420,79658,44198400.0,3119.0,10,3116.0,5
rb1805,20170710,20170707,210941500,3116.0,1420,79658,44198400.0,3119.0,11,3116.0,5
rb1805,20170710,20170707,210942500,3119.0,1422,79660,44260780.0,3119.0,10,3116.0,5
rb1805,20170710,20170707,210943500,3119.0,1422,79660,44260780.0,3119.0,10,3117.0,1
rb1805,20170710,20170707,210945000,3119.0,1422,79660,44260780.0,3119.0,10,3117.0,2
rb1805,20170710,20170707,210945500,3119.0,1422,79660,44260780.0,3119.0,10,3117.0,2
rb1805,20170710,20170707,210946000,3117.0,1424,79660,44323120.0,3119.0,10,3117.0,1
rb1805,20170710,20170707,210947000,3117.0,1424,79660,44323120.0,3119.0,11,3117.0,1
rb1805,20170710,20170707,210949000,3117.0,1424,79660,44323120.0,3119.0,12,3117.0,1
rb1805,20170710,20170707,210950000,3117.0,1424,79660,44323120.0,3119.0,12,3117.0,1
rb1805,20170710,20170707,210950500,3117.0,1424,79660,44323120.0,3119.0,11,3117.0,1
rb1805,20170710,20170707,210951000,3117.0,1424,79660,44323120.0,3119.0,6,3117.0,1
rb1805,20170710,20170707,210951500,3117.0,1424,79660,44323120.0,3119.0,6,3117.0,4
rb1805,20170710,20170707,210953500,3117.0,1424,79660,44323120.0,3119.0,7,3117.0,4
rb1805,20170710,20170707,210954000,3117.0,1424,79660,44323120.0,3119.0,8,3117.0,4
rb1805,20170710,20170707,210954500,3117.0,1424,79660,44323120.0,3119.0,5,3117.0,4
rb1805,20170710,20170707,210955000,3117.0,1424,79660,44323120.0,3119.0,5,3117.0,4
rb1805,20170710,20170707,210956000,3117.0,1424,79660,44323120.0,3119.0,5,3117.0,4
rb1805,20170710,20170707,210958000,3117.0,1424,79660,44323120.0,3119.0,5,3117.0,4
rb1805,20170710,20170707,210959000,3117.0,1424,79660,44323120.0,3119.0,5,3117.0,4
rb1805,20170710,20170707,210959500,3117.0,1424,79660,44323120.0,3119.0,8,3117.0,4
rb1805,20170710,20170707,211000000,3117.0,1424,79660,44323120.0,3119.0,5,3117.0,4
rb1805,20170710,20170707,211000500,3117.0,1424,79660,44323120.0,3119.0,4,3117.0,4
rb1805,20170710,20170707,211001000,3117.0,1424,79660,44323120.0,3119.0,4,3118.0,4
rb1805,20170710,20170707,211001500,3117.0,1424,79660,44323120.0,3119.0,4,3118.0,4
rb1805,20170710,20170707,211003000,3120.0,1442,79644,44884640.0,3120.0,4,3119.0,14
rb1805,20170710,20170707,211003500,3120.0,1448,79638,45071760.0,3120.0,1,3118.0,2
rb1805,20170710,20170707,211004000,3120.0,1448,79638,45071760.0,3120.0,1,3119.0,4
rb1805,20170710,20170707,211004500,3120.0,1448,79638,45071760.0,3120.0,1,3118.0,2
rb1805,20170710,20170707,211005000,3120.0,1448,79638,45071760.0,3120.0,6,3118.0,2
rb1805,20170710,20170707,211005500,3120.0,1448,79638,45071760.0,3120.0,6,3118.0,5
rb1805,20170710,20170707,211006000,3120.0,1448,79638,45071760.0,3120.0,1,3118.0,5
rb1805,20170710,20170707,211007000,3120.0,1448,79638,45071760.0,3120.0,1,3118.0,5
rb1805,20170710,20170707,211007500,3119.0,1450,79636,45134140.0,3120.0,1,3119.0,1
rb1805,20170710,20170707,211008000,3119.0,1450,79636,45134140.0,3120.0,1,3118.0,5
rb1805,20170710,20170707,211008500,3119.0,1450,79636,45134140.0,3120.0,1,3119.0,1
rb1805,20170710,20170707,211009000,3119.0,1450,79636,45134140.0,3120.0,2,3119.0,1
rb1805,20170710,20170707,211009500,3119.0,1450,79636,45134140.0,3120.0,2,3119.0,6
rb1805,20170710,20170707,211010000,3119.0,1450,79636,45134140.0,3120.0,2,3119.0,6
rb1805,20170710,20170707,211010500,3119.0,1450,79636,45134140.0,3120.0,2,3119.0,11
rb1805,20170710,20170707,211011500,3119.0,1450,79636,45134140.0,3120.0,2,3119.0,11
rb1805,20170710,20170707,211012500,3120.0,1452,79636,45196540.0,3120.0,1,3119.0,11
rb1805,20170710,20170707,211013000,3120.0,1452,79636,45196540.0,3120.0,2,3119.0,11
rb1805,20170710,20170707,211014000,3120.0,1454,79638,45258940.0,3120.0,1,3119.0,11
rb1805,20170710,20170707,211015000,3120.0,1456,79638,45321340.0,3121.0,5,3120.0,15
rb1805,20170710,20170707,211015500,3120.0,1456,79638,45321340.0,3121.0,5,3120.0,6
rb1805,20170710,20170707,211016000,3120.0,1456,79638,45321340.0,3121.0,5,3120.0,10
rb1805,20170710,20170707,211016500,3120.0,1456,79638,45321340.0,3121.0,5,3120.0,6
rb1805,20170710,20170707,211017000,3121.0,1460,79638,45446180.0,3121.0,3,3120.0,4
rb1805,20170710,20170707,211017500,3122.0,1494,79644,46507360.0,3123.0,2,3122.0,2
rb1805,20170710,20170707,211018000,3122.0,1506,79650,46881860.0,3122.0,12,3119.0,7
rb1805,20170710,20170707,211018500,3122.0,1506,79650,46881860.0,3122.0,19,3119.0,5
rb1805,20170710,20170707,211019000,3122.0,1506,79650,46881860.0,3120.0,1,3119.0,5
rb1805,20170710,20170707,211019500,3120.0,1520,79658,47318660.0,3122.0,12,3119.0,5
rb1805,20170710,20170707,211020000,3120.0,1520,79658,47318660.0,3121.0,3,3120.0,2
rb1805,20170710,20170707,211020500,3120.0,1526,79664,47505860.0,3120.0,1,3119.0,4
rb1805,20170710,20170707,211021000,3120.0,1526,79664,47505860.0,3121.0,2,3119.0,4
rb1805,20170710,20170707,211021500,3120.0,1526,79664,47505860.0,3121.0,5,3119.0,5
rb1805,20170710,20170707,211022000,3121.0,1528,79664,47568280.0,3121.0,4,3119.0,1
rb1805,20170710,20170707,211024000,3121.0,1536,79664,47817960.0,3122.0,12,3119.0,1
rb1805,20170710,20170707,211024500,3121.0,1536,79664,47817960.0,3122.0,12,3119.0,6
rb1805,20170710,20170707,211025000,3121.0,1536,79664,47817960.0,3121.0,10,3119.0,6
rb1805,20170710,20170707,211025500,3121.0,1536,79664,47817960.0,3121.0,10,3120.0,3
rb1805,20170710,20170707,211026500,3121.0,1538,79666,47880380.0,3121.0,9,3120.0,3
rb1805,20170710,20170707,211027000,3121.0,1538,79666,47880380.0,3121.0,9,3120.0,3
rb1805,20170710,20170707,211028000,3121.0,1538,79666,47880380.0,3121.0,9,3120.0,3
rb1805,20170710,20170707,211029000,3121.0,1538,79666,47880380.0,3121.0,9,3120.0,3
rb1805,20170710,20170707,211030500,3121.0,1538,79666,47880380.0,3121.0,9,3120.0,3
rb1805,20170710,20170707,211031000,3121.0,1540,79668,47942800.0,3121.0,9,3120.0,3
rb1805,20170710,20170707,211031500,3121.0,1540,79668,47942800.0,3121.0,9,3120.0,3
rb1805,20170710,20170707,211032000,3121.0,1540,79668,47942800.0,3121.0,9,3120.0,3
rb1805,20170710,20170707,211033000,3121.0,1540,79668,47942800.0,3121.0,9,3120.0,3
rb1805,20170710,20170707,211033500,3121.0,1540,79668,47942800.0,3121.0,9,3120.0,3
rb1805,20170710,20170707,211034500,3121.0,1540,79668,47942800.0,3121.0,9,3120.0,3
rb1805,20170710,20170707,211035000,3121.0,1550,79678,48254900.0,3121.0,4,3120.0,4
rb1805,20170710,20170707,211035500,3121.0,1560,79684,48567000.0,3122.0,11,3121.0,1
rb1805,20170710,20170707,211036000,3121.0,1560,79684,48567000.0,3122.0,6,3121.0,4
rb1805,20170710,20170707,211036500,3121.0,1560,79684,48567000.0,3122.0,6,3121.0,4
rb1805,20170710,20170707,211037000,3121.0,1560,79684,48567000.0,3122.0,7,3121.0,4
rb1805,20170710,20170707,211039000,3121.0,1564,79680,48691840.0,3122.0,7,3121.0,2
rb1805,20170710,20170707,211039500,3121.0,1568,79680,48816680.0,3121.0,8,3120.0,4
rb1805,20170710,20170707,211040000,3121.0,1568,79680,48816680.0,3121.0,3,3120.0,3
rb1805,20170710,20170707,211041000,3121.0,1572,79684,48941520.0,3121.0,1,3120.0,3
rb1805,20170710,20170707,211041500,3121.0,1572,79684,48941520.0,3121.0,1,3120.0,3
rb1805,20170710,20170707,211043000,3121.0,1572,79684,48941520.0,3121.0,1,3120.0,3
rb1805,20170710,20170707,211043500,3120.0,1578,79684,49128720.0,3120.0,37,3119.0,7
rb1805,20170710,20170707,211044000,3120.0,1580,79682,49191120.0,3120.0,36,3119.0,2
rb1805,20170710,20170707,211044500,3120.0,1582,79682,49253520.0,3120.0,35,3119.0,2
rb1805,20170710,20170707,211046500,3120.0,1582,79682,49253520.0,3120.0,35,3119.0,2
rb1805,20170710,20170707,211047500,3120.0,1582,79682,49253520.0,3120.0,35,3119.0,2
rb1805,20170710,20170707,211048000,3120.0,1588,79682,49440720.0,3120.0,32,3119.0,3
rb1805,20170710,20170707,211048500,3119.0,1590,79682,49503100.0,3120.0,32,3119.0,1
rb1805,20170710,20170707,211049000,3119.0,1590,79682,49503100.0,3120.0,32,3119.0,2
rb1805,20170710,20170707,211049500,3119.0,1590,79682,49503100.0,3120.0,32,3119.0,2
rb1805,20170710,20170707,211050000,3119.0,1590,79682,49503100.0,3120.0,32,3119.0,1
rb1805,20170710,20170707,211050500,3119.0,1590,79682,49503100.0,3120.0,32,3119.0,2
rb1805,20170710,20170707,211051000,3119.0,1590,79682,49503100.0,3120.0,32,3119.0,1
rb1805,20170710,20170707,211051500,3120.0,1598,79682,49752700.0,3120.0,28,3119.0,7
rb1805,20170710,20170707,211052000,3120.0,1610,79670,50127100.0,3120.0,22,3119.0,7
rb1805,20170710,20170707,211053000,3120.0,1610,79670,50127100.0,3120.0,22,3119.0,7
rb1805,20170710,20170707,211054000,3120.0,1614,79670,50251900.0,3120.0,20,3119.0,7
rb1805,20170710,20170707,211054500,3120.0,1614,79670,50251900.0,3120.0,20,3119.0,6
rb1805,20170710,20170707,211055000,3119.0,1616,79670,50314280.0,3120.0,20,3118.0,5
rb1805,20170710,20170707,211055500,3120.0,1618,79670,50376680.0,3120.0,20,3118.0,2
rb1805,20170710,20170707,211056000,3120.0,1618,79670,50376680.0,3120.0,20,3119.0,2
rb1805,20170710,20170707,211056500,3120.0,1618,79670,50376680.0,3120.0,21,3118.0,2
rb1805,20170710,20170707,211057000,3120.0,1618,79670,50376680.0,3120.0,21,3118.0,2
rb1805,20170710,20170707,211058000,3120.0,1618,79670,50376680.0,3120.0,21,3118.0,2
rb1805,20170710,20170707,211059000,3120.0,1618,79670,50376680.0,3120.0,21,3118.0,3
rb1805,20170710,20170707,211100000,3120.0,1618,79670,50376680.0,3120.0,21,3118.0,2
rb1805,20170710,20170707,211100500,3120.0,1618,79670,50376680.0,3120.0,21,3118.0,7
rb1805,20170710,20170707,211101000,3120.0,1618,79670,50376680.0,3120.0,22,3118.0,8
rb1805,20170710,20170707,211102000,3120.0,1618,79670,50376680.0,3120.0,22,3118.0,9
rb1805,20170710,20170707,211102500,3120.0,1644,79670,51187880.0,3120.0,9,3118.0,9
rb1805,20170710,20170707,211103000,3120.0,1646,79670,51250280.0,3120.0,8,3119.0,1
rb1805,20170710,20170707,211103500,3120.0,1648,79670,51312680.0,3120.0,7,3118.0,9
rb1805,20170710,20170707,211104000,3120.0,1660,79664,51687080.0,3120.0,1,3119.0,1
rb1805,20170710,20170707,211104500,3120.0,1662,79664,51749480.0,3121.0,1,3119.0,2
rb1805,20170710,20170707,211105000,3120.0,1662,79664,51749480.0,3121.0,1,3120.0,1
rb1805,20170710,20170707,211105500,3120.0,1664,79666,51811880.0,3120.0,2,3119.0,3
rb1805,20170710,20170707,211106000,3120.0,1664,79666,51811880.0,3121.0,1,3119.0,2
rb1805,20170710,20170707,211107000,3120.0,1664,79666,51811880.0,3121.0,1,3119.0,2
rb1805,20170710,20170707,211108500,3120.0,1664,79666,51811880.0,3121.0,1,3119.0,2
rb1805,20170710,20170707,211110000,3121.0,1666,79666,51874300.0,3122.0,4,3119.0,3
rb1805,20170710,20170707,211110500,3121.0,1666,79666,51874300.0,3121.0,2,3119.0,3
rb1805,20170710,20170707,211111500,3121.0,1666,79666,51874300.0,3121.0,2,3119.0,3
rb1805,20170710,20170707,211112500,3121.0,1666,79666,51874300.0,3121.0,2,3119.0,4
rb1805,20170710,20170707,211113000,3121.0,1666,79666,51874300.0,3121.0,2,3119.0,3
rb1805,20170710,20170707,211114000,3121.0,1666,79666,51874300.0,3121.0,2,3119.0,3
rb1805,20170710,20170707,211115000,3121.0,1666,79666,51874300.0,3120.0,1,3119.0,3
rb1805,20170710,20170707,211116000,3121.0,1668,79664,51936720.0,3121.0,2,3119.0,3
rb1805,20170710,20170707,211116500,3121.0,1670,79664,51999140.0,3121.0,6,3119.0,3
rb1805,20170710,20170707,211117000,3121.0,1670,79664,51999140.0,3120.0,10,3119.0,3
rb1805,20170710,20170707,211117500,3120.0,1672,79664,52061540.0,3120.0,9,3119.0,3
rb1805,20170710,20170707,211118000,3120.0,1672,79664,52061540.0,3120.0,9,3119.0,3
rb1805,20170710,20170707,211118500,3120.0,1672,79664,52061540.0,3120.0,9,3119.0,3
rb1805,20170710,20170707,211120000,3120.0,1672,79664,52061540.0,3120.0,9,3119.0,3
rb1805,20170710,20170707,211122500,3119.0,1674,79664,52123920.0,3120.0,9,3119.0,7
rb1805,20170710,20170707,211123500,3120.0,1678,79668,52248720.0,3120.0,7,3119.0,7
rb1805,20170710,20170707,211124500,3120.0,1678,79668,52248720.0,3120.0,7,3119.0,2
rb1805,20170710,20170707,211125000,3120.0,1678,79668,52248720.0,3120.0,7,3119.0,2
rb1805,20170710,20170707,211125500,3120.0,1680,79670,52311120.0,3120.0,6,3119.0,2
rb1805,20170710,20170707,211126500,3120.0,1680,79670,52311120.0,3120.0,6,3119.0,3
rb1805,20170710,20170707,211127000,3120.0,1680,79670,52311120.0,3120.0,6,3119.0,2
rb1805,20170710,20170707,211128500,3120.0,1680,79670,52311120.0,3120.0,6,3119.0,2
rb1805,20170710,20170707,211129500,3119.0,1684,79674,52435880.0,3119.0,4,3118.0,7
rb1805,20170710,20170707,211130000,3118.0,1688,79678,52560600.0,3118.0,10,3117.0,3
rb1805,20170710,20170707,211130500,3119.0,1700,79678,52934780.0,3120.0,6,3119.0,2
rb1805,20170710,20170707,211131000,3118.0,1708,79682,53184260.0,3119.0,7,3117.0,3
rb1805,20170710,20170707,211131500,3118.0,1708,79682,53184260.0,3119.0,3,3117.0,3
rb1805,20170710,20170707,211132000,3119.0,1712,79686,53309020.0,3119.0,1,3117.0,5
rb1805,20170710,20170707,211132500,3119.0,1712,79686,53309020.0,3119.0,1,3117.0,3
rb1805,20170710,20170707,211133000,3119.0,1712,79686,53309020.0,3120.0,6,3117.0,8
rb1805,20170710,20170707,211133500,3119.0,1712,79686,53309020.0,3120.0,6,3117.0,10
rb1805,20170710,20170707,211134000,3119.0,1712,79686,53309020.0,3120.0,6,3117.0,8
rb1805,20170710,20170707,211134500,3119.0,1712,79686,53309020.0,3120.0,6,3118.0,1
rb1805,20170710,20170707,211135000,3119.0,1712,79686,53309020.0,3120.0,6,3118.0,2
rb1805,20170710,20170707,211135500,3118.0,1716,79684,53433740.0,3120.0,7,3118.0,5
rb1805,20170710,20170707,211136000,3118.0,1716,79684,53433740.0,3120.0,7,3118.0,5
rb1805,20170710,20170707,211136500,3118.0,1716,79684,53433740.0,3120.0,7,3117.0,10
rb1805,20170710,20170707,211137000,3118.0,1716,79684,53433740.0,3119.0,2,3117.0,9
rb1805,20170710,20170707,211137500,3118.0,1716,79684,53433740.0,3119.0,2,3117.0,8
rb1805,20170710,20170707,211138000,3119.0,1718,79686,53496120.0,3119.0,1,3117.0,9
rb1805,20170710,20170707,211138500,3120.0,1728,79696,53808100.0,3120.0,9,3117.0,8
rb1805,20170710,20170707,211139500,3120.0,1728,79696,53808100.0,3120.0,9,3118.0,2
rb1805,20170710,20170707,211140500,3120.0,1728,79696,53808100.0,3120.0,10,3119.0,1
rb1805,20170710,20170707,211141000,3120.0,1728,79696,53808100.0,3120.0,10,3119.0,1
rb1805,20170710,20170707,211141500,3120.0,1728,79696,53808100.0,3120.0,10,3119.0,3
rb1805,20170710,20170707,211144000,3120.0,1730,79698,53870500.0,3120.0,9,3119.0,3
rb1805,20170710,20170707,211144500,3120.0,1730,79698,53870500.0,3120.0,9,3119.0,3
rb1805,20170710,20170707,211146000,3120.0,1730,79698,53870500.0,3120.0,9,3119.0,3
rb1805,20170710,20170707,211147000,3120.0,1730,79698,53870500.0,3120.0,9,3119.0,3
rb1805,20170710,20170707,211148500,3120.0,1730,79698,53870500.0,3120.0,8,3119.0,3
rb1805,20170710,20170707,211149000,3120.0,1738,79700,54120100.0,3120.0,4,3119.0,3
rb1805,20170710,20170707,211149500,3120.0,1740,79700,54182500.0,3120.0,3,3119.0,3
rb1805,20170710,20170707,211151000,3120.0,1742,79698,54244900.0,3120.0,3,3119.0,9
rb1805,20170710,20170707,211151500,3120.0,1748,79692,54432100.0,3121.0,11,3120.0,1
rb1805,20170710,20170707,211152000,3119.0,1750,79694,54494480.0,3121.0,11,3119.0,8
rb1805,20170710,20170707,211152500,3120.0,1752,79694,54556880.0,3121.0,11,3120.0,1
rb1805,20170710,20170707,211153000,3120.0,1752,79694,54556880.0,3121.0,11,3120.0,1
rb1805,20170710,20170707,211153500,3121.0,1766,79690,54993820.0,3121.0,4,3120.0,1
rb1805,20170710,20170707,211154000,3121.0,1770,79690,55118660.0,3121.0,2,3120.0,1
rb1805,20170710,20170707,211155000,3120.0,1776,79692,55305900.0,3122.0,6,3120.0,1
rb1805,20170710,20170707,211155500,3120.0,1776,79692,55305900.0,3122.0,7,3120.0,1
rb1805,20170710,20170707,211156500,3120.0,1776,79692,55305900.0,3122.0,7,3120.0,1
rb1805,20170710,20170707,211157500,3120.0,1778,79692,55368300.0,3122.0,7,3119.0,11
rb1805,20170710,20170707,211158000,3119.0,1784,79686,55555480.0,3122.0,8,3119.0,10
rb1805,20170710,20170707,211158500,3119.0,1784,79686,55555480.0,3121.0,1,3120.0,2
rb1805,20170710,20170707,211159000,3121.0,1786,79686,55617900.0,3122.0,7,3120.0,3
rb1805,20170710,20170707,211159500,3121.0,1786,79686,55617900.0,3122.0,7,3120.0,3
rb1805,20170710,20170707,211200000,3121.0,1786,79686,55617900.0,3122.0,7,3120.0,13
rb1805,20170710,20170707,211200500,3121.0,1786,79686,55617900.0,3122.0,9,3120.0,13
rb1805,20170710,20170707,211201000,3121.0,1786,79686,55617900.0,3122.0,7,3120.0,13
rb1805,20170710,20170707,211201500,3122.0,1796,79692,55930100.0,3122.0,2,3120.0,15
rb1805,20170710,20170707,211202000,3122.0,1796,79692,55930100.0,3122.0,2,3120.0,14
rb1805,20170710,20170707,211202500,3122.0,1796,79692,55930100.0,3122.0,3,3120.0,13
rb1805,20170710,20170707,211203000,3122.0,1802,79692,56117420.0,3123.0,3,3120.0,15
rb1805,20170710,20170707,211203500,3122.0,1802,79692,56117420.0,3123.0,3,3120.0,13
rb1805,20170710,20170707,211204500,3122.0,1802,79692,56117420.0,3123.0,3,3120.0,15
rb1805,20170710,20170707,211205000,3122.0,1802,79692,56117420.0,3122.0,1,3121.0,2
rb1805,20170710,20170707,211205500,3122.0,1804,79694,56179860.0,3123.0,3,3121.0,2
rb1805,20170710,20170707,211206500,3122.0,1804,79694,56179860.0,3123.0,3,3121.0,8
rb1805,20170710,20170707,211207000,3122.0,1804,79694,56179860.0,3123.0,3,3121.0,8
rb1805,20170710,20170707,211207500,3122.0,1804,79694,56179860.0,3123.0,4,3121.0,8
rb1805,20170710,20170707,211208000,3123.0,1812,79694,56429700.0,3124.0,5,3123.0,6
rb1805,20170710,20170707,211208500,3123.0,1818,79700,56617080.0,3124.0,5,3123.0,3
rb1805,20170710,20170707,211209000,3123.0,1818,79700,56617080.0,3124.0,6,3123.0,6
rb1805,20170710,20170707,211209500,3123.0,1818,79700,56617080.0,3124.0,5,3123.0,7
rb1805,20170710,20170707,211210500,3123.0,1818,79700,56617080.0,3124.0,6,3123.0,8
rb1805,20170710,20170707,211211000,3123.0,1818,79700,56617080.0,3124.0,6,3123.0,8
rb1805,20170710,20170707,211211500,3123.0,1818,79700,56617080.0,3124.0,5,3123.0,7
rb1805,20170710,20170707,211212000,3123.0,1818,79700,56617080.0,3124.0,6,3123.0,7
rb1805,20170710,20170707,211212500,3123.0,1818,79700,56617080.0,3124.0,6,3123.0,10
rb1805,20170710,20170707,211214000,3123.0,1820,79702,56679540.0,3124.0,6,3123.0,9
rb1805,20170710,20170707,211214500,3123.0,1822,79704,56742000.0,3124.0,6,3123.0,8
rb1805,20170710,20170707,211215500,3124.0,1824,79704,56804480.0,3124.0,5,3123.0,8
rb1805,20170710,20170707,211216000,3123.0,1828,79702,56929400.0,3124.0,5,3123.0,6
rb1805,20170710,20170707,211216500,3123.0,1828,79702,56929400.0,3124.0,6,3123.0,6
rb1805,20170710,20170707,211217500,3124.0,1830,79700,56991880.0,3124.0,4,3123.0,5
rb1805,20170710,20170707,211218000,3124.0,1830,79700,56991880.0,3124.0,4,3123.0,5
rb1805,20170710,20170707,211219000,3124.0,1834,79700,57116820.0,3124.0,2,3123.0,4
rb1805,20170710,20170707,211219500,3124.0,1842,79698,57366680.0,3124.0,1,3123.0,1
rb1805,20170710,20170707,211220000,3123.0,1844,79698,57429140.0,3124.0,1,3123.0,1
rb1805,20170710,20170707,211221000,3123.0,1844,79698,57429140.0,3124.0,2,3121.0,7
rb1805,20170710,20170707,211221500,3123.0,1844,79698,57429140.0,3123.0,36,3121.0,8
rb1805,20170710,20170707,211222000,3123.0,1892,79698,58928180.0,3123.0,12,3121.0,9
rb1805,20170710,20170707,211222500,3123.0,1894,79696,58990640.0,3123.0,11,3121.0,9
rb1805,20170710,20170707,211223000,3123.0,1900,79696,59178020.0,3123.0,8,3121.0,9
rb1805,20170710,20170707,211223500,3123.0,1900,79696,59178020.0,3123.0,8,3122.0,3
rb1805,20170710,20170707,211224000,3123.0,1900,79696,59178020.0,3123.0,8,3122.0,4
rb1805,20170710,20170707,211224500,3123.0,1916,79688,59677700.0,3124.0,2,3123.0,2
rb1805,20170710,20170707,211225000,3123.0,1916,79688,59677700.0,3124.0,2,3122.0,9
rb1805,20170710,20170707,211226000,3123.0,1916,79688,59677700.0,3124.0,2,3123.0,3
rb1805,20170710,20170707,211226500,3123.0,1916,79688,59677700.0,3124.0,2,3123.0,3
rb1805,20170710,20170707,211227000,3124.0,1922,79692,59865120.0,3125.0,11,3123.0,2
rb1805,20170710,20170707,211227500,3125.0,1944,79684,60552620.0,3126.0,6,3123.0,7
rb1805,20170710,20170707,211228000,3126.0,1956,79684,60927740.0,3128.0,5,3127.0,3
rb1805,20170710,20170707,211228500,3127.0,1978,79692,61615740.0,3128.0,3,3127.0,3
rb1805,20170710,20170707,211229000,3128.0,1988,79696,61928540.0,3129.0,1,3128.0,5
rb1805,20170710,20170707,211229500,3129.0,1990,79698,61991120.0,3130.0,119,3128.0,3
rb1805,20170710,20170707,211230000,3127.0,1992,79698,62053660.0,3129.0,2,3127.0,3
rb1805,20170710,20170707,211230500,3127.0,1992,79698,62053660.0,3129.0,8,3127.0,4
rb1805,20170710,20170707,211231000,3127.0,1992,79698,62053660.0,3129.0,8,3127.0,3
rb1805,20170710,20170707,211231500,3127.0,1992,79698,62053660.0,3129.0,2,3127.0,3
rb1805,20170710,20170707,211232000,3127.0,1992,79698,62053660.0,3129.0,3,3127.0,5
rb1805,20170710,20170707,211232500,3127.0,2002,79696,62366360.0,3127.0,4,3123.0,7
rb1805,20170710,20170707,211233000,3127.0,2002,79696,62366360.0,3127.0,6,3124.0,1
rb1805,20170710,20170707,211233500,3127.0,2002,79696,62366360.0,3126.0,1,3124.0,1
rb1805,20170710,20170707,211234000,3127.0,2002,79696,62366360.0,3126.0,1,3124.0,1
rb1805,20170710,20170707,211234500,3127.0,2002,79696,62366360.0,3126.0,1,3124.0,1
rb1805,20170710,20170707,211235000,3127.0,2002,79696,62366360.0,3126.0,1,3124.0,2
rb1805,20170710,20170707,211235500,3127.0,2002,79696,62366360.0,3126.0,1,3124.0,2
rb1805,20170710,20170707,211236000,3126.0,2004,79696,62428880.0,3127.0,1,3126.0,1
rb1805,20170710,20170707,211236500,3126.0,2006,79698,62491400.0,3127.0,1,3124.0,2
rb1805,20170710,20170707,211237000,3126.0,2006,79698,62491400.0,3127.0,7,3124.0,2
rb1805,20170710,20170707,211237500,3126.0,2006,79698,62491400.0,3127.0,2,3126.0,2
rb1805,20170710,20170707,211238000,3126.0,2006,79698,62491400.0,3127.0,2,3126.0,1
rb1805,20170710,20170707,211238500,3126.0,2006,79698,62491400.0,3127.0,2,3126.0,1
rb1805,20170710,20170707,211239000,3126.0,2006,79698,62491400.0,3127.0,2,3126.0,1
rb1805,20170710,20170707,211239500,3126.0,2006,79698,62491400.0,3127.0,2,3126.0,1
rb1805,20170710,20170707,211240000,3126.0,2006,79698,62491400.0,3127.0,3,3126.0,1
rb1805,20170710,20170707,211240500,3127.0,2008,79698,62553940.0,3127.0,2,3126.0,1
rb1805,20170710,20170707,211241500,3127.0,2010,79698,62616480.0,3127.0,1,3126.0,1
rb1805,20170710,20170707,211242500,3127.0,2012,79696,62679020.0,3128.0,11,3127.0,3
rb1805,20170710,20170707,211243000,3127.0,2012,79696,62679020.0,3128.0,11,3127.0,3
rb1805,20170710,20170707,211243500,3127.0,2014,79698,62741560.0,3128.0,11,3127.0,2
rb1805,20170710,20170707,211244000,3127.0,2018,79702,62866640.0,3128.0,11,3126.0,1
rb1805,20170710,20170707,211244500,3127.0,2018,79702,62866640.0,3128.0,13,3126.0,2
rb1805,20170710,20170707,211245000,3127.0,2018,79702,62866640.0,3128.0,12,3126.0,2
rb1805,20170710,20170707,211246000,3128.0,2020,79700,62929200.0,3128.0,11,3126.0,2
rb1805,20170710,20170707,211246500,3128.0,2020,79700,62929200.0,3128.0,11,3126.0,5
rb1805,20170710,20170707,211247000,3128.0,2020,79700,62929200.0,3128.0,11,3126.0,6
rb1805,20170710,20170707,211247500,3128.0,2020,79700,62929200.0,3128.0,11,3127.0,2
rb1805,20170710,20170707,211248000,3128.0,2020,79700,62929200.0,3128.0,11,3127.0,2
rb1805,20170710,20170707,211248500,3128.0,2020,79700,62929200.0,3128.0,11,3127.0,2
rb1805,20170710,20170707,211249000,3128.0,2020,79700,62929200.0,3128.0,12,3127.0,2
rb1805,20170710,20170707,211249500,3128.0,2020,79700,62929200.0,3128.0,12,3127.0,2
rb1805,20170710,20170707,211250000,3128.0,2020,79700,62929200.0,3128.0,12,3126.0,5
rb1805,20170710,20170707,211250500,3128.0,2022,79700,62991760.0,3128.0,11,3127.0,1
rb1805,20170710,20170707,211251000,3128.0,2022,79700,62991760.0,3128.0,11,3127.0,1
rb1805,20170710,20170707,211251500,3128.0,2048,79720,63805040.0,3129.0,8,3128.0,2
rb1805,20170710,20170707,211252000,3128.0,2060,79728,64180400.0,3129.0,3,3128.0,5
rb1805,20170710,20170707,211252500,3127.0,2074,79742,64618280.0,3127.0,3,3126.0,9
rb1805,20170710,20170707,211253000,3127.0,2080,79746,64805900.0,3129.0,3,3127.0,5
rb1805,20170710,20170707,211253500,3129.0,2082,79748,64868480.0,3129.0,2,3127.0,3
rb1805,20170710,20170707,211254000,3129.0,2086,79746,64993620.0,3129.0,2,3127.0,4
rb1805,20170710,20170707,211254500,3129.0,2090,79748,65118780.0,3130.0,125,3129.0,3
rb1805,20170710,20170707,211255000,3129.0,2096,79752,65306520.0,3130.0,120,3129.0,2
rb1805,20170710,20170707,211255500,3130.0,2102,79756,65494280.0,3130.0,119,3129.0,2
rb1805,20170710,20170707,211256000,3130.0,2108,79760,65682040.0,3130.0,118,3127.0,5
rb1805,20170710,20170707,211256500,3130.0,2108,79760,65682040.0,3129.0,2,3127.0,5
rb1805,20170710,20170707,211257000,3129.0,2112,79764,65807200.0,3129.0,5,3127.0,5
rb1805,20170710,20170707,211257500,3129.0,2122,79764,66120100.0,3129.0,5,3127.0,5
rb1805,20170710,20170707,211258000,3127.0,2124,79766,66182640.0,3129.0,5,3127.0,5
rb1805,20170710,20170707,211259000,3128.0,2128,79766,66307760.0,3128.0,1,3127.0,5
rb1805,20170710,20170707,211259500,3127.0,2132,79770,66432840.0,3128.0,6,3127.0,3
rb1805,20170710,20170707,211300000,3128.0,2144,79770,66808200.0,3129.0,5,3128.0,2
rb1805,20170710,20170707,211300500,3128.0,2160,79770,67308680.0,3128.0,1,3127.0,3
rb1805,20170710,20170707,211301000,3128.0,2162,79770,67371240.0,3130.0,123,3129.0,1
rb1805,20170710,20170707,211301500,3129.0,2164,79770,67433820.0,3129.0,2,3128.0,5
rb1805,20170710,20170707,211302000,3129.0,2172,79770,67684100.0,3130.0,118,3128.0,8
rb1805,20170710,20170707,211302500,3128.0,2174,79772,67746660.0,3130.0,118,3129.0,1
rb1805,20170710,20170707,211303000,3128.0,2174,79772,67746660.0,3130.0,118,3128.0,9
rb1805,20170710,20170707,211303500,3128.0,2174,79772,67746660.0,3129.0,6,3128.0,15
rb1805,20170710,20170707,211304000,3129.0,2176,79772,67809240.0,3129.0,2,3128.0,15
rb1805,20170710,20170707,211305000,3129.0,2176,79772,67809240.0,3129.0,2,3128.0,15
rb1805,20170710,20170707,211305500,3129.0,2176,79772,67809240.0,3129.0,2,3128.0,16
rb1805,20170710,20170707,211306000,3129.0,2178,79772,67871820.0,3129.0,1,3128.0,16
rb1805,20170710,20170707,211306500,3129.0,2180,79774,67934400.0,3130.0,118,3129.0,1
rb1805,20170710,20170707,211307000,3129.0,2184,79778,68059560.0,3129.0,1,3128.0,11
rb1805,20170710,20170707,211307500,3128.0,2186,79780,68122120.0,3129.0,4,3128.0,10
rb1805,20170710,20170707,211308500,3129.0,2190,79784,68247280.0,3129.0,2,3128.0,15
rb1805,20170710,20170707,211309000,3129.0,2190,79784,68247280.0,3129.0,2,3128.0,17
rb1805,20170710,20170707,211309500,3129.0,2192,79786,68309860.0,3129.0,1,3128.0,17
rb1805,20170710,20170707,211310000,3129.0,2192,79786,68309860.0,3129.0,1,3128.0,18
rb1805,20170710,20170707,211310500,3129.0,2194,79788,68372440.0,3130.0,121,3129.0,2
rb1805,20170710,20170707,211311000,3129.0,2194,79788,68372440.0,3130.0,127,3129.0,3
rb1805,20170710,20170707,211312000,3129.0,2194,79788,68372440.0,3130.0,128,3129.0,8
rb1805,20170710,20170707,211312500,3129.0,2210,79788,68873080.0,3129.0,2,3128.0,23
rb1805,20170710,20170707,211313500,3129.0,2214,79786,68998240.0,3130.0,128,3129.0,1
rb1805,20170710,20170707,211314000,3129.0,2214,79786,68998240.0,3130.0,128,3129.0,1
rb1805,20170710,20170707,211314500,3129.0,2214,79786,68998240.0,3130.0,128,3129.0,1
rb1805,20170710,20170707,211315500,3129.0,2216,79788,69060820.0,3130.0,128,3128.0,22
rb1805,20170710,20170707,211316000,3129.0,2216,79788,69060820.0,3130.0,128,3129.0,2
rb1805,20170710,20170707,211317000,3129.0,2216,79788,69060820.0,3130.0,128,3129.0,3
rb1805,20170710,20170707,211317500,3130.0,2226,79790,69373820.0,3130.0,124,3129.0,3
rb1805,20170710,20170707,211318000,3129.0,2228,79790,69436400.0,3130.0,124,3129.0,2
rb1805,20170710,20170707,211318500,3129.0,2228,79790,69436400.0,3130.0,124,3129.0,9
rb1805,20170710,20170707,211319000,3129.0,2228,79790,69436400.0,3130.0,124,3129.0,9
rb1805,20170710,20170707,211319500,3130.0,2234,79792,69624180.0,3130.0,122,3129.0,8
rb1805,20170710,20170707,211320500,3129.0,2236,79792,69686760.0,3130.0,122,3129.0,7
rb1805,20170710,20170707,211322500,3130.0,2238,79792,69749360.0,3130.0,121,3129.0,7
rb1805,20170710,20170707,211323000,3129.0,2244,79796,69937100.0,3130.0,118,3129.0,4
rb1805,20170710,20170707,211324500,3129.0,2246,79794,69999680.0,3130.0,118,3129.0,3
rb1805,20170710,20170707,211325000,3129.0,2250,79790,70124860.0,3130.0,117,3128.0,21
rb1805,20170710,20170707,211325500,3129.0,2250,79790,70124860.0,3129.0,1,3128.0,21
rb1805,20170710,20170707,211326000,3129.0,2252,79792,70187440.0,3130.0,117,3129.0,1
rb1805,20170710,20170707,211327000,3129.0,2252,79792,70187440.0,3130.0,117,3129.0,2
rb1805,20170710,20170707,211327500,3129.0,2254,79792,70250020.0,3130.0,117,3129.0,1
rb1805,20170710,20170707,211328000,3129.0,2256,79792,70312600.0,3129.0,9,3128.0,21
rb1805,20170710,20170707,211328500,3129.0,2268,79790,70688080.0,3129.0,3,3128.0,21
rb1805,20170710,20170707,211329000,3129.0,2272,79790,70813240.0,3129.0,1,3128.0,21
rb1805,20170710,20170707,211329500,3129.0,2276,79792,70938400.0,3129.0,9,3128.0,21
rb1805,20170710,20170707,211330000,3129.0,2284,79800,71188720.0,3129.0,5,3128.0,21
rb1805,20170710,20170707,211330500,3128.0,2286,79802,71251280.0,3129.0,5,3128.0,20
rb1805,20170710,20170707,211331000,3128.0,2292,79806,71438960.0,3129.0,5,3128.0,23
rb1805,20170710,20170707,211331500,3128.0,2296,79810,71564080.0,3129.0,5,3128.0,16
rb1805,20170710,20170707,211332000,3128.0,2302,79810,71751760.0,3129.0,10,3128.0,7
rb1805,20170710,20170707,211333500,3128.0,2302,79810,71751760.0,3129.0,5,3128.0,7
rb1805,20170710,20170707,211334000,3128.0,2310,79810,72002000.0,3129.0,5,3128.0,3
rb1805,20170710,20170707,211335000,3128.0,2310,79810,72002000.0,3129.0,5,3128.0,3
rb1805,20170710,20170707,211335500,3128.0,2310,79810,72002000.0,3129.0,5,3128.0,9
rb1805,20170710,20170707,211336500,3129.0,2314,79814,72127160.0,3129.0,3,3128.0,9
rb1805,20170710,20170707,211337000,3128.0,2332,79816,72690200.0,3128.0,2,3127.0,4
rb1805,20170710,20170707,211337500,3127.0,2340,79820,72940440.0,3129.0,2,3128.0,1
rb1805,20170710,20170707,211338000,3127.0,2340,79820,72940440.0,3129.0,2,3127.0,3
rb1805,20170710,20170707,211338500,3127.0,2342,79822,73002980.0,3129.0,2,3127.0,2
rb1805,20170710,20170707,211339000,3128.0,2346,79824,73128080.0,3129.0,3,3127.0,2
rb1805,20170710,20170707,211340000,3128.0,2346,79824,73128080.0,3128.0,1,3127.0,2
rb1805,20170710,20170707,211340500,3128.0,2346,79824,73128080.0,3128.0,1,3127.0,2
rb1805,20170710,20170707,211342000,3128.0,2348,79826,73190640.0,3129.0,7,3128.0,2
rb1805,20170710,20170707,211343500,3128.0,2348,79826,73190640.0,3129.0,7,3128.0,2
rb1805,20170710,20170707,211344500,3129.0,2350,79828,73253220.0,3129.0,6,3128.0,2
rb1805,20170710,20170707,211345000,3129.0,2350,79828,73253220.0,3129.0,6,3128.0,2
rb1805,20170710,20170707,211347000,3129.0,2354,79826,73378380.0,3129.0,4,3128.0,2
rb1805,20170710,20170707,211347500,3128.0,2356,79828,73440940.0,3129.0,4,3128.0,1
rb1805,20170710,20170707,211348000,3129.0,2366,79828,73753800.0,3128.0,1,3127.0,2
rb1805,20170710,20170707,211348500,3128.0,2368,79830,73816360.0,3129.0,1,3127.0,2
rb1805,20170710,20170707,211349500,3128.0,2368,79830,73816360.0,3129.0,2,3127.0,2
rb1805,20170710,20170707,211350000,3128.0,2368,79830,73816360.0,3129.0,7,3127.0,2
rb1805,20170710,20170707,211351000,3128.0,2368,79830,73816360.0,3129.0,8,3127.0,2
rb1805,20170710,20170707,211352000,3128.0,2368,79830,73816360.0,3129.0,8,3128.0,2
rb1805,20170710,20170707,211353000,3128.0,2368,79830,73816360.0,3129.0,8,3128.0,2
rb1805,20170710,20170707,211353500,3128.0,2368,79830,73816360.0,3129.0,8,3128.0,2
rb1805,20170710,20170707,211354000,3128.0,2372,79834,73941480.0,3128.0,4,3127.0,1
rb1805,20170710,20170707,211354500,3127.0,2374,79836,74004020.0,3128.0,4,3126.0,8
rb1805,20170710,20170707,211355000,3126.0,2378,79840,74129060.0,3128.0,4,3126.0,6
rb1805,20170710,20170707,211355500,3128.0,2380,79842,74191620.0,3128.0,3,3126.0,6
rb1805,20170710,20170707,211356000,3128.0,2380,79842,74191620.0,3128.0,3,3126.0,6
rb1805,20170710,20170707,211356500,3128.0,2382,79844,74254180.0,3128.0,2,3126.0,6
rb1805,20170710,20170707,211357000,3128.0,2382,79844,74254180.0,3128.0,7,3126.0,6
rb1805,20170710,20170707,211358000,3126.0,2384,79846,74316700.0,3128.0,7,3126.0,5
rb1805,20170710,20170707,211358500,3126.0,2388,79848,74441780.0,3128.0,6,3126.0,4
rb1805,20170710,20170707,211359000,3126.0,2390,79848,74504300.0,3128.0,5,3126.0,3
rb1805,20170710,20170707,211359500,3126.0,2392,79850,74566820.0,3128.0,5,3126.0,2
rb1805,20170710,20170707,211400000,3126.0,2396,79854,74691860.0,3128.0,5,3126.0,5
rb1805,20170710,20170707,211400500,3126.0,2396,79854,74691860.0,3129.0,8,3126.0,5
rb1805,20170710,20170707,211401000,3126.0,2398,79854,74754380.0,3129.0,8,3126.0,4
rb1805,20170710,20170707,211402000,3126.0,2398,79854,74754380.0,3129.0,9,3126.0,4
rb1805,20170710,20170707,211402500,3126.0,2398,79854,74754380.0,3129.0,8,3126.0,4
rb1805,20170710,20170707,211403000,3126.0,2398,79854,74754380.0,3129.0,8,3127.0,2
rb1805,20170710,20170707,211404000,3126.0,2398,79854,74754380.0,3129.0,9,3127.0,2
rb1805,20170710,20170707,211405000,3126.0,2398,79854,74754380.0,3129.0,8,3127.0,2
rb1805,20170710,20170707,211405500,3126.0,2398,79854,74754380.0,3129.0,9,3127.0,2
rb1805,20170710,20170707,211406000,3126.0,2398,79854,74754380.0,3129.0,9,3127.0,2
rb1805,20170710,20170707,211406500,3126.0,2398,79854,74754380.0,3129.0,9,3127.0,2
rb1805,20170710,20170707,211408000,3126.0,2398,79854,74754380.0,3129.0,9,3127.0,2
rb1805,20170710,20170707,211408500,3126.0,2398,79854,74754380.0,3129.0,9,3127.0,2
rb1805,20170710,20170707,211409500,3126.0,2398,79854,74754380.0,3129.0,9,3127.0,2
rb1805,20170710,20170707,211410000,3126.0,2398,79854,74754380.0,3129.0,9,3127.0,2
rb1805,20170710,20170707,211410500,3127.0,2402,79854,74879460.0,3129.0,9,3126.0,4
rb1805,20170710,20170707,211411000,3127.0,2402,79854,74879460.0,3129.0,9,3125.0,3
rb1805,20170710,20170707,211411500,3127.0,2402,79854,74879460.0,3129.0,9,3125.0,7
rb1805,20170710,20170707,211412000,3127.0,2402,79854,74879460.0,3128.0,1,3126.0,1
rb1805,20170710,20170707,211412500,3127.0,2402,79854,74879460.0,3128.0,2,3126.0,1
rb1805,20170710,20170707,211414000,3127.0,2402,79854,74879460.0,3128.0,2,3126.0,1
rb1805,20170710,20170707,211414500,3127.0,2402,79854,74879460.0,3128.0,2,3126.0,1
rb1805,20170710,20170707,211415500,3127.0,2402,79854,74879460.0,3128.0,2,3126.0,1
rb1805,20170710,20170707,211417500,3127.0,2402,79854,74879460.0,3128.0,7,3126.0,1
rb1805,20170710,20170707,211422000,3126.0,2404,79854,74941980.0,3128.0,7,3125.0,13
rb1805,20170710,20170707,211422500,3126.0,2404,79854,74941980.0,3127.0,1,3125.0,9
rb1805,20170710,20170707,211423000,3126.0,2404,79854,74941980.0,3127.0,7,3125.0,9
rb1805,20170710,20170707,211423500,3126.0,2404,79854,74941980.0,3127.0,7,3125.0,10
rb1805,20170710,20170707,211424000,3126.0,2404,79854,74941980.0,3127.0,7,3125.0,10
rb1805,20170710,20170707,211425000,3126.0,2404,79854,74941980.0,3127.0,7,3126.0,2
rb1805,20170710,20170707,211425500,3126.0,2406,79854,75004500.0,3127.0,7,3126.0,1
rb1805,20170710,20170707,211427000,3126.0,2406,79854,75004500.0,3127.0,6,3126.0,1
rb1805,20170710,20170707,211427500,3126.0,2406,79854,75004500.0,3127.0,7,3126.0,1
rb1805,20170710,20170707,211428500,3126.0,2406,79854,75004500.0,3127.0,7,3126.0,1
rb1805,20170710,20170707,211429000,3126.0,2406,79854,75004500.0,3127.0,2,3126.0,1
rb1805,20170710,20170707,211430000,3126.0,2406,79854,75004500.0,3127.0,2,3126.0,1
rb1805,20170710,20170707,211432000,3126.0,2406,79854,75004500.0,3127.0,2,3126.0,2
rb1805,20170710,20170707,211432500,3126.0,2406,79854,75004500.0,3127.0,2,3126.0,2
rb1805,20170710,20170707,211433000,3126.0,2406,79854,75004500.0,3127.0,12,3126.0,2
rb1805,20170710,20170707,211434500,3127.0,2408,79854,75067040.0,3127.0,10,3126.0,2
rb1805,20170710,20170707,211435000,3127.0,2408,79854,75067040.0,3127.0,15,3126.0,2
rb1805,20170710,20170707,211435500,3126.0,2410,79854,75129560.0,3127.0,15,3126.0,1
rb1805,20170710,20170707,211436000,3126.0,2412,79854,75192080.0,3126.0,29,3125.0,10
rb1805,20170710,20170707,211436500,3126.0,2414,79852,75254600.0,3126.0,28,3125.0,10
rb1805,20170710,20170707,211437000,3126.0,2418,79852,75379640.0,3126.0,26,3125.0,10
rb1805,20170710,20170707,211437500,3126.0,2418,79852,75379640.0,3126.0,26,3125.0,16
rb1805,20170710,20170707,211438000,3126.0,2436,79834,75942320.0,3126.0,18,3125.0,16
rb1805,20170710,20170707,211438500,3126.0,2438,79834,76004840.0,3126.0,17,3125.0,16
rb1805,20170710,20170707,211439000,3126.0,2442,79834,76129880.0,3126.0,15,3125.0,16
rb1805,20170710,20170707,211439500,3126.0,2442,79834,76129880.0,3126.0,15,3125.0,17
rb1805,20170710,20170707,211440000,3126.0,2446,79834,76254920.0,3126.0,13,3125.0,17
rb1805,20170710,20170707,211440500,3126.0,2450,79834,76379960.0,3126.0,11,3125.0,20
rb1805,20170710,20170707,211441000,3125.0,2468,79848,76942460.0,3126.0,16,3125.0,5
rb1805,20170710,20170707,211441500,3125.0,2472,79850,77067460.0,3126.0,16,3125.0,3
rb1805,20170710,20170707,211442000,3125.0,2476,79852,77192460.0,3126.0,23,3125.0,1
rb1805,20170710,20170707,211443500,3125.0,2476,79852,77192460.0,3126.0,23,3125.0,1
rb1805,20170710,20170707,211444000,3125.0,2476,79852,77192460.0,3126.0,23,3125.0,1
rb1805,20170710,20170707,211444500,3125.0,2476,79852,77192460.0,3126.0,23,3125.0,1
rb1805,20170710,20170707,211445000,3125.0,2476,79852,77192460.0,3126.0,23,3125.0,1
rb1805,20170710,20170707,211445500,3125.0,2478,79854,77254960.0,3126.0,23,3124.0,2
rb1805,20170710,20170707,211446500,3125.0,2478,79854,77254960.0,3126.0,26,3124.0,2
rb1805,20170710,20170707,211447000,3126.0,2480,79854,77317480.0,3126.0,22,3125.0,2
rb1805,20170710,20170707,211447500,3126.0,2480,79854,77317480.0,3126.0,25,3125.0,2
rb1805,20170710,20170707,211449000,3125.0,2490,79856,77629980.0,3125.0,2,3124.0,2
rb1805,20170710,20170707,211449500,3125.0,2490,79856,77629980.0,3125.0,2,3124.0,2
rb1805,20170710,20170707,211450000,3124.0,2492,79856,77692460.0,3125.0,7,3124.0,1
rb1805,20170710,20170707,211450500,3124.0,2494,79854,77754940.0,3124.0,1,3123.0,10
rb1805,20170710,20170707,211451000,3124.0,2494,79854,77754940.0,3124.0,1,3123.0,10
rb1805,20170710,20170707,211451500,3124.0,2496,79854,77817420.0,3125.0,5,3124.0,1
rb1805,20170710,20170707,211452000,3124.0,2496,79854,77817420.0,3126.0,25,3124.0,1
rb1805,20170710,20170707,211452500,3124.0,2496,79854,77817420.0,3125.0,3,3124.0,1
rb1805,20170710,20170707,211453000,3124.0,2498,79856,77879900.0,3125.0,3,3123.0,11
rb1805,20170710,20170707,211453500,3123.0,2500,79858,77942360.0,3125.0,11,3123.0,9
rb1805,20170710,20170707,211454000,3123.0,2502,79860,78004820.0,3125.0,11,3123.0,5
rb1805,20170710,20170707,211454500,3123.0,2504,79862,78067280.0,3125.0,11,3123.0,4
rb1805,20170710,20170707,211455000,3123.0,2506,79864,78129740.0,3125.0,12,3123.0,3
rb1805,20170710,20170707,211455500,3123.0,2508,79866,78192200.0,3125.0,13,3123.0,2
rb1805,20170710,20170707,211456000,3123.0,2510,79868,78254660.0,3125.0,13,3123.0,1
rb1805,20170710,20170707,211456500,3123.0,2512,79870,78317120.0,3125.0,12,3122.0,3
rb1805,20170710,20170707,211457000,3123.0,2512,79870,78317120.0,3125.0,12,3122.0,6
rb1805,20170710,20170707,211457500,3123.0,2512,79870,78317120.0,3124.0,2,3122.0,6
rb1805,20170710,20170707,211458000,3123.0,2512,79870,78317120.0,3124.0,1,3122.0,6
rb1805,20170710,20170707,211458500,3123.0,2512,79870,78317120.0,3124.0,4,3122.0,6
rb1805,20170710,20170707,211459500,3123.0,2512,79870,78317120.0,3124.0,1,3122.0,6
rb1805,20170710,20170707,211500000,3123.0,2512,79870,78317120.0,3124.0,6,3122.0,3
rb1805,20170710,20170707,211500500,3122.0,2514,79870,78379560.0,3124.0,6,3122.0,2
rb1805,20170710,20170707,211501000,3122.0,2514,79870,78379560.0,3124.0,9,3122.0,2
rb1805,20170710,20170707,211501500,3122.0,2518,79868,78504440.0,3122.0,2,3121.0,3
rb1805,20170710,20170707,211502000,3122.0,2524,79862,78691760.0,3124.0,6,3122.0,8
rb1805,20170710,20170707,211502500,3122.0,2524,79862,78691760.0,3124.0,1,3122.0,4
rb1805,20170710,20170707,211503000,3122.0,2524,79862,78691760.0,3123.0,1,3122.0,4
rb1805,20170710,20170707,211503500,3123.0,2526,79862,78754220.0,3124.0,1,3123.0,3
rb1805,20170710,20170707,211504000,3123.0,2526,79862,78754220.0,3124.0,1,3122.0,4
rb1805,20170710,20170707,211504500,3123.0,2532,79856,78941600.0,3124.0,1,3122.0,4
rb1805,20170710,20170707,211505000,3122.0,2536,79852,79066480.0,3124.0,1,3122.0,2
rb1805,20170710,20170707,211505500,3122.0,2536,79852,79066480.0,3124.0,1,3122.0,2
rb1805,20170710,20170707,211506000,3122.0,2536,79852,79066480.0,3124.0,1,3122.0,2
rb1805,20170710,20170707,211506500,3122.0,2538,79850,79128920.0,3124.0,1,3122.0,1
rb1805,20170710,20170707,211507000,3122.0,2538,79850,79128920.0,3124.0,6,3121.0,3
rb1805,20170710,20170707,211507500,3121.0,2540,79848,79191340.0,3124.0,6,3121.0,2
rb1805,20170710,20170707,211508000,3121.0,2540,79848,79191340.0,3123.0,3,3121.0,2
rb1805,20170710,20170707,211508500,3121.0,2542,79846,79253760.0,3123.0,4,3121.0,1
rb1805,20170710,20170707,211509000,3121.0,2544,79844,79316180.0,3123.0,9,3120.0,6
rb1805,20170710,20170707,211509500,3121.0,2550,79844,79503400.0,3123.0,9,3120.0,4
rb1805,20170710,20170707,211510000,3120.0,2554,79844,79628200.0,3123.0,15,3120.0,3
rb1805,20170710,20170707,211510500,3120.0,2554,79844,79628200.0,3121.0,1,3120.0,3
rb1805,20170710,20170707,211511000,3121.0,2558,79840,79753040.0,3123.0,15,3121.0,2
rb1805,20170710,20170707,211511500,3120.0,2560,79840,79815440.0,3123.0,15,3120.0,2
rb1805,20170710,20170707,211512000,3120.0,2560,79840,79815440.0,3123.0,15,3120.0,3
rb1805,20170710,20170707,211512500,3120.0,2568,79838,80065040.0,3120.0,1,3119.0,1
rb1805,20170710,20170707,211513000,3120.0,2574,79834,80252240.0,3123.0,17,3120.0,1
rb1805,20170710,20170707,211513500,3120.0,2576,79836,80314640.0,3123.0,17,3119.0,1
rb1805,20170710,20170707,211514000,3120.0,2576,79836,80314640.0,3122.0,7,3119.0,4
rb1805,20170710,20170707,211514500,3120.0,2576,79836,80314640.0,3122.0,12,3119.0,4
rb1805,20170710,20170707,211515000,3120.0,2576,79836,80314640.0,3122.0,12,3120.0,8
rb1805,20170710,20170707,211515500,3120.0,2576,79836,80314640.0,3122.0,11,3120.0,8
rb1805,20170710,20170707,211516000,3120.0,2576,79836,80314640.0,3122.0,11,3120.0,8
rb1805,20170710,20170707,211516500,3120.0,2578,79836,80377040.0,3122.0,11,3120.0,7
rb1805,20170710,20170707,211517000,3120.0,2578,79836,80377040.0,3122.0,6,3120.0,7
rb1805,20170710,20170707,211518000,3120.0,2578,79836,80377040.0,3122.0,11,3120.0,7
rb1805,20170710,20170707,211519000,3120.0,2580,79836,80439440.0,3122.0,11,3120.0,6
rb1805,20170710,20170707,211519500,3122.0,2582,79836,80501880.0,3122.0,10,3120.0,6
rb1805,20170710,20170707,211520000,3122.0,2582,79836,80501880.0,3122.0,10,3120.0,6
rb1805,20170710,20170707,211520500,3122.0,2582,79836,80501880.0,3122.0,10,3120.0,6
rb1805,20170710,20170707,211521000,3122.0,2586,79836,80626760.0,3122.0,8,3120.0,6
rb1805,20170710,20170707,211521500,3122.0,2586,79836,80626760.0,3122.0,8,3120.0,6
rb1805,20170710,20170707,211522000,3122.0,2586,79836,80626760.0,3122.0,4,3120.0,6
rb1805,20170710,20170707,211522500,3122.0,2586,79836,80626760.0,3122.0,3,3120.0,6
rb1805,20170710,20170707,211523500,3120.0,2598,79848,81001160.0,3122.0,3,3119.0,3
rb1805,20170710,20170707,211524000,3120.0,2598,79848,81001160.0,3122.0,3,3121.0,1
rb1805,20170710,20170707,211524500,3120.0,2598,79848,81001160.0,3122.0,3,3121.0,1
rb1805,20170710,20170707,211525500,3120.0,2598,79848,81001160.0,3122.0,3,3121.0,1
rb1805,20170710,20170707,211527000,3122.0,2606,79850,81250920.0,3123.0,9,3122.0,6
rb1805,20170710,20170707,211527500,3121.0,2620,79850,81687980.0,3122.0,5,3120.0,1
rb1805,20170710,20170707,211528000,3121.0,2620,79850,81687980.0,3123.0,11,3120.0,1
rb1805,20170710,20170707,211530500,3121.0,2620,79850,81687980.0,3121.0,2,3120.0,1
rb1805,20170710,20170707,211531000,3121.0,2620,79850,81687980.0,3121.0,2,3120.0,2
rb1805,20170710,20170707,211531500,3121.0,2622,79852,81750400.0,3121.0,1,3120.0,12
rb1805,20170710,20170707,211532000,3121.0,2624,79852,81812820.0,3123.0,11,3121.0,1
rb1805,20170710,20170707,211532500,3121.0,2624,79852,81812820.0,3123.0,11,3120.0,12
rb1805,20170710,20170707,211533000,3121.0,2624,79852,81812820.0,3123.0,11,3120.0,13
rb1805,20170710,20170707,211533500,3121.0,2624,79852,81812820.0,3123.0,11,3120.0,13
rb1805,20170710,20170707,211534000,3121.0,2624,79852,81812820.0,3123.0,11,3120.0,13
rb1805,20170710,20170707,211534500,3121.0,2624,79852,81812820.0,3122.0,1,3120.0,13
rb1805,20170710,20170707,211535500,3121.0,2624,79852,81812820.0,3122.0,1,3120.0,13
rb1805,20170710,20170707,211536000,3121.0,2624,79852,81812820.0,3122.0,1,3120.0,13
rb1805,20170710,20170707,211536500,3122.0,2626,79852,81875260.0,3123.0,11,3120.0,13
rb1805,20170710,20170707,211537500,3122.0,2626,79852,81875260.0,3122.0,8,3120.0,13
rb1805,20170710,20170707,211538000,3122.0,2626,79852,81875260.0,3122.0,8,3120.0,13
rb1805,20170710,20170707,211538500,3122.0,2626,79852,81875260.0,3122.0,8,3120.0,13
rb1805,20170710,20170707,211539500,3122.0,2626,79852,81875260.0,3122.0,8,3121.0,1
rb1805,20170710,20170707,211540000,3121.0,2628,79852,81937680.0,3121.0,5,3120.0,13
rb1805,20170710,20170707,211540500,3121.0,2628,79852,81937680.0,3122.0,8,3120.0,13
rb1805,20170710,20170707,211541000,3120.0,2638,79862,82249680.0,3122.0,8,3120.0,8
rb1805,20170710,20170707,211541500,3120.0,2638,79862,82249680.0,3122.0,8,3120.0,8
rb1805,20170710,20170707,211542000,3120.0,2638,79862,82249680.0,3122.0,8,3120.0,8
rb1805,20170710,20170707,211542500,3120.0,2648,79862,82561680.0,3122.0,8,3120.0,3
rb1805,20170710,20170707,211543000,3120.0,2648,79862,82561680.0,3122.0,8,3120.0,3
rb1805,20170710,20170707,211544000,3120.0,2648,79862,82561680.0,3122.0,8,3120.0,3
rb1805,20170710,20170707,211545000,3120.0,2648,79862,82561680.0,3122.0,13,3120.0,3
rb1805,20170710,20170707,211545500,3120.0,2648,79862,82561680.0,3121.0,2,3120.0,3
rb1805,20170710,20170707,211546000,3120.0,2650,79862,82624080.0,3121.0,2,3120.0,2
rb1805,20170710,20170707,211547000,3120.0,2654,79862,82748880.0,3120.0,6,3119.0,4
rb1805,20170710,20170707,211547500,3119.0,2662,79862,82998400.0,3120.0,11,3118.0,5
rb1805,20170710,20170707,211548000,3119.0,2662,79862,82998400.0,3120.0,11,3118.0,5
rb1805,20170710,20170707,211549000,3119.0,2662,79862,82998400.0,3120.0,11,3119.0,2
