instrument,tradingday,calendarday,time,lastp,volume,openinterest,turnover,ask1,asksz1,bid1,bidsz1
rb1805,20170908,20170907,183407500,3846.0,0,305770,0.0,0.0,0,0.0,0
rb1805,20170908,20170907,205900500,3842.0,104,305824,3995680.0,3842.0,8,3841.0,23
rb1805,20170908,20170907,210000500,3842.0,174,305868,6684760.0,3843.0,48,3842.0,1
rb1805,20170908,20170907,210001000,3840.0,404,305802,15520280.0,3843.0,23,3839.0,1
rb1805,20170908,20170907,210001500,3840.0,518,305876,19900320.0,3843.0,29,3840.0,45
rb1805,20170908,20170907,210002000,3842.0,552,305862,21206860.0,3844.0,2,3843.0,3
rb1805,20170908,20170907,210002500,3841.0,624,305828,23973200.0,3841.0,8,3840.0,15
rb1805,20170908,20170907,210003000,3844.0,668,305804,25663560.0,3844.0,5,3843.0,7
rb1805,20170908,20170907,210003500,3843.0,752,305800,28891140.0,3843.0,4,3842.0,6
rb1805,20170908,20170907,210004000,3841.0,824,305816,31657340.0,3843.0,11,3841.0,8
rb1805,20170908,20170907,210004500,3844.0,888,305788,34117040.0,3845.0,12,3844.0,7
rb1805,20170908,20170907,210005000,3844.0,938,305788,36039320.0,3846.0,14,3845.0,1
rb1805,20170908,20170907,210005500,3846.0,1012,305782,38885080.0,3848.0,25,3846.0,1
rb1805,20170908,20170907,210006000,3848.0,1044,305770,40116400.0,3848.0,17,3846.0,9
rb1805,20170908,20170907,210006500,3847.0,1086,305786,41731900.0,3847.0,1,3846.0,9
rb1805,20170908,20170907,210007000,3847.0,1096,305794,42116520.0,3847.0,6,3845.0,8
rb1805,20170908,20170907,210007500,3847.0,1114,305794,42808700.0,3847.0,2,3845.0,13
rb1805,20170908,20170907,210008000,3848.0,1128,305804,43347280.0,3848.0,15,3846.0,3
rb1805,20170908,20170907,210008500,3847.0,1158,305788,44501620.0,3848.0,11,3847.0,8
rb1805,20170908,20170907,210009000,3848.0,1168,305794,44886380.0,3848.0,10,3847.0,14
rb1805,20170908,20170907,210009500,3848.0,1180,305800,45348140.0,3848.0,6,3847.0,15
rb1805,20170908,20170907,210010000,3848.0,1224,305790,47041100.0,3849.0,70,3847.0,32
rb1805,20170908,20170907,210010500,3848.0,1260,305804,48426260.0,3849.0,70,3848.0,90
rb1805,20170908,20170907,210011000,3848.0,1276,305808,49041940.0,3849.0,70,3848.0,84
rb1805,20170908,20170907,210011500,3848.0,1286,305816,49426760.0,3849.0,69,3848.0,82
rb1805,20170908,20170907,210012000,3848.0,1442,305810,55431060.0,3850.0,60,3849.0,8
rb1805,20170908,20170907,210012500,3850.0,1640,305666,63054820.0,3852.0,71,3850.0,32
rb1805,20170908,20170907,210013000,3854.0,2046,305368,78695960.0,3854.0,16,3852.0,32
rb1805,20170908,20170907,210013500,3852.0,2928,304988,112668180.0,3852.0,238,3850.0,14
rb1805,20170908,20170907,210014000,3852.0,3060,304970,117752500.0,3852.0,198,3850.0,5
rb1805,20170908,20170907,210014500,3850.0,3150,305016,121217980.0,3850.0,28,3849.0,59
rb1805,20170908,20170907,210015000,3850.0,3296,304954,126839040.0,3851.0,12,3850.0,57
rb1805,20170908,20170907,210015500,3850.0,3360,304996,129303720.0,3852.0,205,3851.0,2
rb1805,20170908,20170907,210016000,3850.0,3374,305008,129842820.0,3851.0,6,3850.0,2
rb1805,20170908,20170907,210016500,3849.0,3380,305008,130073800.0,3850.0,1,3849.0,16
rb1805,20170908,20170907,210017000,3849.0,3412,305020,131305520.0,3849.0,5,3848.0,91
rb1805,20170908,20170907,210017500,3850.0,3432,305010,132075400.0,3850.0,17,3848.0,94
rb1805,20170908,20170907,210018000,3848.0,3438,305014,132306300.0,3849.0,6,3848.0,87
rb1805,20170908,20170907,210018500,3849.0,3462,305032,133229980.0,3849.0,1,3848.0,88
rb1805,20170908,20170907,210019000,3849.0,3602,305040,138617220.0,3849.0,12,3848.0,20
rb1805,20170908,20170907,210019500,3848.0,3694,305066,142157380.0,3848.0,90,3847.0,22
rb1805,20170908,20170907,210020000,3847.0,3742,305078,144003940.0,3847.0,45,3846.0,7
rb1805,20170908,20170907,210020500,3846.0,3752,305080,144388540.0,3846.0,37,3845.0,14
rb1805,20170908,20170907,210021000,3845.0,3760,305086,144696180.0,3846.0,37,3845.0,12
rb1805,20170908,20170907,210021500,3845.0,3776,305092,145311480.0,3846.0,35,3845.0,9
rb1805,20170908,20170907,210022000,3845.0,3816,305088,146849860.0,3846.0,16,3845.0,18
rb1805,20170908,20170907,210022500,3845.0,3840,305082,147772840.0,3846.0,13,3845.0,16
rb1805,20170908,20170907,210023000,3845.0,3860,305086,148542020.0,3846.0,10,3845.0,15
rb1805,20170908,20170907,210023500,3846.0,3870,305086,148926620.0,3846.0,32,3845.0,20
rb1805,20170908,20170907,210024000,3845.0,3874,305084,149080440.0,3846.0,31,3845.0,21
rb1805,20170908,20170907,210024500,3845.0,3878,305084,149234260.0,3846.0,33,3845.0,21
rb1805,20170908,20170907,210025000,3846.0,3912,305094,150541620.0,3846.0,30,3845.0,7
rb1805,20170908,20170907,210025500,3845.0,3944,305086,151772020.0,3845.0,22,3844.0,43
rb1805,20170908,20170907,210026000,3844.0,3976,305102,153002400.0,3846.0,32,3844.0,42
rb1805,20170908,20170907,210026500,3845.0,4030,305146,155079100.0,3846.0,12,3845.0,10
rb1805,20170908,20170907,210027000,3845.0,4030,305146,155079100.0,3846.0,17,3845.0,18
rb1805,20170908,20170907,210027500,3845.0,4116,305122,158385660.0,3845.0,6,3844.0,30
rb1805,20170908,20170907,210028000,3846.0,4160,305116,160077800.0,3846.0,11,3845.0,1
rb1805,20170908,20170907,210028500,3844.0,4164,305120,160231580.0,3846.0,10,3844.0,42
rb1805,20170908,20170907,210029000,3844.0,4212,305104,162077440.0,3846.0,3,3844.0,43
rb1805,20170908,20170907,210029500,3844.0,4212,305104,162077440.0,3846.0,2,3845.0,6
rb1805,20170908,20170907,210030000,3844.0,4244,305124,163307640.0,3846.0,2,3845.0,12
rb1805,20170908,20170907,210030500,3846.0,4270,305104,164307600.0,3847.0,3,3845.0,12
rb1805,20170908,20170907,210031000,3845.0,4298,305112,165384220.0,3846.0,10,3845.0,4
rb1805,20170908,20170907,210031500,3845.0,4300,305112,165461120.0,3846.0,67,3845.0,4
rb1805,20170908,20170907,210032000,3845.0,4320,305114,166230120.0,3845.0,1,3844.0,40
rb1805,20170908,20170907,210032500,3845.0,4336,305128,166845380.0,3845.0,9,3844.0,46
rb1805,20170908,20170907,210033000,3845.0,4368,305136,168075540.0,3845.0,5,3844.0,39
rb1805,20170908,20170907,210033500,3845.0,4398,305126,169229080.0,3846.0,62,3845.0,17
rb1805,20170908,20170907,210034000,3845.0,4398,305126,169229080.0,3846.0,59,3845.0,23
rb1805,20170908,20170907,210034500,3846.0,4404,305130,169459820.0,3846.0,57,3845.0,16
rb1805,20170908,20170907,210035000,3846.0,4406,305132,169536740.0,3846.0,56,3845.0,11
rb1805,20170908,20170907,210035500,3845.0,4432,305134,170536440.0,3845.0,29,3844.0,53
rb1805,20170908,20170907,210036000,3844.0,4556,305096,175302840.0,3844.0,39,3843.0,1
rb1805,20170908,20170907,210036500,3844.0,4562,305100,175533480.0,3844.0,36,3843.0,1
rb1805,20170908,20170907,210037000,3842.0,4592,305126,176686540.0,3842.0,17,3841.0,30
rb1805,20170908,20170907,210037500,3841.0,4610,305136,177378080.0,3842.0,19,3841.0,30
rb1805,20170908,20170907,210038000,3841.0,4624,305140,177915860.0,3842.0,17,3841.0,29
rb1805,20170908,20170907,210038500,3841.0,4682,305156,180143640.0,3841.0,12,3840.0,29
rb1805,20170908,20170907,210039000,3841.0,4722,305158,181679980.0,3842.0,13,3841.0,5
rb1805,20170908,20170907,210039500,3841.0,4724,305158,181756800.0,3842.0,18,3841.0,4
rb1805,20170908,20170907,210040000,3842.0,4730,305160,181987320.0,3842.0,15,3841.0,5
rb1805,20170908,20170907,210040500,3841.0,4732,305160,182064140.0,3842.0,15,3841.0,13
rb1805,20170908,20170907,210041000,3841.0,4742,305162,182448240.0,3842.0,12,3841.0,24
rb1805,20170908,20170907,210041500,3842.0,4746,305164,182601920.0,3842.0,10,3841.0,35
rb1805,20170908,20170907,210042000,3841.0,4748,305164,182678740.0,3842.0,10,3841.0,34
rb1805,20170908,20170907,210042500,3841.0,4766,305174,183370220.0,3842.0,9,3841.0,34
rb1805,20170908,20170907,210043000,3843.0,4788,305192,184215480.0,3843.0,1,3842.0,38
rb1805,20170908,20170907,210043500,3843.0,4788,305192,184215480.0,3843.0,1,3842.0,38
rb1805,20170908,20170907,210044000,3843.0,4792,305188,184369200.0,3843.0,6,3842.0,43
rb1805,20170908,20170907,210044500,3843.0,4824,305198,185598960.0,3844.0,38,3842.0,44
rb1805,20170908,20170907,210045000,3844.0,4844,305212,186367700.0,3844.0,31,3843.0,3
rb1805,20170908,20170907,210045500,3843.0,4846,305214,186444560.0,3844.0,33,3842.0,41
rb1805,20170908,20170907,210046000,3843.0,4858,305226,186905700.0,3844.0,34,3843.0,12
rb1805,20170908,20170907,210046500,3844.0,4860,305226,186982580.0,3844.0,33,3843.0,29
rb1805,20170908,20170907,210047000,3843.0,4908,305208,188827220.0,3843.0,14,3842.0,44
rb1805,20170908,20170907,210047500,3843.0,4914,305210,189057800.0,3843.0,8,3842.0,45
rb1805,20170908,20170907,210048000,3843.0,4926,305220,189518940.0,3843.0,4,3842.0,44
rb1805,20170908,20170907,210048500,3843.0,4928,305222,189595800.0,3843.0,2,3842.0,44
rb1805,20170908,20170907,210049000,3843.0,4934,305218,189826380.0,3844.0,33,3843.0,5
rb1805,20170908,20170907,210049500,3844.0,4946,305218,190287660.0,3844.0,27,3843.0,5
rb1805,20170908,20170907,210050000,3844.0,4956,305218,190672040.0,3844.0,24,3843.0,7
rb1805,20170908,20170907,210050500,3844.0,4962,305216,190902660.0,3844.0,22,3843.0,6
rb1805,20170908,20170907,210051000,3844.0,4986,305222,191825020.0,3844.0,20,3843.0,11
rb1805,20170908,20170907,210051500,3844.0,5028,305222,193439500.0,3845.0,4,3844.0,24
rb1805,20170908,20170907,210052000,3845.0,5032,305224,193593280.0,3845.0,4,3844.0,17
rb1805,20170908,20170907,210052500,3843.0,5086,305248,195669040.0,3845.0,1,3844.0,1
rb1805,20170908,20170907,210053000,3845.0,5090,305252,195822820.0,3845.0,5,3844.0,5
rb1805,20170908,20170907,210053500,3843.0,5102,305252,196284080.0,3844.0,4,3843.0,9
rb1805,20170908,20170907,210054000,3843.0,5108,305250,196514660.0,3844.0,11,3843.0,1
rb1805,20170908,20170907,210054500,3843.0,5118,305246,196898960.0,3843.0,10,3842.0,55
rb1805,20170908,20170907,210055000,3843.0,5138,305238,197667560.0,3844.0,11,3843.0,7
rb1805,20170908,20170907,210055500,3843.0,5142,305238,197821300.0,3844.0,4,3843.0,15
rb1805,20170908,20170907,210056000,3845.0,5154,305234,198282600.0,3845.0,1,3844.0,4
rb1805,20170908,20170907,210056500,3844.0,5158,305230,198436360.0,3845.0,1,3844.0,4
rb1805,20170908,20170907,210057000,3844.0,5158,305230,198436360.0,3844.0,2,3843.0,20
rb1805,20170908,20170907,210057500,3843.0,5160,305230,198513220.0,3844.0,2,3843.0,20
rb1805,20170908,20170907,210058000,3843.0,5256,305244,202202760.0,3843.0,4,3842.0,74
rb1805,20170908,20170907,210058500,3843.0,5264,305250,202510200.0,3844.0,2,3842.0,75
rb1805,20170908,20170907,210059000,3843.0,5266,305252,202587060.0,3843.0,5,3842.0,68
rb1805,20170908,20170907,210059500,3843.0,5266,305252,202587060.0,3843.0,5,3842.0,68
rb1805,20170908,20170907,210100000,3842.0,5274,305252,202894420.0,3843.0,6,3842.0,64
rb1805,20170908,20170907,210100500,3843.0,5286,305258,203355580.0,3844.0,9,3843.0,42
rb1805,20170908,20170907,210101000,3844.0,5290,305258,203509340.0,3844.0,9,3843.0,36
rb1805,20170908,20170907,210101500,3845.0,5312,305254,204355020.0,3845.0,7,3843.0,37
rb1805,20170908,20170907,210102000,3845.0,5312,305254,204355020.0,3845.0,12,3843.0,44
rb1805,20170908,20170907,210102500,3845.0,5314,305254,204431920.0,3845.0,16,3844.0,1
rb1805,20170908,20170907,210103000,3845.0,5336,305256,205277760.0,3845.0,6,3843.0,48
rb1805,20170908,20170907,210103500,3844.0,5440,305242,209274560.0,3844.0,4,3843.0,2
rb1805,20170908,20170907,210104000,3844.0,5448,305238,209582020.0,3844.0,15,3843.0,15
rb1805,20170908,20170907,210104500,3844.0,5452,305240,209735780.0,3844.0,18,3843.0,16
rb1805,20170908,20170907,210105000,3844.0,5456,305240,209889520.0,3844.0,19,3843.0,15
rb1805,20170908,20170907,210105500,3844.0,5462,305242,210120160.0,3844.0,11,3843.0,15
rb1805,20170908,20170907,210106000,3844.0,5470,305250,210427640.0,3844.0,11,3843.0,19
rb1805,20170908,20170907,210106500,3844.0,5476,305250,210658260.0,3844.0,4,3843.0,18
rb1805,20170908,20170907,210107000,3844.0,5494,305248,211350180.0,3845.0,25,3843.0,23
rb1805,20170908,20170907,210107500,3844.0,5498,305252,211503920.0,3844.0,3,3843.0,23
rb1805,20170908,20170907,210108000,3843.0,5546,305210,213348560.0,3844.0,45,3843.0,1
rb1805,20170908,20170907,210108500,3843.0,5548,305210,213425420.0,3843.0,18,3842.0,73
rb1805,20170908,20170907,210109000,3843.0,5548,305210,213425420.0,3843.0,18,3842.0,74
rb1805,20170908,20170907,210109500,3843.0,5548,305210,213425420.0,3843.0,30,3842.0,75
rb1805,20170908,20170907,210110000,3842.0,5552,305214,213579100.0,3843.0,32,3842.0,79
rb1805,20170908,20170907,210110500,3843.0,5620,305176,216192340.0,3844.0,20,3843.0,5
rb1805,20170908,20170907,210111000,3843.0,5624,305176,216346060.0,3844.0,15,3843.0,1
rb1805,20170908,20170907,210111500,3842.0,5630,305178,216576600.0,3843.0,3,3842.0,81
rb1805,20170908,20170907,210112000,3843.0,5668,305178,218036940.0,3844.0,31,3843.0,38
rb1805,20170908,20170907,210112500,3843.0,5698,305202,219189840.0,3844.0,31,3843.0,21
rb1805,20170908,20170907,210113000,3843.0,5698,305202,219189840.0,3844.0,12,3843.0,21
rb1805,20170908,20170907,210113500,3844.0,5702,305204,219343580.0,3844.0,8,3843.0,21
rb1805,20170908,20170907,210114000,3844.0,5702,305204,219343580.0,3844.0,11,3843.0,39
rb1805,20170908,20170907,210114500,3844.0,5728,305216,220343020.0,3845.0,127,3844.0,12
rb1805,20170908,20170907,210115000,3845.0,5732,305214,220496800.0,3845.0,122,3844.0,1
rb1805,20170908,20170907,210115500,3844.0,5734,305212,220573680.0,3844.0,8,3843.0,25
rb1805,20170908,20170907,210116000,3843.0,5786,305228,222572240.0,3845.0,122,3843.0,9
rb1805,20170908,20170907,210116500,3843.0,5786,305228,222572240.0,3844.0,6,3843.0,20
rb1805,20170908,20170907,210117000,3843.0,5818,305210,223802000.0,3843.0,27,3842.0,87
rb1805,20170908,20170907,210117500,3843.0,5820,305210,223878860.0,3843.0,27,3842.0,86
rb1805,20170908,20170907,210118000,3843.0,5846,305210,224878040.0,3843.0,16,3842.0,91
rb1805,20170908,20170907,210118500,3843.0,5882,305180,226261520.0,3844.0,13,3843.0,15
rb1805,20170908,20170907,210119000,3843.0,5882,305180,226261520.0,3844.0,13,3843.0,19
rb1805,20170908,20170907,210119500,3843.0,5920,305162,227721860.0,3844.0,20,3842.0,91
rb1805,20170908,20170907,210120000,3842.0,5922,305162,227798700.0,3843.0,6,3842.0,92
rb1805,20170908,20170907,210120500,3842.0,5926,305166,227952400.0,3843.0,5,3842.0,91
rb1805,20170908,20170907,210121000,3843.0,5930,305170,228106120.0,3843.0,3,3842.0,86
rb1805,20170908,20170907,210121500,3843.0,5948,305182,228797700.0,3843.0,16,3842.0,78
rb1805,20170908,20170907,210122000,3843.0,5966,305178,229489300.0,3843.0,34,3842.0,76
rb1805,20170908,20170907,210122500,3842.0,5984,305180,230180980.0,3843.0,29,3842.0,73
rb1805,20170908,20170907,210123000,3842.0,5984,305180,230180980.0,3843.0,29,3842.0,73
rb1805,20170908,20170907,210123500,3843.0,6074,305244,233639680.0,3844.0,15,3843.0,10
rb1805,20170908,20170907,210124000,3843.0,6078,305248,233793400.0,3844.0,10,3843.0,8
rb1805,20170908,20170907,210124500,3843.0,6078,305248,233793400.0,3844.0,12,3843.0,8
rb1805,20170908,20170907,210125000,3843.0,6092,305258,234331460.0,3844.0,16,3843.0,27
rb1805,20170908,20170907,210125500,3843.0,6096,305260,234485180.0,3844.0,18,3843.0,25
rb1805,20170908,20170907,210126000,3843.0,6096,305260,234485180.0,3844.0,18,3843.0,26
rb1805,20170908,20170907,210126500,3843.0,6096,305260,234485180.0,3844.0,43,3843.0,26
rb1805,20170908,20170907,210127000,3843.0,6100,305258,234638900.0,3844.0,43,3843.0,26
rb1805,20170908,20170907,210127500,3843.0,6100,305258,234638900.0,3844.0,45,3843.0,26
rb1805,20170908,20170907,210128000,3843.0,6152,305252,236637260.0,3843.0,13,3842.0,97
rb1805,20170908,20170907,210128500,3843.0,6154,305250,236714120.0,3843.0,19,3842.0,95
rb1805,20170908,20170907,210129000,3842.0,6182,305222,237789880.0,3843.0,19,3842.0,75
rb1805,20170908,20170907,210129500,3842.0,6316,305298,242938160.0,3843.0,23,3842.0,9
rb1805,20170908,20170907,210130000,3842.0,6336,305316,243706560.0,3842.0,12,3841.0,54
rb1805,20170908,20170907,210130500,3842.0,6350,305320,244244440.0,3842.0,5,3841.0,59
rb1805,20170908,20170907,210131000,3842.0,6360,305320,244628600.0,3842.0,2,3841.0,58
rb1805,20170908,20170907,210131500,3842.0,6368,305322,244935920.0,3843.0,13,3841.0,56
rb1805,20170908,20170907,210132000,3842.0,6368,305322,244935920.0,3843.0,13,3842.0,16
rb1805,20170908,20170907,210132500,3842.0,6372,305326,245089600.0,3843.0,13,3842.0,14
rb1805,20170908,20170907,210133000,3842.0,6372,305326,245089600.0,3843.0,13,3842.0,14
rb1805,20170908,20170907,210133500,3842.0,6382,305336,245473800.0,3843.0,14,3842.0,9
rb1805,20170908,20170907,210134000,3842.0,6386,305340,245627480.0,3843.0,17,3842.0,9
rb1805,20170908,20170907,210134500,3843.0,6440,305372,247702520.0,3844.0,52,3843.0,3
rb1805,20170908,20170907,210135000,3842.0,6448,305374,248009940.0,3843.0,21,3842.0,6
rb1805,20170908,20170907,210135500,3842.0,6472,305362,248932020.0,3843.0,14,3842.0,18
rb1805,20170908,20170907,210136000,3842.0,6472,305362,248932020.0,3843.0,12,3842.0,23
rb1805,20170908,20170907,210136500,3843.0,6474,305362,249008880.0,3843.0,24,3842.0,4
rb1805,20170908,20170907,210137000,3842.0,6482,305356,249316240.0,3842.0,4,3841.0,57
rb1805,20170908,20170907,210137500,3843.0,6496,305352,249854180.0,3843.0,32,3842.0,20
rb1805,20170908,20170907,210138000,3843.0,6512,305352,250468940.0,3843.0,50,3841.0,55
rb1805,20170908,20170907,210138500,3843.0,6514,305354,250545800.0,3843.0,44,3841.0,58
rb1805,20170908,20170907,210139000,3843.0,6514,305354,250545800.0,3843.0,44,3842.0,1
rb1805,20170908,20170907,210139500,3842.0,6516,305354,250622640.0,3842.0,1,3841.0,58
rb1805,20170908,20170907,210140000,3842.0,6526,305358,251006780.0,3843.0,45,3841.0,55
rb1805,20170908,20170907,210140500,3843.0,6528,305358,251083640.0,3843.0,46,3842.0,1
rb1805,20170908,20170907,210141000,3843.0,6530,305358,251160500.0,3843.0,45,3842.0,1
rb1805,20170908,20170907,210141500,3843.0,6530,305358,251160500.0,3843.0,45,3842.0,23
rb1805,20170908,20170907,210142000,3843.0,6530,305358,251160500.0,3843.0,45,3842.0,20
rb1805,20170908,20170907,210142500,3842.0,6544,305350,251698500.0,3843.0,38,3842.0,31
rb1805,20170908,20170907,210143000,3842.0,6618,305362,254542300.0,3843.0,2,3842.0,35
rb1805,20170908,20170907,210143500,3843.0,6622,305366,254696020.0,3844.0,50,3843.0,23
rb1805,20170908,20170907,210144000,3843.0,6622,305366,254696020.0,3844.0,50,3843.0,17
rb1805,20170908,20170907,210145000,3843.0,6626,305366,254849740.0,3844.0,50,3843.0,15
rb1805,20170908,20170907,210145500,3843.0,6654,305346,255925800.0,3843.0,51,3842.0,48
rb1805,20170908,20170907,210146000,3843.0,6728,305354,258769620.0,3843.0,17,3842.0,49
rb1805,20170908,20170907,210146500,3843.0,6744,305338,259384500.0,3843.0,10,3842.0,48
rb1805,20170908,20170907,210147000,3843.0,6748,305334,259538220.0,3843.0,8,3842.0,48
rb1805,20170908,20170907,210147500,3842.0,6750,305336,259615060.0,3843.0,8,3842.0,47
rb1805,20170908,20170907,210148000,3843.0,6764,305340,260153080.0,3843.0,2,3842.0,43
rb1805,20170908,20170907,210148500,3843.0,6764,305340,260153080.0,3843.0,2,3842.0,43
rb1805,20170908,20170907,210149000,3843.0,6768,305344,260306800.0,3844.0,60,3843.0,2
rb1805,20170908,20170907,210149500,3844.0,6770,305346,260383680.0,3844.0,61,3843.0,1
rb1805,20170908,20170907,210150000,3843.0,6772,305346,260460540.0,3844.0,62,3843.0,1
rb1805,20170908,20170907,210150500,3843.0,6774,305348,260537400.0,3844.0,62,3843.0,10
rb1805,20170908,20170907,210151000,3843.0,6774,305348,260537400.0,3844.0,57,3843.0,22
rb1805,20170908,20170907,210151500,3843.0,6774,305348,260537400.0,3844.0,65,3843.0,22
rb1805,20170908,20170907,210152000,3843.0,6786,305348,260998620.0,3844.0,62,3843.0,24
rb1805,20170908,20170907,210152500,3844.0,6792,305346,261229260.0,3844.0,59,3843.0,21
rb1805,20170908,20170907,210153000,3844.0,6792,305346,261229260.0,3844.0,59,3843.0,28
rb1805,20170908,20170907,210153500,3844.0,6828,305378,262613100.0,3844.0,41,3843.0,37
rb1805,20170908,20170907,210154000,3845.0,6914,305420,265918980.0,3845.0,149,3844.0,215
rb1805,20170908,20170907,210154500,3845.0,7216,305662,277530880.0,3846.0,66,3845.0,22
rb1805,20170908,20170907,210155000,3846.0,7350,305700,282684520.0,3847.0,37,3846.0,29
rb1805,20170908,20170907,210155500,3847.0,7356,305696,282915340.0,3847.0,4,3846.0,33
rb1805,20170908,20170907,210156000,3847.0,7386,305686,284069360.0,3848.0,55,3846.0,25
rb1805,20170908,20170907,210156500,3847.0,7388,305688,284146300.0,3848.0,58,3847.0,1
rb1805,20170908,20170907,210157000,3846.0,7396,305684,284454020.0,3847.0,14,3846.0,23
rb1805,20170908,20170907,210157500,3847.0,7408,305680,284915640.0,3847.0,6,3846.0,22
rb1805,20170908,20170907,210158000,3846.0,7412,305682,285069500.0,3847.0,6,3846.0,21
rb1805,20170908,20170907,210158500,3846.0,7472,305668,287377620.0,3847.0,34,3846.0,21
rb1805,20170908,20170907,210159000,3847.0,7474,305668,287454560.0,3847.0,33,3846.0,22
rb1805,20170908,20170907,210159500,3847.0,7474,305668,287454560.0,3847.0,36,3846.0,22
rb1805,20170908,20170907,210200000,3846.0,7478,305668,287608420.0,3847.0,36,3846.0,24
rb1805,20170908,20170907,210200500,3847.0,7680,305828,295380740.0,3849.0,17,3846.0,22
rb1805,20170908,20170907,210201000,3848.0,7686,305828,295611600.0,3848.0,4,3847.0,41
rb1805,20170908,20170907,210201500,3848.0,7746,305828,297919820.0,3848.0,11,3847.0,18
rb1805,20170908,20170907,210202000,3847.0,7788,305816,299535560.0,3847.0,18,3846.0,23
rb1805,20170908,20170907,210202500,3847.0,7820,305804,300766600.0,3847.0,9,3846.0,18
rb1805,20170908,20170907,210203000,3847.0,7834,305792,301305180.0,3847.0,3,3846.0,20
rb1805,20170908,20170907,210203500,3847.0,7834,305792,301305180.0,3847.0,9,3846.0,22
rb1805,20170908,20170907,210204000,3846.0,7854,305792,302074540.0,3847.0,1,3846.0,21
rb1805,20170908,20170907,210204500,3847.0,7856,305794,302151480.0,3848.0,15,3847.0,24
rb1805,20170908,20170907,210205000,3847.0,7858,305794,302228420.0,3848.0,8,3847.0,38
rb1805,20170908,20170907,210205500,3847.0,7860,305796,302305360.0,3848.0,8,3847.0,38
rb1805,20170908,20170907,210206000,3848.0,7878,305790,302997980.0,3849.0,22,3848.0,19
rb1805,20170908,20170907,210206500,3848.0,7882,305794,303151900.0,3849.0,26,3848.0,17
rb1805,20170908,20170907,210207000,3848.0,7958,305836,306076900.0,3850.0,91,3848.0,14
rb1805,20170908,20170907,210207500,3849.0,7986,305838,307154840.0,3850.0,80,3849.0,10
rb1805,20170908,20170907,210208000,3849.0,7992,305838,307385800.0,3850.0,95,3849.0,18
rb1805,20170908,20170907,210208500,3850.0,8020,305858,308463700.0,3850.0,88,3849.0,13
rb1805,20170908,20170907,210209000,3850.0,8090,305906,311158680.0,3850.0,55,3849.0,13
rb1805,20170908,20170907,210209500,3850.0,8154,305918,313622680.0,3850.0,23,3849.0,25
rb1805,20170908,20170907,210210000,3850.0,8202,305930,315470680.0,3851.0,17,3850.0,61
rb1805,20170908,20170907,210210500,3850.0,8206,305930,315624680.0,3851.0,26,3850.0,39
rb1805,20170908,20170907,210211000,3850.0,8228,305952,316471680.0,3851.0,18,3850.0,29
rb1805,20170908,20170907,210211500,3850.0,8288,305946,318781700.0,3851.0,30,3849.0,28
rb1805,20170908,20170907,210212000,3851.0,8290,305946,318858720.0,3851.0,34,3849.0,28
rb1805,20170908,20170907,210212500,3849.0,8346,305936,321014380.0,3851.0,34,3849.0,6
rb1805,20170908,20170907,210213000,3850.0,8350,305940,321168380.0,3850.0,4,3849.0,15
rb1805,20170908,20170907,210213500,3850.0,8364,305934,321707340.0,3850.0,1,3849.0,13
rb1805,20170908,20170907,210214000,3849.0,8374,305930,322092240.0,3850.0,29,3849.0,8
rb1805,20170908,20170907,210214500,3850.0,8398,305920,323016060.0,3850.0,34,3848.0,16
rb1805,20170908,20170907,210215000,3847.0,8486,305904,326402380.0,3848.0,1,3847.0,7
rb1805,20170908,20170907,210215500,3848.0,8492,305908,326633260.0,3849.0,40,3847.0,21
rb1805,20170908,20170907,210216000,3849.0,8518,305930,327634000.0,3848.0,3,3847.0,37
rb1805,20170908,20170907,210216500,3848.0,8550,305930,328865360.0,3849.0,20,3847.0,38
rb1805,20170908,20170907,210217000,3849.0,8578,305928,329943060.0,3849.0,10,3848.0,3
rb1805,20170908,20170907,210217500,3848.0,8580,305926,330020020.0,3849.0,10,3848.0,9
rb1805,20170908,20170907,210218000,3848.0,8580,305926,330020020.0,3849.0,10,3848.0,12
rb1805,20170908,20170907,210218500,3849.0,8588,305928,330327880.0,3849.0,9,3848.0,9
rb1805,20170908,20170907,210219000,3848.0,8610,305928,331174440.0,3848.0,22,3847.0,36
rb1805,20170908,20170907,210219500,3848.0,8640,305906,332328840.0,3848.0,11,3847.0,32
rb1805,20170908,20170907,210220000,3848.0,8706,305894,334868980.0,3850.0,123,3849.0,3
rb1805,20170908,20170907,210220500,3849.0,8728,305890,335715760.0,3850.0,120,3848.0,89
rb1805,20170908,20170907,210221000,3850.0,8732,305886,335869760.0,3849.0,2,3848.0,87
rb1805,20170908,20170907,210221500,3849.0,8836,305854,339871700.0,3849.0,34,3848.0,7
rb1805,20170908,20170907,210222000,3848.0,8880,305862,341564800.0,3848.0,6,3847.0,35
rb1805,20170908,20170907,210222500,3848.0,8884,305860,341718720.0,3848.0,4,3847.0,25
rb1805,20170908,20170907,210223000,3848.0,8892,305852,342026560.0,3848.0,1,3847.0,25
rb1805,20170908,20170907,210223500,3848.0,8894,305852,342103520.0,3849.0,51,3848.0,1
rb1805,20170908,20170907,210224000,3848.0,8920,305860,343104000.0,3849.0,49,3847.0,30
rb1805,20170908,20170907,210224500,3849.0,8926,305854,343334940.0,3849.0,46,3848.0,1
rb1805,20170908,20170907,210225000,3848.0,8936,305858,343719740.0,3849.0,47,3848.0,6
rb1805,20170908,20170907,210225500,3848.0,8950,305860,344258460.0,3849.0,47,3848.0,32
rb1805,20170908,20170907,210226000,3848.0,8994,305888,345951580.0,3849.0,52,3848.0,18
rb1805,20170908,20170907,210226500,3848.0,9044,305906,347875580.0,3848.0,4,3847.0,34
rb1805,20170908,20170907,210227000,3848.0,9064,305914,348645200.0,3849.0,24,3848.0,42
rb1805,20170908,20170907,210227500,3848.0,9132,305894,351261880.0,3848.0,3,3847.0,39
rb1805,20170908,20170907,210228000,3849.0,9140,305888,351569740.0,3849.0,22,3848.0,26
rb1805,20170908,20170907,210228500,3849.0,9146,305888,351800640.0,3849.0,21,3848.0,20
rb1805,20170908,20170907,210229000,3848.0,9150,305884,351954560.0,3849.0,16,3848.0,18
rb1805,20170908,20170907,210229500,3848.0,9158,305890,352262400.0,3849.0,68,3848.0,14
rb1805,20170908,20170907,210230000,3849.0,9180,305890,353108980.0,3849.0,82,3848.0,2
rb1805,20170908,20170907,210230500,3848.0,9202,305906,353955540.0,3848.0,24,3847.0,42
rb1805,20170908,20170907,210231000,3848.0,9202,305906,353955540.0,3848.0,16,3847.0,42
rb1805,20170908,20170907,210231500,3848.0,9204,305906,354032500.0,3848.0,20,3847.0,42
rb1805,20170908,20170907,210232000,3848.0,9212,305906,354340320.0,3848.0,22,3847.0,39
rb1805,20170908,20170907,210232500,3848.0,9220,305898,354648160.0,3848.0,18,3847.0,49
rb1805,20170908,20170907,210233000,3848.0,9230,305904,355032880.0,3848.0,21,3847.0,46
rb1805,20170908,20170907,210233500,3847.0,9324,305980,358649060.0,3847.0,103,3846.0,39
rb1805,20170908,20170907,210234000,3847.0,9394,306008,361341340.0,3847.0,70,3846.0,8
rb1805,20170908,20170907,210234500,3846.0,9414,305994,362110540.0,3846.0,43,3845.0,31
rb1805,20170908,20170907,210235000,3846.0,9422,305992,362418220.0,3846.0,33,3845.0,24
rb1805,20170908,20170907,210235500,3845.0,9470,305978,364263820.0,3845.0,14,3844.0,18
rb1805,20170908,20170907,210236000,3846.0,9474,305976,364417660.0,3846.0,31,3845.0,5
rb1805,20170908,20170907,210236500,3845.0,9476,305974,364494560.0,3846.0,32,3845.0,6
rb1805,20170908,20170907,210237000,3844.0,9490,305964,365032840.0,3845.0,3,3844.0,12
rb1805,20170908,20170907,210237500,3845.0,9496,305962,365263520.0,3845.0,5,3844.0,11
rb1805,20170908,20170907,210238000,3845.0,9506,305968,365648020.0,3845.0,1,3844.0,11
rb1805,20170908,20170907,210238500,3846.0,9510,305968,365801840.0,3846.0,34,3844.0,11
rb1805,20170908,20170907,210239000,3846.0,9512,305968,365878760.0,3845.0,18,3844.0,11
rb1805,20170908,20170907,210239500,3845.0,9514,305966,365955660.0,3845.0,18,3844.0,11
rb1805,20170908,20170907,210240000,3844.0,9518,305964,366109420.0,3845.0,18,3844.0,11
rb1805,20170908,20170907,210240500,3845.0,9556,305964,367570520.0,3846.0,31,3845.0,14
rb1805,20170908,20170907,210241000,3845.0,9558,305964,367647420.0,3846.0,18,3845.0,13
rb1805,20170908,20170907,210241500,3845.0,9560,305966,367724320.0,3846.0,18,3845.0,12
rb1805,20170908,20170907,210242000,3846.0,9598,305930,369185800.0,3847.0,28,3845.0,13
rb1805,20170908,20170907,210242500,3845.0,9600,305930,369262700.0,3847.0,28,3845.0,17
rb1805,20170908,20170907,210243000,3845.0,9604,305934,369416500.0,3847.0,28,3846.0,14
rb1805,20170908,20170907,210243500,3845.0,9604,305934,369416500.0,3847.0,28,3846.0,14
rb1805,20170908,20170907,210244000,3847.0,9608,305934,369570340.0,3847.0,27,3846.0,13
rb1805,20170908,20170907,210244500,3847.0,9608,305934,369570340.0,3847.0,27,3846.0,13
rb1805,20170908,20170907,210245000,3847.0,9608,305934,369570340.0,3847.0,43,3846.0,13
rb1805,20170908,20170907,210245500,3847.0,9638,305934,370724180.0,3847.0,41,3845.0,43
rb1805,20170908,20170907,210246000,3847.0,9638,305934,370724180.0,3846.0,1,3845.0,47
rb1805,20170908,20170907,210246500,3847.0,9644,305940,370954980.0,3847.0,40,3845.0,38
rb1805,20170908,20170907,210247000,3847.0,9644,305940,370954980.0,3847.0,41,3845.0,38
rb1805,20170908,20170907,210247500,3847.0,9644,305940,370954980.0,3847.0,42,3845.0,44
rb1805,20170908,20170907,210248000,3847.0,9644,305940,370954980.0,3847.0,43,3846.0,1
rb1805,20170908,20170907,210248500,3846.0,9646,305940,371031900.0,3846.0,3,3845.0,49
rb1805,20170908,20170907,210249000,3846.0,9646,305940,371031900.0,3846.0,3,3845.0,44
rb1805,20170908,20170907,210249500,3846.0,9654,305932,371339580.0,3846.0,17,3845.0,44
rb1805,20170908,20170907,210250000,3846.0,9656,305932,371416500.0,3846.0,16,3845.0,44
rb1805,20170908,20170907,210250500,3846.0,9656,305932,371416500.0,3846.0,19,3845.0,44
rb1805,20170908,20170907,210251000,3846.0,9656,305932,371416500.0,3846.0,19,3845.0,37
rb1805,20170908,20170907,210251500,3846.0,9668,305932,371878020.0,3846.0,20,3845.0,38
rb1805,20170908,20170907,210252000,3845.0,9754,305958,375184720.0,3845.0,5,3844.0,25
rb1805,20170908,20170907,210252500,3845.0,9754,305958,375184720.0,3845.0,10,3844.0,25
rb1805,20170908,20170907,210253000,3845.0,9754,305958,375184720.0,3845.0,16,3844.0,23
rb1805,20170908,20170907,210253500,3844.0,9756,305960,375261600.0,3845.0,17,3844.0,32
rb1805,20170908,20170907,210254000,3844.0,9756,305960,375261600.0,3845.0,20,3844.0,32
rb1805,20170908,20170907,210254500,3845.0,9792,305934,376645800.0,3846.0,25,3845.0,1
rb1805,20170908,20170907,210255000,3846.0,9794,305934,376722720.0,3846.0,16,3845.0,1
rb1805,20170908,20170907,210255500,3846.0,9800,305934,376953440.0,3846.0,14,3844.0,33
rb1805,20170908,20170907,210256000,3846.0,9828,305918,378030320.0,3847.0,22,3846.0,8
rb1805,20170908,20170907,210256500,3846.0,9828,305918,378030320.0,3847.0,23,3845.0,5
rb1805,20170908,20170907,210257000,3846.0,9828,305918,378030320.0,3846.0,2,3845.0,10
rb1805,20170908,20170907,210257500,3845.0,9830,305920,378107220.0,3846.0,2,3845.0,16
rb1805,20170908,20170907,210258000,3846.0,9838,305922,378414880.0,3847.0,25,3845.0,9
rb1805,20170908,20170907,210258500,3846.0,9838,305922,378414880.0,3847.0,27,3845.0,9
rb1805,20170908,20170907,210259000,3846.0,9838,305922,378414880.0,3847.0,27,3845.0,14
rb1805,20170908,20170907,210259500,3846.0,9838,305922,378414880.0,3847.0,27,3846.0,1
rb1805,20170908,20170907,210300000,3846.0,9840,305922,378491800.0,3846.0,1,3845.0,39
rb1805,20170908,20170907,210300500,3846.0,9842,305922,378568720.0,3847.0,30,3846.0,1
rb1805,20170908,20170907,210301000,3846.0,9844,305922,378645640.0,3847.0,30,3845.0,39
rb1805,20170908,20170907,210301500,3846.0,9844,305922,378645640.0,3847.0,30,3845.0,34
rb1805,20170908,20170907,210302000,3847.0,9846,305922,378722580.0,3847.0,29,3846.0,1
rb1805,20170908,20170907,210302500,3847.0,9856,305924,379107280.0,3847.0,24,3846.0,6
rb1805,20170908,20170907,210303000,3847.0,9908,305952,381107720.0,3848.0,69,3847.0,25
rb1805,20170908,20170907,210303500,3848.0,10042,305952,386264040.0,3848.0,5,3847.0,25
rb1805,20170908,20170907,210304000,3848.0,10052,305956,386648840.0,3849.0,73,3848.0,36
rb1805,20170908,20170907,210304500,3849.0,10056,305952,386802800.0,3849.0,71,3848.0,27
rb1805,20170908,20170907,210305000,3848.0,10078,305952,387649520.0,3849.0,64,3848.0,24
rb1805,20170908,20170907,210305500,3848.0,10084,305948,387880420.0,3849.0,63,3848.0,23
rb1805,20170908,20170907,210306000,3848.0,10088,305944,388034340.0,3849.0,63,3848.0,21
rb1805,20170908,20170907,210306500,3849.0,10094,305944,388265280.0,3849.0,61,3848.0,21
rb1805,20170908,20170907,210307000,3849.0,10130,305974,389650900.0,3849.0,44,3848.0,24
rb1805,20170908,20170907,210307500,3849.0,10134,305974,389804860.0,3849.0,42,3848.0,34
rb1805,20170908,20170907,210308000,3849.0,10160,305986,390805480.0,3849.0,35,3848.0,18
rb1805,20170908,20170907,210308500,3849.0,10170,305996,391190380.0,3849.0,30,3848.0,18
rb1805,20170908,20170907,210309000,3849.0,10184,305998,391729140.0,3849.0,28,3848.0,13
rb1805,20170908,20170907,210309500,3849.0,10186,306000,391806120.0,3849.0,27,3848.0,13
rb1805,20170908,20170907,210310000,3849.0,10196,306008,392191020.0,3849.0,22,3848.0,13
rb1805,20170908,20170907,210310500,3848.0,10200,306010,392344960.0,3849.0,22,3848.0,12
rb1805,20170908,20170907,210311000,3848.0,10204,306006,392498880.0,3849.0,22,3848.0,10
rb1805,20170908,20170907,210311500,3848.0,10206,306006,392575840.0,3849.0,25,3848.0,5
rb1805,20170908,20170907,210312000,3848.0,10216,306006,392960640.0,3849.0,27,3847.0,38
rb1805,20170908,20170907,210312500,3849.0,10218,306006,393037620.0,3848.0,2,3847.0,38
rb1805,20170908,20170907,210313000,3849.0,10226,306006,393345480.0,3849.0,25,3848.0,12
rb1805,20170908,20170907,210313500,3848.0,10230,306006,393499400.0,3849.0,25,3848.0,12
rb1805,20170908,20170907,210314000,3849.0,10232,306008,393576380.0,3849.0,24,3848.0,15
rb1805,20170908,20170907,210314500,3848.0,10262,306002,394730780.0,3848.0,28,3847.0,9
rb1805,20170908,20170907,210315000,3849.0,10322,306026,397039580.0,3849.0,25,3848.0,48
rb1805,20170908,20170907,210315500,3849.0,10326,306028,397193540.0,3849.0,19,3848.0,78
rb1805,20170908,20170907,210316000,3849.0,10334,306028,397501460.0,3849.0,17,3848.0,102
rb1805,20170908,20170907,210316500,3849.0,10480,306076,403121000.0,3850.0,85,3849.0,58
rb1805,20170908,20170907,210317000,3849.0,10492,306086,403582900.0,3850.0,84,3849.0,48
rb1805,20170908,20170907,210317500,3849.0,10492,306086,403582900.0,3850.0,84,3849.0,48
rb1805,20170908,20170907,210318000,3849.0,10506,306098,404121800.0,3850.0,82,3849.0,48
rb1805,20170908,20170907,210318500,3849.0,10506,306098,404121800.0,3850.0,82,3849.0,53
rb1805,20170908,20170907,210319000,3849.0,10508,306100,404198780.0,3850.0,82,3849.0,53
rb1805,20170908,20170907,210319500,3850.0,10514,306098,404429760.0,3850.0,80,3849.0,52
rb1805,20170908,20170907,210320000,3850.0,10566,306066,406431680.0,3850.0,58,3849.0,48
rb1805,20170908,20170907,210320500,3850.0,10622,306096,408587680.0,3850.0,30,3849.0,48
rb1805,20170908,20170907,210321000,3849.0,10624,306096,408664660.0,3850.0,30,3849.0,49
rb1805,20170908,20170907,210321500,3850.0,10628,306096,408818640.0,3850.0,29,3849.0,48
rb1805,20170908,20170907,210322000,3850.0,10664,306074,410204640.0,3850.0,11,3849.0,48
rb1805,20170908,20170907,210322500,3850.0,10686,306066,411051640.0,3851.0,22,3850.0,15
rb1805,20170908,20170907,210323000,3850.0,10696,306056,411436640.0,3851.0,22,3850.0,16
rb1805,20170908,20170907,210323500,3850.0,10696,306056,411436640.0,3851.0,22,3850.0,16
rb1805,20170908,20170907,210324000,3850.0,10696,306056,411436640.0,3851.0,33,3850.0,21
rb1805,20170908,20170907,210324500,3850.0,10698,306054,411513640.0,3851.0,36,3850.0,110
rb1805,20170908,20170907,210325000,3850.0,10718,306054,412283640.0,3851.0,37,3850.0,106
rb1805,20170908,20170907,210325500,3850.0,10724,306050,412514640.0,3851.0,37,3850.0,103
rb1805,20170908,20170907,210326500,3850.0,10736,306048,412976740.0,3851.0,32,3850.0,102
rb1805,20170908,20170907,210327000,3850.0,10738,306050,413053740.0,3851.0,34,3850.0,101
rb1805,20170908,20170907,210327500,3851.0,10740,306052,413130760.0,3851.0,31,3850.0,108
rb1805,20170908,20170907,210328000,3851.0,10740,306052,413130760.0,3851.0,31,3850.0,104
rb1805,20170908,20170907,210328500,3851.0,10762,306060,413977880.0,3851.0,29,3850.0,99
rb1805,20170908,20170907,210329000,3850.0,10840,306072,416981660.0,3852.0,247,3850.0,103
rb1805,20170908,20170907,210329500,3851.0,10846,306072,417212680.0,3852.0,245,3850.0,103
rb1805,20170908,20170907,210330000,3851.0,10850,306068,417366720.0,3851.0,4,3850.0,103
rb1805,20170908,20170907,210330500,3851.0,10858,306064,417674780.0,3851.0,1,3850.0,102
rb1805,20170908,20170907,210331000,3851.0,10860,306064,417751800.0,3851.0,13,3850.0,105
rb1805,20170908,20170907,210331500,3850.0,10864,306068,417905820.0,3851.0,12,3850.0,104
rb1805,20170908,20170907,210332000,3850.0,10908,306112,419599860.0,3851.0,10,3850.0,84
rb1805,20170908,20170907,210332500,3851.0,10912,306114,419753900.0,3851.0,15,3850.0,85
rb1805,20170908,20170907,210333000,3850.0,11114,306234,427530900.0,3850.0,29,3849.0,28
rb1805,20170908,20170907,210333500,3850.0,11170,306188,429686360.0,3849.0,8,3848.0,66
rb1805,20170908,20170907,210334000,3849.0,11174,306184,429840340.0,3849.0,10,3848.0,76
rb1805,20170908,20170907,210334500,3847.0,11330,306214,435843180.0,3848.0,74,3847.0,39
rb1805,20170908,20170907,210335000,3848.0,11354,306220,436766540.0,3848.0,70,3846.0,63
rb1805,20170908,20170907,210335500,3846.0,11362,306220,437074220.0,3847.0,5,3846.0,59
rb1805,20170908,20170907,210336000,3847.0,11368,306218,437305000.0,3847.0,12,3846.0,57
rb1805,20170908,20170907,210336500,3846.0,11372,306214,437458840.0,3847.0,12,3846.0,54
rb1805,20170908,20170907,210337000,3846.0,11382,306210,437843440.0,3847.0,12,3846.0,23
rb1805,20170908,20170907,210337500,3846.0,11386,306206,437997280.0,3847.0,22,3846.0,21
rb1805,20170908,20170907,210338000,3847.0,11388,306208,438074220.0,3847.0,19,3846.0,21
rb1805,20170908,20170907,210338500,3847.0,11426,306196,439536080.0,3848.0,68,3846.0,22
rb1805,20170908,20170907,210339000,3848.0,11436,306192,439920880.0,3848.0,63,3846.0,22
rb1805,20170908,20170907,210339500,3847.0,11438,306192,439997820.0,3847.0,1,3846.0,22
rb1805,20170908,20170907,210340000,3847.0,11450,306184,440459360.0,3847.0,10,3846.0,19
rb1805,20170908,20170907,210340500,3847.0,11450,306184,440459360.0,3847.0,14,3846.0,20
rb1805,20170908,20170907,210341000,3847.0,11450,306184,440459360.0,3847.0,10,3846.0,20
rb1805,20170908,20170907,210341500,3847.0,11462,306184,440921000.0,3847.0,4,3846.0,25
rb1805,20170908,20170907,210342000,3847.0,11470,306184,441228760.0,3848.0,72,3847.0,1
rb1805,20170908,20170907,210342500,3847.0,11470,306184,441228760.0,3848.0,70,3847.0,3
rb1805,20170908,20170907,210343000,3847.0,11470,306184,441228760.0,3848.0,66,3847.0,3
rb1805,20170908,20170907,210343500,3847.0,11478,306190,441536540.0,3848.0,65,3846.0,27
rb1805,20170908,20170907,210344000,3847.0,11478,306190,441536540.0,3848.0,65,3847.0,3
rb1805,20170908,20170907,210344500,3846.0,11486,306190,441844280.0,3847.0,1,3846.0,27
rb1805,20170908,20170907,210345000,3847.0,11488,306192,441921220.0,3847.0,2,3846.0,27
rb1805,20170908,20170907,210345500,3847.0,11488,306192,441921220.0,3847.0,4,3846.0,28
rb1805,20170908,20170907,210346000,3847.0,11488,306192,441921220.0,3847.0,34,3846.0,29
rb1805,20170908,20170907,210346500,3846.0,11490,306192,441998140.0,3847.0,34,3846.0,28
rb1805,20170908,20170907,210347000,3847.0,11510,306208,442767540.0,3847.0,24,3846.0,38
rb1805,20170908,20170907,210347500,3847.0,11510,306208,442767540.0,3847.0,26,3846.0,38
rb1805,20170908,20170907,210348000,3847.0,11522,306220,443229180.0,3847.0,20,3846.0,39
rb1805,20170908,20170907,210348500,3846.0,11524,306220,443306100.0,3847.0,20,3846.0,38
rb1805,20170908,20170907,210349000,3847.0,11542,306238,443998540.0,3847.0,12,3846.0,37
rb1805,20170908,20170907,210349500,3847.0,11560,306240,444690920.0,3847.0,7,3846.0,35
rb1805,20170908,20170907,210350000,3847.0,11560,306240,444690920.0,3847.0,24,3846.0,45
rb1805,20170908,20170907,210350500,3847.0,11560,306240,444690920.0,3847.0,54,3846.0,46
rb1805,20170908,20170907,210351000,3847.0,11560,306240,444690920.0,3847.0,54,3846.0,46
rb1805,20170908,20170907,210351500,3847.0,11560,306240,444690920.0,3847.0,54,3846.0,46
rb1805,20170908,20170907,210352000,3847.0,11560,306240,444690920.0,3847.0,54,3846.0,46
rb1805,20170908,20170907,210352500,3847.0,11658,306308,448460280.0,3847.0,40,3846.0,12
rb1805,20170908,20170907,210353000,3846.0,11686,306302,449537160.0,3846.0,28,3845.0,36
rb1805,20170908,20170907,210353500,3846.0,11710,306304,450460180.0,3846.0,17,3845.0,35
rb1805,20170908,20170907,210354000,3846.0,11724,306294,450998620.0,3846.0,10,3845.0,35
rb1805,20170908,20170907,210354500,3847.0,11744,306312,451768000.0,3846.0,5,3845.0,36
rb1805,20170908,20170907,210355000,3846.0,11746,306310,451844920.0,3846.0,4,3845.0,36
rb1805,20170908,20170907,210355500,3846.0,11756,306302,452229520.0,3847.0,34,3846.0,14
rb1805,20170908,20170907,210356000,3846.0,11758,306302,452306440.0,3847.0,34,3846.0,10
rb1805,20170908,20170907,210356500,3846.0,11760,306300,452383360.0,3847.0,34,3846.0,11
rb1805,20170908,20170907,210357000,3846.0,11762,306298,452460280.0,3847.0,34,3846.0,12
rb1805,20170908,20170907,210357500,3846.0,11764,306296,452537200.0,3847.0,34,3846.0,12
rb1805,20170908,20170907,210358000,3846.0,11764,306296,452537200.0,3847.0,34,3846.0,13
rb1805,20170908,20170907,210358500,3846.0,11764,306296,452537200.0,3847.0,34,3846.0,13
rb1805,20170908,20170907,210359000,3846.0,11764,306296,452537200.0,3847.0,34,3846.0,13
rb1805,20170908,20170907,210359500,3847.0,11832,306354,455153100.0,3847.0,3,3846.0,7
rb1805,20170908,20170907,210400000,3847.0,11832,306354,455153100.0,3847.0,3,3846.0,8
rb1805,20170908,20170907,210400500,3846.0,11850,306370,455845400.0,3846.0,12,3845.0,43
rb1805,20170908,20170907,210401000,3846.0,11918,306392,458460140.0,3846.0,5,3845.0,16
rb1805,20170908,20170907,210401500,3845.0,11958,306402,459998480.0,3846.0,7,3845.0,19
rb1805,20170908,20170907,210402000,3845.0,12008,306432,461921420.0,3847.0,30,3845.0,14
rb1805,20170908,20170907,210402500,3845.0,12020,306430,462382920.0,3846.0,12,3845.0,13
rb1805,20170908,20170907,210403000,3845.0,12026,306434,462613620.0,3846.0,13,3845.0,25
rb1805,20170908,20170907,210403500,3845.0,12034,306434,462921260.0,3846.0,23,3845.0,23
rb1805,20170908,20170907,210404000,3845.0,12080,306434,464689960.0,3845.0,7,3844.0,48
rb1805,20170908,20170907,210404500,3846.0,12098,306434,465382140.0,3846.0,47,3844.0,48
rb1805,20170908,20170907,210405000,3846.0,12098,306434,465382140.0,3845.0,5,3844.0,55
rb1805,20170908,20170907,210405500,3844.0,12102,306438,465535900.0,3845.0,16,3844.0,53
rb1805,20170908,20170907,210406000,3844.0,12102,306438,465535900.0,3845.0,22,3844.0,53
rb1805,20170908,20170907,210406500,3845.0,12106,306438,465689700.0,3845.0,11,3844.0,53
rb1805,20170908,20170907,210407000,3844.0,12110,306440,465843460.0,3845.0,9,3844.0,51
rb1805,20170908,20170907,210407500,3845.0,12118,306446,466151060.0,3845.0,7,3844.0,72
rb1805,20170908,20170907,210408000,3844.0,12124,306440,466381700.0,3845.0,22,3844.0,69
rb1805,20170908,20170907,210408500,3844.0,12128,306438,466535480.0,3845.0,66,3844.0,68
rb1805,20170908,20170907,210409000,3844.0,12132,306442,466689240.0,3845.0,26,3844.0,66
rb1805,20170908,20170907,210409500,3845.0,12136,306446,466843020.0,3845.0,25,3844.0,66
rb1805,20170908,20170907,210410000,3844.0,12144,306448,467150540.0,3845.0,25,3844.0,62
rb1805,20170908,20170907,210410500,3845.0,12166,306452,467996420.0,3845.0,15,3844.0,61
rb1805,20170908,20170907,210411000,3845.0,12166,306452,467996420.0,3845.0,18,3844.0,61
rb1805,20170908,20170907,210411500,3844.0,12174,306458,468303940.0,3845.0,46,3844.0,57
rb1805,20170908,20170907,210412000,3844.0,12224,306466,470225940.0,3845.0,48,3844.0,34
rb1805,20170908,20170907,210412500,3844.0,12292,306504,472839860.0,3844.0,98,3843.0,157
rb1805,20170908,20170907,210413000,3844.0,12330,306540,474300580.0,3844.0,85,3843.0,155
rb1805,20170908,20170907,210413500,3843.0,12336,306542,474531180.0,3844.0,84,3843.0,153
rb1805,20170908,20170907,210414000,3843.0,12372,306548,475914760.0,3844.0,80,3843.0,140
rb1805,20170908,20170907,210414500,3844.0,12374,306550,475991640.0,3844.0,79,3843.0,140
rb1805,20170908,20170907,210415000,3844.0,12390,306566,476606580.0,3844.0,77,3843.0,135
rb1805,20170908,20170907,210415500,3844.0,12390,306566,476606580.0,3844.0,78,3843.0,135
rb1805,20170908,20170907,210416000,3843.0,12432,306568,478221040.0,3844.0,58,3843.0,134
rb1805,20170908,20170907,210416500,3843.0,12440,306576,478528480.0,3844.0,58,3843.0,130
rb1805,20170908,20170907,210417000,3844.0,12448,306582,478835980.0,3844.0,55,3843.0,137
rb1805,20170908,20170907,210417500,3843.0,12452,306586,478989700.0,3844.0,56,3843.0,135
rb1805,20170908,20170907,210418000,3843.0,12476,306602,479912020.0,3844.0,56,3843.0,123
rb1805,20170908,20170907,210418500,3843.0,12722,306644,489365800.0,3844.0,56,3842.0,69
rb1805,20170908,20170907,210419000,3844.0,12816,306652,492978800.0,3843.0,1,3842.0,64
rb1805,20170908,20170907,210419500,3843.0,12868,306686,494976840.0,3843.0,5,3842.0,47
rb1805,20170908,20170907,210420000,3842.0,12872,306688,495130520.0,3843.0,21,3842.0,45
rb1805,20170908,20170907,210420500,3843.0,12890,306700,495822200.0,3843.0,17,3842.0,42
rb1805,20170908,20170907,210421000,3842.0,12894,306700,495975880.0,3843.0,17,3842.0,41
rb1805,20170908,20170907,210421500,3843.0,12898,306702,496129580.0,3843.0,16,3842.0,50
rb1805,20170908,20170907,210422000,3843.0,12940,306696,497743600.0,3844.0,18,3843.0,5
rb1805,20170908,20170907,210422500,3844.0,12956,306694,498358520.0,3843.0,10,3842.0,49
rb1805,20170908,20170907,210423000,3843.0,12994,306682,499818860.0,3844.0,34,3843.0,37
rb1805,20170908,20170907,210423500,3844.0,12998,306682,499972600.0,3844.0,13,3843.0,78
rb1805,20170908,20170907,210424000,3843.0,13010,306676,500433840.0,3844.0,8,3843.0,74
rb1805,20170908,20170907,210424500,3843.0,13010,306676,500433840.0,3844.0,7,3843.0,81
rb1805,20170908,20170907,210425000,3844.0,13012,306676,500510720.0,3844.0,6,3843.0,82
rb1805,20170908,20170907,210425500,3844.0,13012,306676,500510720.0,3844.0,58,3843.0,86
rb1805,20170908,20170907,210426000,3843.0,13016,306672,500664440.0,3844.0,84,3843.0,86
rb1805,20170908,20170907,210426500,3843.0,13020,306674,500818160.0,3844.0,85,3843.0,84
rb1805,20170908,20170907,210427000,3843.0,13020,306674,500818160.0,3844.0,86,3843.0,87
rb1805,20170908,20170907,210427500,3843.0,13020,306674,500818160.0,3844.0,87,3843.0,87
rb1805,20170908,20170907,210428000,3843.0,13020,306674,500818160.0,3844.0,87,3843.0,87
rb1805,20170908,20170907,210428500,3843.0,13022,306674,500895020.0,3844.0,87,3843.0,86
rb1805,20170908,20170907,210429000,3843.0,13022,306674,500895020.0,3844.0,87,3843.0,87
rb1805,20170908,20170907,210429500,3844.0,13046,306684,501817560.0,3844.0,77,3843.0,88
rb1805,20170908,20170907,210430000,3844.0,13046,306684,501817560.0,3844.0,77,3843.0,88
rb1805,20170908,20170907,210430500,3844.0,13046,306684,501817560.0,3844.0,77,3843.0,88
rb1805,20170908,20170907,210431000,3843.0,13050,306682,501971300.0,3844.0,76,3843.0,89
rb1805,20170908,20170907,210431500,3843.0,13050,306682,501971300.0,3844.0,76,3843.0,100
rb1805,20170908,20170907,210432000,3843.0,13050,306682,501971300.0,3844.0,77,3843.0,100
rb1805,20170908,20170907,210432500,3844.0,13064,306682,502509440.0,3844.0,71,3843.0,99
rb1805,20170908,20170907,210433000,3844.0,13092,306682,503585760.0,3844.0,58,3843.0,99
rb1805,20170908,20170907,210433500,3844.0,13092,306682,503585760.0,3844.0,58,3843.0,99
rb1805,20170908,20170907,210434000,3844.0,13092,306682,503585760.0,3844.0,58,3843.0,99
rb1805,20170908,20170907,210434500,3843.0,13106,306676,504123780.0,3844.0,80,3843.0,93
rb1805,20170908,20170907,210435000,3843.0,13106,306676,504123780.0,3844.0,58,3843.0,93
rb1805,20170908,20170907,210435500,3844.0,13116,306666,504508180.0,3844.0,73,3843.0,79
rb1805,20170908,20170907,210436000,3844.0,13222,306676,508582820.0,3845.0,57,3844.0,4
rb1805,20170908,20170907,210436500,3844.0,13230,306674,508890340.0,3845.0,57,3844.0,5
rb1805,20170908,20170907,210437000,3844.0,13230,306674,508890340.0,3845.0,50,3844.0,5
rb1805,20170908,20170907,210437500,3844.0,13230,306674,508890340.0,3845.0,50,3844.0,68
rb1805,20170908,20170907,210438000,3844.0,13230,306674,508890340.0,3845.0,50,3844.0,68
rb1805,20170908,20170907,210438500,3844.0,13230,306674,508890340.0,3845.0,50,3844.0,68
rb1805,20170908,20170907,210439000,3845.0,13238,306676,509197920.0,3845.0,47,3844.0,67
rb1805,20170908,20170907,210439500,3844.0,13244,306674,509428560.0,3845.0,51,3844.0,68
rb1805,20170908,20170907,210440000,3844.0,13246,306672,509505440.0,3845.0,49,3844.0,67
rb1805,20170908,20170907,210440500,3844.0,13276,306658,510658700.0,3845.0,46,3844.0,55
rb1805,20170908,20170907,210441000,3844.0,13296,306650,511427500.0,3845.0,45,3844.0,46
rb1805,20170908,20170907,210441500,3844.0,13300,306650,511581260.0,3845.0,45,3844.0,49
rb1805,20170908,20170907,210442000,3844.0,13308,306650,511888780.0,3845.0,50,3844.0,40
rb1805,20170908,20170907,210442500,3844.0,13316,306650,512196300.0,3845.0,50,3844.0,36
rb1805,20170908,20170907,210443000,3844.0,13316,306650,512196300.0,3845.0,50,3844.0,36
rb1805,20170908,20170907,210443500,3843.0,13390,306604,515040840.0,3844.0,18,3843.0,75
rb1805,20170908,20170907,210444000,3843.0,13390,306604,515040840.0,3844.0,18,3843.0,70
rb1805,20170908,20170907,210444500,3843.0,13390,306604,515040840.0,3844.0,27,3843.0,70
rb1805,20170908,20170907,210445000,3844.0,13402,306614,515502080.0,3844.0,28,3843.0,68
rb1805,20170908,20170907,210445500,3844.0,13402,306614,515502080.0,3844.0,28,3843.0,68
rb1805,20170908,20170907,210446000,3844.0,13402,306614,515502080.0,3844.0,28,3843.0,70
rb1805,20170908,20170907,210446500,3844.0,13472,306620,518192240.0,3844.0,33,3843.0,37
rb1805,20170908,20170907,210447000,3843.0,13512,306648,519729440.0,3844.0,34,3843.0,17
rb1805,20170908,20170907,210447500,3843.0,13514,306650,519806300.0,3844.0,27,3843.0,16
rb1805,20170908,20170907,210448000,3843.0,13524,306660,520190600.0,3844.0,42,3843.0,11
rb1805,20170908,20170907,210448500,3843.0,13524,306660,520190600.0,3844.0,50,3843.0,11
rb1805,20170908,20170907,210449000,3844.0,13526,306662,520267480.0,3844.0,46,3843.0,13
rb1805,20170908,20170907,210449500,3843.0,13530,306666,520421200.0,3844.0,49,3843.0,12
rb1805,20170908,20170907,210450000,3844.0,13532,306668,520498080.0,3844.0,48,3843.0,12
rb1805,20170908,20170907,210450500,3843.0,13538,306672,520728660.0,3844.0,48,3843.0,9
rb1805,20170908,20170907,210451000,3843.0,13542,306674,520882380.0,3844.0,56,3843.0,7
rb1805,20170908,20170907,210451500,3844.0,13544,306676,520959260.0,3844.0,48,3843.0,7
rb1805,20170908,20170907,210452000,3843.0,13558,306690,521497280.0,3844.0,57,3843.0,1
rb1805,20170908,20170907,210452500,3843.0,13560,306692,521574140.0,3843.0,1,3842.0,56
rb1805,20170908,20170907,210453000,3842.0,13562,306694,521650980.0,3843.0,1,3842.0,55
rb1805,20170908,20170907,210453500,3843.0,13564,306694,521727840.0,3843.0,29,3842.0,55
rb1805,20170908,20170907,210454000,3843.0,13564,306694,521727840.0,3843.0,31,3842.0,56
rb1805,20170908,20170907,210454500,3843.0,13564,306694,521727840.0,3843.0,32,3842.0,56
rb1805,20170908,20170907,210455000,3843.0,13566,306696,521804700.0,3843.0,31,3842.0,56
rb1805,20170908,20170907,210455500,3843.0,13568,306698,521881560.0,3843.0,30,3842.0,56
rb1805,20170908,20170907,210456000,3843.0,13586,306716,522573300.0,3843.0,41,3842.0,56
rb1805,20170908,20170907,210456500,3842.0,13594,306722,522880660.0,3843.0,47,3842.0,52
rb1805,20170908,20170907,210457000,3843.0,13604,306732,523264960.0,3843.0,62,3842.0,52
rb1805,20170908,20170907,210457500,3842.0,13618,306736,523802840.0,3843.0,97,3842.0,45
rb1805,20170908,20170907,210458000,3842.0,13636,306752,524494400.0,3843.0,81,3842.0,36
rb1805,20170908,20170907,210458500,3842.0,13708,306812,527260640.0,3842.0,36,3841.0,49
rb1805,20170908,20170907,210459000,3841.0,13742,306834,528566580.0,3842.0,109,3841.0,32
rb1805,20170908,20170907,210459500,3841.0,13904,306816,534790200.0,3842.0,5,3841.0,12
rb1805,20170908,20170907,210500000,3841.0,13934,306834,535942500.0,3841.0,12,3840.0,57
rb1805,20170908,20170907,210500500,3840.0,13936,306834,536019300.0,3841.0,14,3840.0,57
rb1805,20170908,20170907,210501000,3840.0,13948,306838,536480140.0,3841.0,12,3840.0,82
rb1805,20170908,20170907,210501500,3841.0,13980,306860,537709220.0,3842.0,28,3841.0,14
rb1805,20170908,20170907,210502000,3841.0,13988,306862,538016500.0,3842.0,8,3841.0,14
rb1805,20170908,20170907,210502500,3841.0,14030,306894,539629680.0,3841.0,1,3840.0,78
rb1805,20170908,20170907,210503000,3841.0,14046,306890,540244240.0,3842.0,6,3841.0,1
rb1805,20170908,20170907,210503500,3842.0,14052,306890,540474700.0,3842.0,5,3840.0,50
rb1805,20170908,20170907,210504000,3842.0,14054,306888,540551540.0,3842.0,8,3840.0,50
rb1805,20170908,20170907,210504500,3841.0,14060,306892,540782020.0,3842.0,6,3841.0,15
rb1805,20170908,20170907,210505000,3841.0,14078,306900,541473400.0,3842.0,6,3841.0,6
rb1805,20170908,20170907,210505500,3841.0,14080,306902,541550220.0,3842.0,7,3841.0,11
rb1805,20170908,20170907,210506000,3842.0,14088,306906,541857560.0,3842.0,4,3841.0,15
rb1805,20170908,20170907,210506500,3841.0,14106,306902,542549040.0,3842.0,16,3841.0,19
rb1805,20170908,20170907,210507000,3841.0,14110,306904,542702700.0,3842.0,24,3841.0,18
rb1805,20170908,20170907,210507500,3841.0,14118,306900,543010020.0,3842.0,14,3841.0,20
rb1805,20170908,20170907,210508000,3842.0,14150,306932,544239480.0,3843.0,78,3842.0,42
rb1805,20170908,20170907,210508500,3842.0,14220,306976,546929500.0,3843.0,40,3842.0,47
rb1805,20170908,20170907,210509000,3843.0,14300,306974,550003900.0,3844.0,22,3843.0,114
rb1805,20170908,20170907,210509500,3844.0,14346,306972,551772140.0,3845.0,70,3844.0,14
rb1805,20170908,20170907,210510000,3843.0,14530,306928,558843460.0,3845.0,65,3844.0,10
rb1805,20170908,20170907,210510500,3843.0,14564,306902,560150360.0,3844.0,28,3843.0,60
rb1805,20170908,20170907,210511000,3843.0,14572,306898,560457840.0,3844.0,26,3843.0,58
rb1805,20170908,20170907,210511500,3844.0,14574,306896,560534720.0,3844.0,34,3843.0,58
rb1805,20170908,20170907,210512000,3844.0,14574,306896,560534720.0,3844.0,43,3843.0,58
rb1805,20170908,20170907,210512500,3844.0,14574,306896,560534720.0,3844.0,45,3843.0,58
rb1805,20170908,20170907,210513000,3844.0,14578,306896,560688480.0,3844.0,44,3843.0,58
rb1805,20170908,20170907,210513500,3843.0,14634,306844,562840560.0,3844.0,45,3843.0,30
rb1805,20170908,20170907,210514000,3843.0,14696,306782,565223220.0,3843.0,10,3842.0,18
rb1805,20170908,20170907,210514500,3842.0,14702,306782,565453740.0,3843.0,10,3842.0,3
rb1805,20170908,20170907,210515000,3842.0,14708,306784,565684260.0,3842.0,6,3841.0,42
rb1805,20170908,20170907,210515500,3841.0,14710,306782,565761080.0,3842.0,6,3841.0,34
rb1805,20170908,20170907,210516000,3841.0,14738,306756,566836560.0,3842.0,6,3841.0,20
rb1805,20170908,20170907,210516500,3841.0,14776,306770,568296220.0,3842.0,2,3841.0,6
rb1805,20170908,20170907,210517000,3842.0,14778,306770,568373060.0,3842.0,6,3841.0,6
rb1805,20170908,20170907,210517500,3841.0,14780,306770,568449880.0,3842.0,7,3841.0,5
rb1805,20170908,20170907,210518000,3841.0,14802,306784,569294940.0,3841.0,2,3840.0,94
rb1805,20170908,20170907,210518500,3841.0,14806,306786,569448580.0,3842.0,5,3840.0,94
rb1805,20170908,20170907,210519000,3841.0,14806,306786,569448580.0,3842.0,13,3841.0,2
rb1805,20170908,20170907,210519500,3842.0,14808,306786,569525420.0,3842.0,12,3841.0,2
rb1805,20170908,20170907,210520000,3842.0,14810,306788,569602260.0,3842.0,11,3841.0,9
rb1805,20170908,20170907,210520500,3841.0,14818,306788,569909560.0,3842.0,10,3841.0,6
rb1805,20170908,20170907,210521000,3842.0,14822,306792,570063240.0,3842.0,8,3841.0,7
rb1805,20170908,20170907,210521500,3841.0,14826,306796,570216880.0,3842.0,8,3841.0,8
rb1805,20170908,20170907,210522000,3841.0,14828,306798,570293700.0,3842.0,12,3841.0,19
rb1805,20170908,20170907,210522500,3842.0,14850,306806,571138740.0,3842.0,11,3841.0,5
rb1805,20170908,20170907,210523000,3841.0,14900,306758,573059240.0,3841.0,11,3840.0,98
rb1805,20170908,20170907,210523500,3841.0,14908,306756,573366500.0,3841.0,8,3840.0,97
rb1805,20170908,20170907,210524000,3841.0,14912,306756,573520140.0,3841.0,6,3840.0,97
rb1805,20170908,20170907,210524500,3841.0,14916,306756,573673780.0,3841.0,12,3840.0,97
rb1805,20170908,20170907,210525000,3841.0,14920,306752,573827420.0,3841.0,23,3840.0,97
rb1805,20170908,20170907,210525500,3841.0,14922,306752,573904240.0,3841.0,45,3840.0,98
rb1805,20170908,20170907,210526000,3841.0,14928,306752,574134680.0,3841.0,45,3840.0,97
rb1805,20170908,20170907,210526500,3841.0,14968,306738,575671080.0,3841.0,33,3840.0,97
rb1805,20170908,20170907,210527000,3841.0,14982,306736,576208800.0,3841.0,28,3840.0,98
rb1805,20170908,20170907,210527500,3840.0,14988,306738,576439200.0,3841.0,28,3840.0,93
rb1805,20170908,20170907,210528000,3840.0,14994,306742,576669620.0,3841.0,27,3840.0,102
rb1805,20170908,20170907,210528500,3841.0,15014,306732,577437820.0,3841.0,18,3840.0,102
rb1805,20170908,20170907,210529000,3841.0,15062,306696,579281500.0,3841.0,3,3840.0,103
rb1805,20170908,20170907,210529500,3840.0,15254,306700,586656200.0,3841.0,108,3840.0,103
rb1805,20170908,20170907,210530000,3841.0,15340,306704,589959440.0,3841.0,73,3840.0,102
rb1805,20170908,20170907,210530500,3841.0,15378,306732,591418860.0,3841.0,63,3840.0,94
rb1805,20170908,20170907,210531000,3840.0,15392,306740,591956460.0,3841.0,64,3840.0,87
rb1805,20170908,20170907,210531500,3840.0,15454,306790,594337260.0,3841.0,64,3840.0,56
rb1805,20170908,20170907,210532000,3841.0,15536,306784,597486160.0,3841.0,63,3840.0,21
rb1805,20170908,20170907,210532500,3840.0,15580,306822,599175760.0,3840.0,7,3839.0,24
rb1805,20170908,20170907,210533000,3840.0,15630,306850,601095280.0,3840.0,8,3838.0,54
rb1805,20170908,20170907,210533500,3840.0,15632,306852,601172080.0,3840.0,10,3838.0,37
rb1805,20170908,20170907,210534000,3838.0,15634,306852,601248840.0,3840.0,16,3838.0,36
rb1805,20170908,20170907,210534500,3838.0,15696,306854,603628400.0,3839.0,2,3838.0,16
rb1805,20170908,20170907,210535000,3838.0,15726,306876,604779820.0,3839.0,1,3838.0,12
rb1805,20170908,20170907,210535500,3839.0,15732,306876,605010140.0,3840.0,27,3838.0,11
rb1805,20170908,20170907,210536000,3839.0,15738,306876,605240480.0,3840.0,27,3838.0,15
rb1805,20170908,20170907,210536500,3839.0,15748,306878,605624380.0,3840.0,28,3839.0,11
rb1805,20170908,20170907,210537000,3839.0,15756,306886,605931500.0,3840.0,28,3839.0,8
rb1805,20170908,20170907,210537500,3839.0,15762,306892,606161840.0,3840.0,29,3839.0,7
rb1805,20170908,20170907,210538000,3839.0,15762,306892,606161840.0,3840.0,27,3839.0,37
rb1805,20170908,20170907,210538500,3839.0,15778,306902,606776100.0,3840.0,29,3839.0,55
rb1805,20170908,20170907,210539000,3839.0,15806,306898,607851220.0,3840.0,20,3839.0,53
rb1805,20170908,20170907,210539500,3839.0,15830,306896,608772800.0,3840.0,9,3839.0,59
rb1805,20170908,20170907,210540000,3840.0,15856,306896,609771160.0,3841.0,77,3840.0,1
rb1805,20170908,20170907,210540500,3840.0,15858,306896,609847960.0,3841.0,79,3840.0,3
rb1805,20170908,20170907,210541000,3839.0,15868,306898,610231920.0,3840.0,1,3839.0,48
rb1805,20170908,20170907,210541500,3840.0,15872,306900,610385520.0,3841.0,65,3840.0,39
rb1805,20170908,20170907,210542000,3840.0,15930,306928,612613280.0,3841.0,37,3840.0,15
rb1805,20170908,20170907,210542500,3840.0,15932,306928,612690080.0,3841.0,38,3840.0,35
rb1805,20170908,20170907,210543000,3840.0,15940,306928,612997280.0,3841.0,38,3840.0,32
rb1805,20170908,20170907,210543500,3841.0,15960,306928,613765360.0,3841.0,34,3840.0,23
rb1805,20170908,20170907,210544000,3841.0,15960,306928,613765360.0,3841.0,44,3840.0,24
rb1805,20170908,20170907,210544500,3840.0,15962,306930,613842160.0,3841.0,44,3840.0,6
rb1805,20170908,20170907,210545000,3840.0,15966,306932,613995760.0,3841.0,44,3840.0,4
rb1805,20170908,20170907,210545500,3840.0,15968,306934,614072560.0,3841.0,45,3840.0,14
rb1805,20170908,20170907,210546000,3841.0,15970,306936,614149380.0,3841.0,44,3840.0,27
rb1805,20170908,20170907,210546500,3841.0,15970,306936,614149380.0,3841.0,45,3840.0,66
rb1805,20170908,20170907,210547000,3841.0,16060,306912,617606280.0,3842.0,18,3841.0,10
rb1805,20170908,20170907,210547500,3842.0,16072,306912,618067260.0,3842.0,13,3841.0,16
rb1805,20170908,20170907,210548000,3841.0,16074,306912,618144080.0,3842.0,13,3841.0,22
rb1805,20170908,20170907,210548500,3842.0,16104,306908,619296680.0,3843.0,102,3842.0,8
rb1805,20170908,20170907,210549000,3842.0,16104,306908,619296680.0,3843.0,102,3842.0,36
rb1805,20170908,20170907,210549500,3842.0,16112,306908,619604040.0,3843.0,100,3842.0,30
rb1805,20170908,20170907,210550000,3842.0,16118,306908,619834560.0,3843.0,100,3842.0,24
rb1805,20170908,20170907,210550500,3842.0,16142,306908,620756840.0,3843.0,90,3842.0,22
rb1805,20170908,20170907,210551000,3842.0,16150,306912,621064260.0,3843.0,86,3842.0,22
rb1805,20170908,20170907,210551500,3842.0,16150,306912,621064260.0,3843.0,87,3842.0,23
rb1805,20170908,20170907,210552000,3842.0,16152,306912,621141100.0,3843.0,90,3842.0,22
rb1805,20170908,20170907,210552500,3842.0,16152,306912,621141100.0,3843.0,90,3842.0,54
rb1805,20170908,20170907,210553000,3843.0,16154,306914,621217960.0,3843.0,89,3842.0,54
rb1805,20170908,20170907,210553500,3842.0,16174,306894,621986380.0,3843.0,90,3842.0,40
rb1805,20170908,20170907,210554000,3842.0,16174,306894,621986380.0,3843.0,100,3842.0,40
rb1805,20170908,20170907,210554500,3843.0,16176,306894,622063240.0,3843.0,100,3842.0,42
rb1805,20170908,20170907,210555000,3843.0,16188,306890,622524380.0,3843.0,96,3842.0,42
rb1805,20170908,20170907,210555500,3843.0,16190,306892,622601240.0,3843.0,96,3842.0,42
rb1805,20170908,20170907,210556000,3843.0,16190,306892,622601240.0,3843.0,96,3842.0,47
rb1805,20170908,20170907,210556500,3843.0,16190,306892,622601240.0,3843.0,96,3842.0,46
rb1805,20170908,20170907,210557000,3843.0,16192,306894,622678100.0,3843.0,95,3842.0,47
rb1805,20170908,20170907,210557500,3842.0,16198,306894,622908620.0,3843.0,100,3842.0,44
rb1805,20170908,20170907,210558000,3842.0,16208,306894,623292820.0,3843.0,100,3842.0,39
rb1805,20170908,20170907,210558500,3843.0,16210,306894,623369680.0,3843.0,156,3842.0,39
rb1805,20170908,20170907,210559000,3842.0,16288,306892,626366440.0,3843.0,156,3841.0,49
rb1805,20170908,20170907,210559500,3843.0,16292,306892,626520160.0,3843.0,165,3841.0,37
rb1805,20170908,20170907,210600000,3842.0,16352,306912,628824800.0,3842.0,17,3841.0,9
rb1805,20170908,20170907,210600500,3841.0,16372,306918,629593000.0,3841.0,9,3840.0,54
rb1805,20170908,20170907,210601000,3840.0,16488,306974,634047400.0,3840.0,3,3839.0,22
rb1805,20170908,20170907,210601500,3839.0,16494,306978,634277760.0,3840.0,8,3839.0,21
rb1805,20170908,20170907,210602000,3840.0,16502,306984,634584900.0,3840.0,7,3839.0,18
rb1805,20170908,20170907,210602500,3840.0,16518,306984,635199300.0,3841.0,21,3840.0,21
rb1805,20170908,20170907,210603000,3840.0,16532,306984,635736900.0,3841.0,21,3840.0,16
rb1805,20170908,20170907,210603500,3840.0,16532,306984,635736900.0,3841.0,19,3840.0,16
rb1805,20170908,20170907,210604000,3841.0,16544,306988,636197760.0,3841.0,16,3840.0,13
rb1805,20170908,20170907,210604500,3840.0,16548,306988,636351380.0,3841.0,13,3840.0,12
rb1805,20170908,20170907,210605000,3842.0,16576,307008,637426880.0,3842.0,37,3841.0,7
rb1805,20170908,20170907,210605500,3842.0,16576,307008,637426880.0,3842.0,38,3841.0,8
rb1805,20170908,20170907,210606000,3841.0,16592,307008,638041440.0,3841.0,12,3840.0,18
rb1805,20170908,20170907,210606500,3841.0,16618,307010,639040100.0,3841.0,1,3840.0,18
rb1805,20170908,20170907,210607000,3840.0,16622,307010,639193720.0,3841.0,1,3840.0,17
rb1805,20170908,20170907,210607500,3840.0,16628,307010,639424120.0,3841.0,6,3840.0,14
rb1805,20170908,20170907,210608000,3840.0,16628,307010,639424120.0,3841.0,7,3840.0,16
rb1805,20170908,20170907,210608500,3841.0,16630,307010,639500940.0,3841.0,9,3840.0,16
rb1805,20170908,20170907,210609000,3840.0,16632,307010,639577740.0,3841.0,9,3840.0,15
rb1805,20170908,20170907,210609500,3840.0,16632,307010,639577740.0,3841.0,9,3840.0,16
rb1805,20170908,20170907,210610000,3840.0,16632,307010,639577740.0,3841.0,18,3840.0,19
rb1805,20170908,20170907,210610500,3840.0,16658,306988,640576140.0,3841.0,20,3840.0,7
rb1805,20170908,20170907,210611000,3841.0,16664,306988,640806600.0,3841.0,17,3840.0,8
rb1805,20170908,20170907,210611500,3840.0,16666,306988,640883400.0,3841.0,19,3840.0,7
rb1805,20170908,20170907,210612000,3841.0,16682,306988,641497960.0,3841.0,11,3840.0,8
rb1805,20170908,20170907,210612500,3841.0,16682,306988,641497960.0,3841.0,11,3840.0,12
rb1805,20170908,20170907,210613000,3841.0,16692,306998,641882060.0,3841.0,8,3840.0,14
rb1805,20170908,20170907,210613500,3840.0,16716,307008,642803820.0,3842.0,47,3840.0,12
rb1805,20170908,20170907,210614000,3840.0,16720,307008,642957420.0,3842.0,47,3840.0,10
rb1805,20170908,20170907,210614500,3841.0,16722,307008,643034240.0,3842.0,47,3840.0,10
rb1805,20170908,20170907,210615000,3841.0,16722,307008,643034240.0,3841.0,4,3840.0,10
rb1805,20170908,20170907,210615500,3840.0,16728,307006,643264640.0,3841.0,5,3840.0,15
rb1805,20170908,20170907,210616000,3841.0,16740,307010,643725560.0,3842.0,47,3841.0,8
rb1805,20170908,20170907,210616500,3841.0,16740,307010,643725560.0,3841.0,50,3840.0,20
rb1805,20170908,20170907,210617000,3840.0,16744,307014,643879160.0,3841.0,76,3840.0,11
rb1805,20170908,20170907,210617500,3841.0,16748,307018,644032800.0,3841.0,74,3840.0,18
rb1805,20170908,20170907,210618000,3841.0,16896,307028,649717480.0,3842.0,24,3841.0,15
rb1805,20170908,20170907,210618500,3841.0,16898,307028,649794300.0,3841.0,1,3840.0,44
rb1805,20170908,20170907,210619000,3841.0,16904,307026,650024760.0,3842.0,22,3841.0,38
rb1805,20170908,20170907,210619500,3840.0,17000,307064,653712080.0,3842.0,16,3840.0,40
rb1805,20170908,20170907,210620000,3841.0,17004,307066,653865740.0,3842.0,15,3840.0,43
rb1805,20170908,20170907,210620500,3842.0,17006,307068,653942580.0,3842.0,15,3840.0,44
rb1805,20170908,20170907,210621000,3842.0,17006,307068,653942580.0,3841.0,1,3840.0,48
rb1805,20170908,20170907,210621500,3841.0,17008,307068,654019400.0,3842.0,15,3841.0,11
rb1805,20170908,20170907,210622000,3841.0,17014,307072,654249900.0,3842.0,16,3841.0,8
rb1805,20170908,20170907,210622500,3841.0,17018,307070,654403540.0,3842.0,17,3841.0,10
rb1805,20170908,20170907,210623000,3841.0,17018,307070,654403540.0,3842.0,22,3841.0,7
rb1805,20170908,20170907,210623500,3841.0,17036,307082,655094920.0,3842.0,23,3841.0,4
rb1805,20170908,20170907,210624000,3841.0,17046,307092,655479020.0,3842.0,23,3841.0,14
rb1805,20170908,20170907,210624500,3841.0,17056,307092,655863120.0,3842.0,28,3841.0,12
rb1805,20170908,20170907,210625000,3841.0,17056,307092,655863120.0,3842.0,28,3841.0,17
rb1805,20170908,20170907,210625500,3842.0,17114,307072,658091480.0,3843.0,203,3841.0,18
rb1805,20170908,20170907,210626000,3841.0,17116,307072,658168300.0,3843.0,203,3842.0,1
rb1805,20170908,20170907,210626500,3842.0,17122,307070,658398820.0,3843.0,190,3841.0,20
rb1805,20170908,20170907,210627000,3842.0,17122,307070,658398820.0,3842.0,19,3841.0,20
rb1805,20170908,20170907,210627500,3841.0,17162,307068,659935220.0,3842.0,22,3840.0,43
rb1805,20170908,20170907,210628000,3842.0,17164,307068,660012060.0,3842.0,26,3840.0,27
rb1805,20170908,20170907,210628500,3842.0,17164,307068,660012060.0,3841.0,1,3840.0,32
rb1805,20170908,20170907,210629000,3840.0,17174,307076,660396060.0,3841.0,3,3840.0,28
rb1805,20170908,20170907,210629500,3841.0,17186,307076,660856880.0,3841.0,8,3840.0,31
rb1805,20170908,20170907,210630000,3841.0,17188,307078,660933700.0,3841.0,12,3840.0,32
rb1805,20170908,20170907,210630500,3841.0,17256,307122,663544940.0,3841.0,7,3840.0,9
rb1805,20170908,20170907,210631000,3840.0,17284,307140,664620240.0,3840.0,15,3839.0,22
rb1805,20170908,20170907,210631500,3840.0,17284,307140,664620240.0,3840.0,16,3839.0,25
rb1805,20170908,20170907,210632000,3840.0,17292,307148,664927440.0,3840.0,12,3839.0,25
rb1805,20170908,20170907,210632500,3840.0,17300,307144,665234580.0,3840.0,14,3839.0,22
rb1805,20170908,20170907,210633000,3840.0,17300,307144,665234580.0,3840.0,14,3839.0,19
rb1805,20170908,20170907,210633500,3840.0,17300,307144,665234580.0,3840.0,34,3839.0,23
rb1805,20170908,20170907,210634000,3839.0,17328,307162,666309720.0,3840.0,24,3839.0,17
rb1805,20170908,20170907,210634500,3839.0,17328,307162,666309720.0,3840.0,24,3839.0,17
rb1805,20170908,20170907,210635000,3839.0,17332,307164,666463300.0,3840.0,23,3839.0,19
rb1805,20170908,20170907,210635500,3840.0,17338,307164,666693700.0,3840.0,20,3839.0,18
rb1805,20170908,20170907,210636000,3839.0,17344,307162,666924040.0,3840.0,20,3839.0,24
rb1805,20170908,20170907,210636500,3839.0,17354,307164,667308020.0,3840.0,16,3839.0,24
rb1805,20170908,20170907,210637000,3839.0,17366,307168,667768700.0,3840.0,16,3839.0,18
rb1805,20170908,20170907,210637500,3839.0,17368,307168,667845480.0,3840.0,16,3839.0,21
rb1805,20170908,20170907,210638000,3840.0,17378,307178,668229480.0,3840.0,11,3839.0,21
rb1805,20170908,20170907,210638500,3840.0,17378,307178,668229480.0,3840.0,11,3839.0,27
rb1805,20170908,20170907,210639000,3839.0,17392,307182,668766960.0,3840.0,10,3839.0,24
rb1805,20170908,20170907,210639500,3839.0,17400,307186,669074080.0,3840.0,11,3839.0,21
rb1805,20170908,20170907,210640000,3839.0,17400,307186,669074080.0,3840.0,11,3839.0,21
rb1805,20170908,20170907,210640500,3839.0,17428,307204,670149220.0,3841.0,6,3839.0,24
rb1805,20170908,20170907,210641000,3839.0,17428,307204,670149220.0,3841.0,3,3839.0,26
rb1805,20170908,20170907,210641500,3839.0,17438,307204,670533280.0,3841.0,1,3839.0,27
rb1805,20170908,20170907,210642000,3839.0,17458,307210,671301080.0,3841.0,1,3839.0,76
rb1805,20170908,20170907,210642500,3839.0,17464,307210,671531420.0,3840.0,1,3839.0,52
rb1805,20170908,20170907,210643000,3840.0,17470,307210,671761820.0,3841.0,1,3840.0,6
rb1805,20170908,20170907,210643500,3840.0,17484,307208,672299440.0,3842.0,15,3840.0,1
rb1805,20170908,20170907,210644000,3840.0,17484,307208,672299440.0,3841.0,16,3840.0,10
rb1805,20170908,20170907,210644500,3840.0,17486,307208,672376240.0,3841.0,17,3840.0,12
rb1805,20170908,20170907,210645000,3840.0,17488,307208,672453040.0,3841.0,17,3840.0,11
rb1805,20170908,20170907,210645500,3840.0,17488,307208,672453040.0,3841.0,17,3840.0,13
rb1805,20170908,20170907,210646000,3841.0,17500,307196,672913960.0,3841.0,14,3840.0,15
rb1805,20170908,20170907,210646500,3841.0,17502,307196,672990780.0,3841.0,19,3840.0,15
rb1805,20170908,20170907,210647000,3841.0,17502,307196,672990780.0,3841.0,24,3840.0,23
rb1805,20170908,20170907,210647500,3841.0,17502,307196,672990780.0,3841.0,25,3840.0,23
rb1805,20170908,20170907,210648000,3841.0,17502,307196,672990780.0,3841.0,21,3840.0,24
rb1805,20170908,20170907,210648500,3841.0,17502,307196,672990780.0,3841.0,21,3840.0,31
rb1805,20170908,20170907,210649000,3840.0,17512,307196,673374780.0,3841.0,21,3840.0,26
rb1805,20170908,20170907,210649500,3840.0,17516,307196,673528380.0,3841.0,21,3840.0,24
rb1805,20170908,20170907,210650000,3840.0,17548,307188,674757180.0,3841.0,23,3840.0,8
rb1805,20170908,20170907,210650500,3840.0,17602,307172,676830620.0,3840.0,40,3839.0,35
rb1805,20170908,20170907,210651000,3840.0,17604,307170,676907420.0,3840.0,39,3839.0,30
rb1805,20170908,20170907,210651500,3840.0,17604,307170,676907420.0,3840.0,40,3839.0,31
rb1805,20170908,20170907,210652000,3840.0,17608,307170,677061020.0,3840.0,43,3839.0,31
rb1805,20170908,20170907,210652500,3840.0,17608,307170,677061020.0,3840.0,49,3839.0,31
rb1805,20170908,20170907,210653000,3840.0,17614,307170,677291420.0,3840.0,42,3839.0,34
rb1805,20170908,20170907,210653500,3840.0,17614,307170,677291420.0,3840.0,42,3839.0,40
rb1805,20170908,20170907,210654000,3840.0,17614,307170,677291420.0,3840.0,42,3839.0,40
rb1805,20170908,20170907,210654500,3840.0,17616,307168,677368220.0,3840.0,61,3839.0,40
rb1805,20170908,20170907,210655000,3840.0,17616,307168,677368220.0,3840.0,60,3839.0,40
rb1805,20170908,20170907,210655500,3839.0,17656,307206,678903820.0,3840.0,60,3839.0,24
rb1805,20170908,20170907,210656000,3839.0,17656,307206,678903820.0,3840.0,64,3839.0,24
rb1805,20170908,20170907,210656500,3839.0,17698,307220,680516200.0,3840.0,64,3839.0,3
rb1805,20170908,20170907,210657000,3839.0,17702,307222,680669760.0,3840.0,66,3839.0,6
rb1805,20170908,20170907,210657500,3840.0,17704,307222,680746560.0,3840.0,65,3839.0,7
rb1805,20170908,20170907,210658000,3840.0,17706,307220,680823360.0,3840.0,64,3839.0,7
rb1805,20170908,20170907,210658500,3840.0,17710,307218,680976940.0,3840.0,64,3839.0,10
rb1805,20170908,20170907,210659000,3840.0,17714,307218,681130540.0,3840.0,62,3839.0,17
rb1805,20170908,20170907,210659500,3839.0,17716,307218,681207320.0,3840.0,62,3839.0,16
rb1805,20170908,20170907,210700000,3839.0,17718,307216,681284100.0,3840.0,62,3839.0,17
rb1805,20170908,20170907,210700500,3839.0,17724,307218,681514440.0,3840.0,62,3839.0,15
rb1805,20170908,20170907,210701000,3839.0,17724,307218,681514440.0,3840.0,62,3839.0,15
rb1805,20170908,20170907,210701500,3839.0,17734,307212,681898420.0,3840.0,58,3839.0,14
rb1805,20170908,20170907,210702000,3839.0,17738,307216,682051980.0,3840.0,61,3839.0,17
rb1805,20170908,20170907,210702500,3839.0,17738,307216,682051980.0,3840.0,61,3839.0,17
rb1805,20170908,20170907,210703000,3839.0,17740,307218,682128760.0,3840.0,61,3839.0,16
rb1805,20170908,20170907,210703500,3839.0,17750,307208,682512660.0,3840.0,61,3839.0,12
rb1805,20170908,20170907,210704000,3840.0,17754,307206,682666240.0,3840.0,60,3839.0,18
rb1805,20170908,20170907,210704500,3839.0,17762,307206,682973360.0,3840.0,60,3839.0,18
rb1805,20170908,20170907,210705000,3839.0,17770,307206,683280480.0,3840.0,60,3839.0,14
rb1805,20170908,20170907,210705500,3839.0,17790,307210,684048280.0,3840.0,61,3839.0,5
rb1805,20170908,20170907,210706000,3840.0,17802,307210,684509000.0,3840.0,60,3839.0,14
rb1805,20170908,20170907,210706500,3840.0,17802,307210,684509000.0,3840.0,60,3839.0,16
rb1805,20170908,20170907,210707000,3840.0,17804,307210,684585800.0,3840.0,79,3839.0,16
rb1805,20170908,20170907,210707500,3840.0,17842,307194,686044700.0,3840.0,76,3839.0,4
rb1805,20170908,20170907,210708000,3839.0,17856,307186,686582160.0,3839.0,5,3838.0,103
rb1805,20170908,20170907,210708500,3839.0,17898,307226,688194540.0,3839.0,29,3838.0,96
rb1805,20170908,20170907,210709000,3839.0,17902,307230,688348100.0,3839.0,30,3838.0,96
rb1805,20170908,20170907,210709500,3839.0,17902,307230,688348100.0,3839.0,35,3838.0,97
rb1805,20170908,20170907,210710000,3839.0,17908,307234,688578420.0,3839.0,35,3838.0,104
rb1805,20170908,20170907,210710500,3839.0,17910,307232,688655200.0,3839.0,34,3838.0,104
rb1805,20170908,20170907,210711000,3839.0,17910,307232,688655200.0,3839.0,34,3838.0,103
rb1805,20170908,20170907,210711500,3839.0,17912,307232,688731980.0,3839.0,33,3838.0,103
rb1805,20170908,20170907,210712000,3839.0,17912,307232,688731980.0,3839.0,29,3838.0,103
rb1805,20170908,20170907,210712500,3839.0,17916,307230,688885540.0,3839.0,25,3838.0,103
rb1805,20170908,20170907,210713000,3839.0,17966,307206,690805040.0,3840.0,80,3839.0,1
rb1805,20170908,20170907,210713500,3838.0,18034,307190,693414960.0,3839.0,15,3838.0,77
rb1805,20170908,20170907,210714000,3839.0,18042,307192,693722080.0,3839.0,11,3838.0,77
rb1805,20170908,20170907,210714500,3839.0,18064,307192,694566660.0,3840.0,80,3839.0,10
rb1805,20170908,20170907,210715000,3840.0,18074,307194,694950580.0,3840.0,80,3839.0,11
rb1805,20170908,20170907,210715500,3839.0,18080,307192,695180920.0,3840.0,84,3839.0,9
rb1805,20170908,20170907,210716000,3840.0,18084,307190,695334500.0,3840.0,83,3839.0,9
rb1805,20170908,20170907,210716500,3839.0,18086,307190,695411280.0,3840.0,83,3839.0,9
rb1805,20170908,20170907,210717000,3839.0,18086,307190,695411280.0,3840.0,83,3839.0,16
rb1805,20170908,20170907,210717500,3839.0,18086,307190,695411280.0,3840.0,79,3839.0,17
rb1805,20170908,20170907,210718000,3839.0,18088,307190,695488060.0,3840.0,79,3839.0,16
rb1805,20170908,20170907,210718500,3839.0,18088,307190,695488060.0,3840.0,81,3839.0,19
rb1805,20170908,20170907,210719000,3839.0,18088,307190,695488060.0,3840.0,83,3839.0,24
rb1805,20170908,20170907,210719500,3839.0,18090,307190,695564840.0,3840.0,83,3839.0,27
rb1805,20170908,20170907,210720000,3839.0,18090,307190,695564840.0,3840.0,83,3839.0,27
rb1805,20170908,20170907,210720500,3839.0,18090,307190,695564840.0,3840.0,83,3839.0,31
rb1805,20170908,20170907,210721000,3839.0,18094,307194,695718400.0,3840.0,84,3839.0,29
rb1805,20170908,20170907,210721500,3839.0,18096,307194,695795180.0,3840.0,85,3839.0,30
rb1805,20170908,20170907,210722000,3839.0,18100,307196,695948740.0,3840.0,85,3839.0,32
rb1805,20170908,20170907,210722500,3839.0,18100,307196,695948740.0,3840.0,85,3839.0,34
rb1805,20170908,20170907,210723000,3839.0,18102,307198,696025520.0,3840.0,85,3839.0,35
rb1805,20170908,20170907,210723500,3839.0,18102,307198,696025520.0,3840.0,85,3839.0,36
rb1805,20170908,20170907,210724000,3839.0,18102,307198,696025520.0,3840.0,85,3839.0,37
rb1805,20170908,20170907,210724500,3840.0,18104,307196,696102320.0,3840.0,84,3839.0,37
rb1805,20170908,20170907,210725000,3840.0,18104,307196,696102320.0,3840.0,79,3839.0,37
rb1805,20170908,20170907,210725500,3840.0,18104,307196,696102320.0,3840.0,79,3839.0,38
rb1805,20170908,20170907,210726000,3839.0,18106,307196,696179100.0,3840.0,129,3839.0,37
rb1805,20170908,20170907,210726500,3839.0,18110,307196,696332680.0,3840.0,129,3839.0,36
rb1805,20170908,20170907,210727000,3840.0,18112,307194,696409480.0,3840.0,128,3839.0,36
rb1805,20170908,20170907,210727500,3839.0,18172,307206,698713460.0,3840.0,99,3839.0,36
rb1805,20170908,20170907,210728000,3840.0,18370,307328,706316660.0,3841.0,6,3840.0,40
rb1805,20170908,20170907,210728500,3841.0,18378,307330,706623940.0,3841.0,2,3840.0,41
rb1805,20170908,20170907,210729000,3841.0,18384,307328,706854400.0,3842.0,53,3841.0,30
rb1805,20170908,20170907,210729500,3842.0,18406,307318,707699640.0,3842.0,33,3841.0,14
rb1805,20170908,20170907,210730000,3842.0,18416,307314,708083820.0,3842.0,29,3841.0,20
rb1805,20170908,20170907,210730500,3842.0,18444,307314,709159580.0,3842.0,15,3841.0,20
rb1805,20170908,20170907,210731000,3842.0,18444,307314,709159580.0,3842.0,19,3841.0,14
rb1805,20170908,20170907,210731500,3842.0,18444,307314,709159580.0,3842.0,21,3841.0,14
rb1805,20170908,20170907,210732000,3842.0,18444,307314,709159580.0,3842.0,21,3841.0,14
rb1805,20170908,20170907,210732500,3842.0,18444,307314,709159580.0,3842.0,21,3841.0,14
rb1805,20170908,20170907,210733000,3841.0,18472,307330,710235060.0,3842.0,21,3840.0,15
rb1805,20170908,20170907,210733500,3841.0,18472,307330,710235060.0,3842.0,22,3841.0,1
rb1805,20170908,20170907,210734000,3841.0,18476,307328,710388700.0,3841.0,5,3840.0,19
rb1805,20170908,20170907,210734500,3841.0,18476,307328,710388700.0,3841.0,4,3840.0,19
rb1805,20170908,20170907,210735000,3841.0,18494,307318,711080060.0,3842.0,19,3840.0,25
rb1805,20170908,20170907,210735500,3842.0,18498,307316,711233720.0,3842.0,18,3840.0,21
rb1805,20170908,20170907,210736000,3840.0,18500,307318,711310520.0,3842.0,25,3840.0,21
rb1805,20170908,20170907,210736500,3842.0,18502,307318,711387360.0,3842.0,25,3840.0,21
rb1805,20170908,20170907,210737000,3842.0,18520,307316,712078920.0,3841.0,7,3840.0,21
rb1805,20170908,20170907,210737500,3840.0,18562,307326,713691720.0,3840.0,28,3839.0,34
rb1805,20170908,20170907,210738000,3840.0,18562,307326,713691720.0,3840.0,28,3839.0,37
rb1805,20170908,20170907,210738500,3839.0,18642,307362,716762920.0,3840.0,29,3839.0,8
rb1805,20170908,20170907,210739000,3839.0,18662,307372,717530720.0,3839.0,23,3838.0,89
rb1805,20170908,20170907,210739500,3839.0,18662,307372,717530720.0,3839.0,13,3838.0,112
rb1805,20170908,20170907,210740000,3839.0,18688,307372,718528860.0,3840.0,29,3838.0,113
rb1805,20170908,20170907,210740500,3839.0,18688,307372,718528860.0,3840.0,29,3839.0,10
rb1805,20170908,20170907,210741000,3840.0,18694,307370,718759260.0,3840.0,26,3839.0,10
rb1805,20170908,20170907,210741500,3840.0,18694,307370,718759260.0,3840.0,7,3839.0,16
rb1805,20170908,20170907,210742000,3840.0,18708,307358,719296860.0,3841.0,10,3839.0,40
rb1805,20170908,20170907,210742500,3840.0,18708,307358,719296860.0,3841.0,11,3840.0,1
rb1805,20170908,20170907,210743000,3840.0,18708,307358,719296860.0,3841.0,11,3840.0,1
rb1805,20170908,20170907,210743500,3841.0,18714,307358,719527300.0,3841.0,9,3839.0,22
rb1805,20170908,20170907,210744000,3841.0,18714,307358,719527300.0,3841.0,12,3839.0,46
rb1805,20170908,20170907,210744500,3841.0,18714,307358,719527300.0,3841.0,14,3840.0,1
rb1805,20170908,20170907,210745000,3841.0,18714,307358,719527300.0,3841.0,15,3840.0,8
rb1805,20170908,20170907,210745500,3841.0,18714,307358,719527300.0,3841.0,15,3840.0,22
rb1805,20170908,20170907,210746000,3841.0,18714,307358,719527300.0,3841.0,11,3840.0,24
rb1805,20170908,20170907,210746500,3840.0,18720,307354,719757700.0,3841.0,15,3840.0,25
rb1805,20170908,20170907,210747000,3841.0,18730,307360,720141800.0,3841.0,10,3840.0,25
rb1805,20170908,20170907,210747500,3841.0,18748,307358,720833180.0,3841.0,2,3840.0,31
rb1805,20170908,20170907,210748000,3842.0,18756,307360,721140480.0,3842.0,36,3841.0,15
rb1805,20170908,20170907,210748500,3842.0,18756,307360,721140480.0,3842.0,27,3841.0,10
rb1805,20170908,20170907,210749000,3842.0,18756,307360,721140480.0,3842.0,26,3841.0,17
rb1805,20170908,20170907,210749500,3841.0,18760,307360,721294120.0,3842.0,26,3841.0,20
rb1805,20170908,20170907,210750000,3841.0,18760,307360,721294120.0,3842.0,27,3841.0,20
rb1805,20170908,20170907,210750500,3841.0,18760,307360,721294120.0,3842.0,27,3841.0,20
rb1805,20170908,20170907,210751000,3841.0,18760,307360,721294120.0,3842.0,27,3841.0,20
rb1805,20170908,20170907,210751500,3841.0,18760,307360,721294120.0,3842.0,27,3841.0,20
rb1805,20170908,20170907,210752000,3841.0,18760,307360,721294120.0,3842.0,28,3841.0,20
rb1805,20170908,20170907,210752500,3841.0,18762,307360,721370940.0,3842.0,29,3841.0,20
rb1805,20170908,20170907,210753000,3841.0,18762,307360,721370940.0,3842.0,29,3841.0,20
rb1805,20170908,20170907,210753500,3842.0,18764,307362,721447780.0,3842.0,28,3841.0,20
rb1805,20170908,20170907,210754000,3842.0,18764,307362,721447780.0,3842.0,28,3841.0,20
rb1805,20170908,20170907,210754500,3841.0,18770,307356,721678240.0,3842.0,28,3841.0,11
rb1805,20170908,20170907,210755000,3841.0,18770,307356,721678240.0,3842.0,23,3841.0,11
rb1805,20170908,20170907,210755500,3841.0,18770,307356,721678240.0,3842.0,23,3841.0,11
rb1805,20170908,20170907,210756000,3842.0,18772,307358,721755080.0,3842.0,22,3841.0,11
rb1805,20170908,20170907,210756500,3842.0,18772,307358,721755080.0,3842.0,22,3841.0,18
rb1805,20170908,20170907,210757000,3842.0,18774,307358,721831920.0,3842.0,21,3841.0,25
rb1805,20170908,20170907,210757500,3841.0,18798,307344,722753760.0,3842.0,21,3841.0,20
rb1805,20170908,20170907,210758000,3841.0,18800,307342,722830580.0,3842.0,21,3841.0,19
rb1805,20170908,20170907,210758500,3841.0,18800,307342,722830580.0,3842.0,20,3841.0,20
rb1805,20170908,20170907,210759000,3841.0,18800,307342,722830580.0,3842.0,20,3841.0,20
rb1805,20170908,20170907,210759500,3841.0,18806,307342,723061040.0,3842.0,20,3841.0,13
rb1805,20170908,20170907,210800000,3841.0,18810,307340,723214680.0,3842.0,20,3841.0,11
rb1805,20170908,20170907,210800500,3842.0,18812,307340,723291520.0,3842.0,20,3841.0,13
rb1805,20170908,20170907,210801000,3841.0,18814,307340,723368340.0,3842.0,20,3841.0,12
rb1805,20170908,20170907,210801500,3841.0,18814,307340,723368340.0,3842.0,20,3841.0,14
rb1805,20170908,20170907,210802000,3841.0,18814,307340,723368340.0,3842.0,20,3841.0,14
rb1805,20170908,20170907,210802500,3842.0,18816,307340,723445180.0,3842.0,19,3841.0,14
rb1805,20170908,20170907,210803000,3842.0,18816,307340,723445180.0,3842.0,19,3841.0,14
rb1805,20170908,20170907,210803500,3842.0,18816,307340,723445180.0,3842.0,19,3841.0,14
rb1805,20170908,20170907,210804000,3842.0,18816,307340,723445180.0,3842.0,19,3841.0,14
rb1805,20170908,20170907,210804500,3842.0,18816,307340,723445180.0,3842.0,19,3841.0,14
rb1805,20170908,20170907,210805000,3841.0,18846,307338,724597500.0,3841.0,8,3840.0,28
rb1805,20170908,20170907,210805500,3841.0,18848,307338,724674320.0,3841.0,7,3840.0,27
rb1805,20170908,20170907,210806000,3841.0,18848,307338,724674320.0,3841.0,8,3840.0,27
rb1805,20170908,20170907,210806500,3840.0,18854,307340,724904740.0,3841.0,12,3840.0,22
rb1805,20170908,20170907,210807000,3841.0,18856,307338,724981560.0,3841.0,11,3840.0,26
rb1805,20170908,20170907,210807500,3841.0,18856,307338,724981560.0,3841.0,12,3840.0,26
rb1805,20170908,20170907,210808000,3841.0,18856,307338,724981560.0,3841.0,13,3840.0,26
rb1805,20170908,20170907,210808500,3841.0,18866,307328,725365660.0,3841.0,14,3840.0,21
rb1805,20170908,20170907,210809000,3841.0,18866,307328,725365660.0,3841.0,16,3840.0,21
rb1805,20170908,20170907,210809500,3840.0,18926,307352,727669660.0,3840.0,5,3839.0,15
rb1805,20170908,20170907,210810000,3839.0,18950,307340,728591040.0,3839.0,14,3838.0,94
rb1805,20170908,20170907,210810500,3839.0,18954,307338,728744600.0,3839.0,12,3838.0,116
rb1805,20170908,20170907,210811000,3838.0,18956,307336,728821360.0,3839.0,12,3838.0,114
rb1805,20170908,20170907,210811500,3838.0,18982,307314,729819480.0,3840.0,10,3838.0,113
rb1805,20170908,20170907,210812000,3838.0,18982,307314,729819480.0,3840.0,10,3839.0,9
rb1805,20170908,20170907,210812500,3838.0,18982,307314,729819480.0,3840.0,12,3839.0,9
rb1805,20170908,20170907,210813000,3839.0,18984,307314,729896260.0,3840.0,12,3839.0,8
rb1805,20170908,20170907,210813500,3839.0,18986,307314,729973040.0,3840.0,13,3839.0,7
rb1805,20170908,20170907,210814000,3839.0,18986,307314,729973040.0,3840.0,6,3839.0,7
rb1805,20170908,20170907,210814500,3839.0,18988,307316,730049820.0,3840.0,6,3839.0,6
rb1805,20170908,20170907,210815000,3839.0,18988,307316,730049820.0,3840.0,31,3839.0,6
rb1805,20170908,20170907,210815500,3839.0,19000,307322,730510500.0,3839.0,10,3838.0,94
rb1805,20170908,20170907,210816000,3839.0,19002,307322,730587280.0,3839.0,3,3838.0,115
rb1805,20170908,20170907,210816500,3839.0,19012,307322,730971180.0,3840.0,31,3839.0,4
rb1805,20170908,20170907,210817000,3839.0,19022,307326,731355080.0,3839.0,15,3838.0,94
rb1805,20170908,20170907,210817500,3839.0,19022,307326,731355080.0,3839.0,11,3838.0,94
rb1805,20170908,20170907,210818000,3839.0,19022,307326,731355080.0,3839.0,17,3838.0,116
rb1805,20170908,20170907,210818500,3839.0,19028,307328,731585400.0,3839.0,13,3838.0,92
rb1805,20170908,20170907,210819000,3839.0,19032,307332,731738940.0,3839.0,29,3838.0,91
rb1805,20170908,20170907,210819500,3838.0,19088,307350,733888220.0,3839.0,131,3838.0,63
rb1805,20170908,20170907,210820000,3838.0,19120,307318,735116380.0,3839.0,32,3838.0,52
rb1805,20170908,20170907,210820500,3838.0,19216,307264,738800880.0,3839.0,30,3838.0,5
rb1805,20170908,20170907,210821000,3838.0,19230,307264,739338200.0,3838.0,11,3837.0,24
rb1805,20170908,20170907,210821500,3838.0,19272,307284,740949760.0,3838.0,2,3837.0,26
rb1805,20170908,20170907,210822000,3837.0,19278,307280,741179980.0,3838.0,1,3837.0,23
rb1805,20170908,20170907,210822500,3837.0,19314,307254,742561300.0,3838.0,1,3837.0,6
rb1805,20170908,20170907,210823000,3837.0,19330,307244,743175220.0,3837.0,4,3836.0,44
rb1805,20170908,20170907,210823500,3837.0,19338,307248,743482180.0,3837.0,2,3836.0,44
rb1805,20170908,20170907,210824000,3838.0,19362,307262,744403080.0,3838.0,20,3837.0,5
rb1805,20170908,20170907,210824500,3838.0,19394,307244,745631220.0,3838.0,5,3837.0,5
rb1805,20170908,20170907,210825000,3837.0,19402,307244,745938220.0,3838.0,3,3837.0,5
rb1805,20170908,20170907,210825500,3838.0,19404,307244,746014980.0,3838.0,2,3837.0,9
rb1805,20170908,20170907,210826000,3838.0,19404,307244,746014980.0,3838.0,2,3837.0,9
rb1805,20170908,20170907,210826500,3839.0,19420,307242,746628980.0,3839.0,36,3837.0,5
rb1805,20170908,20170907,210827000,3837.0,19424,307244,746782460.0,3838.0,18,3837.0,3
rb1805,20170908,20170907,210827500,3837.0,19424,307244,746782460.0,3838.0,19,3837.0,3
rb1805,20170908,20170907,210828000,3838.0,19470,307210,748547820.0,3838.0,10,3836.0,68
rb1805,20170908,20170907,210828500,3838.0,19474,307214,748701340.0,3838.0,8,3837.0,1
rb1805,20170908,20170907,210829000,3838.0,19474,307214,748701340.0,3838.0,10,3837.0,1
rb1805,20170908,20170907,210829500,3837.0,19522,307242,750543500.0,3839.0,35,3837.0,2
rb1805,20170908,20170907,210830000,3838.0,19524,307242,750620260.0,3839.0,35,3837.0,3
rb1805,20170908,20170907,210830500,3837.0,19526,307244,750697000.0,3838.0,2,3837.0,10
rb1805,20170908,20170907,210831000,3837.0,19526,307244,750697000.0,3838.0,3,3837.0,15
rb1805,20170908,20170907,210831500,3837.0,19526,307244,750697000.0,3838.0,3,3837.0,16
rb1805,20170908,20170907,210832000,3838.0,19530,307246,750850520.0,3838.0,1,3837.0,18
rb1805,20170908,20170907,210832500,3838.0,19538,307248,751157500.0,3839.0,18,3837.0,19
rb1805,20170908,20170907,210833000,3837.0,19568,307274,752308640.0,3839.0,17,3838.0,1
rb1805,20170908,20170907,210833500,3838.0,19572,307274,752462160.0,3839.0,19,3838.0,12
rb1805,20170908,20170907,210834000,3838.0,19574,307274,752538920.0,3839.0,15,3838.0,18
rb1805,20170908,20170907,210834500,3840.0,19618,307264,754228100.0,3840.0,43,3838.0,24
rb1805,20170908,20170907,210835000,3838.0,19660,307286,755840060.0,3838.0,30,3837.0,37
rb1805,20170908,20170907,210835500,3838.0,19726,307286,758373140.0,3840.0,63,3837.0,7
rb1805,20170908,20170907,210836000,3838.0,19726,307286,758373140.0,3839.0,1,3838.0,64
rb1805,20170908,20170907,210836500,3841.0,19798,307328,761138360.0,3842.0,26,3841.0,65
rb1805,20170908,20170907,210837000,3838.0,19948,307366,766899420.0,3840.0,48,3838.0,96
rb1805,20170908,20170907,210837500,3840.0,19950,307364,766976220.0,3840.0,47,3838.0,79
rb1805,20170908,20170907,210838000,3839.0,19960,307374,767360120.0,3839.0,1,3838.0,73
rb1805,20170908,20170907,210838500,3839.0,19962,307376,767436900.0,3840.0,47,3839.0,37
rb1805,20170908,20170907,210839000,3839.0,19964,307374,767513680.0,3840.0,47,3839.0,15
rb1805,20170908,20170907,210839500,3840.0,20004,307334,769049680.0,3840.0,28,3839.0,5
rb1805,20170908,20170907,210840000,3839.0,20010,307332,769280040.0,3840.0,33,3839.0,3
rb1805,20170908,20170907,210840500,3839.0,20012,307334,769356820.0,3840.0,33,3839.0,10
rb1805,20170908,20170907,210841000,3839.0,20016,307334,769510380.0,3840.0,39,3839.0,8
rb1805,20170908,20170907,210841500,3839.0,20016,307334,769510380.0,3840.0,39,3839.0,19
rb1805,20170908,20170907,210842000,3839.0,20016,307334,769510380.0,3840.0,39,3839.0,19
rb1805,20170908,20170907,210842500,3839.0,20022,307334,769740720.0,3840.0,40,3839.0,19
rb1805,20170908,20170907,210843000,3839.0,20022,307334,769740720.0,3840.0,38,3839.0,19
rb1805,20170908,20170907,210843500,3839.0,20022,307334,769740720.0,3840.0,39,3839.0,19
rb1805,20170908,20170907,210844000,3839.0,20030,307334,770047840.0,3840.0,39,3839.0,16
rb1805,20170908,20170907,210844500,3839.0,20030,307334,770047840.0,3840.0,40,3839.0,16
rb1805,20170908,20170907,210845000,3839.0,20030,307334,770047840.0,3840.0,40,3839.0,16
rb1805,20170908,20170907,210845500,3840.0,20032,307332,770124640.0,3840.0,39,3839.0,17
rb1805,20170908,20170907,210846000,3839.0,20034,307332,770201420.0,3840.0,41,3839.0,16
rb1805,20170908,20170907,210846500,3839.0,20034,307332,770201420.0,3840.0,42,3839.0,16
rb1805,20170908,20170907,210847000,3840.0,20036,307332,770278220.0,3840.0,42,3839.0,17
rb1805,20170908,20170907,210847500,3840.0,20036,307332,770278220.0,3840.0,42,3839.0,18
rb1805,20170908,20170907,210848000,3840.0,20036,307332,770278220.0,3840.0,42,3839.0,18
rb1805,20170908,20170907,210848500,3840.0,20052,307316,770892500.0,3840.0,40,3839.0,12
rb1805,20170908,20170907,210849000,3839.0,20054,307316,770969280.0,3840.0,45,3839.0,11
rb1805,20170908,20170907,210849500,3840.0,20058,307312,771122860.0,3840.0,44,3839.0,13
rb1805,20170908,20170907,210850000,3839.0,20086,307318,772197780.0,3839.0,12,3838.0,71
rb1805,20170908,20170907,210850500,3839.0,20088,307318,772274560.0,3839.0,37,3838.0,66
rb1805,20170908,20170907,210851000,3838.0,20092,307318,772428100.0,3839.0,43,3838.0,29
rb1805,20170908,20170907,210851500,3838.0,20150,307352,774654140.0,3838.0,28,3837.0,63
rb1805,20170908,20170907,210852000,3838.0,20182,307330,775882020.0,3838.0,28,3837.0,19
rb1805,20170908,20170907,210852500,3838.0,20182,307330,775882020.0,3838.0,28,3837.0,19
rb1805,20170908,20170907,210853000,3837.0,20220,307344,777340080.0,3837.0,45,3836.0,73
rb1805,20170908,20170907,210853500,3836.0,20260,307318,778874500.0,3837.0,47,3836.0,55
rb1805,20170908,20170907,210854000,3836.0,20326,307304,781406260.0,3837.0,47,3836.0,22
rb1805,20170908,20170907,210854500,3836.0,20370,307334,783094100.0,3836.0,18,3835.0,99
rb1805,20170908,20170907,210855000,3835.0,20388,307328,783784400.0,3836.0,60,3835.0,88
rb1805,20170908,20170907,210855500,3835.0,20464,307274,786699060.0,3836.0,57,3835.0,53
rb1805,20170908,20170907,210856000,3835.0,20514,307316,788616960.0,3836.0,37,3835.0,48
rb1805,20170908,20170907,210856500,3836.0,20524,307320,789000520.0,3836.0,34,3835.0,46
rb1805,20170908,20170907,210857000,3835.0,20536,307316,789460720.0,3836.0,34,3835.0,40
rb1805,20170908,20170907,210857500,3835.0,20558,307334,790304420.0,3836.0,34,3835.0,39
rb1805,20170908,20170907,210858000,3836.0,20706,307404,795980920.0,3837.0,19,3836.0,167
rb1805,20170908,20170907,210858500,3835.0,21100,307408,811093640.0,3836.0,23,3834.0,85
rb1805,20170908,20170907,210859000,3836.0,21106,307412,811323760.0,3835.0,1,3834.0,85
rb1805,20170908,20170907,210859500,3835.0,21118,307414,811784020.0,3837.0,24,3835.0,1
rb1805,20170908,20170907,210900000,3837.0,21120,307412,811860760.0,3837.0,23,3836.0,3
rb1805,20170908,20170907,210900500,3835.0,21148,307428,812934760.0,3837.0,23,3835.0,44
rb1805,20170908,20170907,210901000,3835.0,21360,307428,821063960.0,3835.0,5,3834.0,31
rb1805,20170908,20170907,210901500,3835.0,21370,307428,821447460.0,3836.0,7,3835.0,49
rb1805,20170908,20170907,210902000,3834.0,21482,307460,825743020.0,3836.0,1,3835.0,20
rb1805,20170908,20170907,210902500,3836.0,21562,307460,828811820.0,3837.0,8,3836.0,12
rb1805,20170908,20170907,210903000,3837.0,21598,307464,830193140.0,3838.0,9,3837.0,12
rb1805,20170908,20170907,210903500,3837.0,21610,307470,830653620.0,3838.0,5,3837.0,18
rb1805,20170908,20170907,210904000,3837.0,21662,307496,832649100.0,3838.0,1,3837.0,19
rb1805,20170908,20170907,210904500,3837.0,21688,307490,833646840.0,3839.0,14,3837.0,13
rb1805,20170908,20170907,210905000,3837.0,21714,307474,834644460.0,3838.0,5,3836.0,36
rb1805,20170908,20170907,210905500,3838.0,21720,307478,834874700.0,3838.0,13,3836.0,39
rb1805,20170908,20170907,210906000,3838.0,21720,307478,834874700.0,3838.0,14,3836.0,42
rb1805,20170908,20170907,210906500,3837.0,21724,307482,835028160.0,3838.0,28,3836.0,41
rb1805,20170908,20170907,210907000,3837.0,21724,307482,835028160.0,3838.0,28,3837.0,2
rb1805,20170908,20170907,210907500,3837.0,21732,307480,835335120.0,3837.0,11,3836.0,33
rb1805,20170908,20170907,210908000,3837.0,21752,307486,836102520.0,3838.0,52,3837.0,42
rb1805,20170908,20170907,210908500,3837.0,21792,307510,837637320.0,3838.0,52,3837.0,24
rb1805,20170908,20170907,210909000,3836.0,21842,307536,839555800.0,3837.0,53,3836.0,44
rb1805,20170908,20170907,210909500,3837.0,21848,307538,839786020.0,3837.0,59,3836.0,44
rb1805,20170908,20170907,210910000,3837.0,21848,307538,839786020.0,3837.0,61,3836.0,32
rb1805,20170908,20170907,210910500,3837.0,21880,307552,841013580.0,3837.0,59,3836.0,18
rb1805,20170908,20170907,210911000,3836.0,21916,307582,842394540.0,3836.0,1,3835.0,60
rb1805,20170908,20170907,210911500,3836.0,21918,307584,842471260.0,3836.0,17,3835.0,53
rb1805,20170908,20170907,210912000,3835.0,22024,307670,846536420.0,3836.0,14,3835.0,2
rb1805,20170908,20170907,210912500,3836.0,22044,307678,847303620.0,3836.0,7,3835.0,2
rb1805,20170908,20170907,210913000,3835.0,22050,307676,847533740.0,3836.0,11,3834.0,31
rb1805,20170908,20170907,210913500,3835.0,22056,307678,847763840.0,3835.0,1,3834.0,57
rb1805,20170908,20170907,210914000,3835.0,22060,307678,847917240.0,3836.0,16,3835.0,1
rb1805,20170908,20170907,210914500,3835.0,22068,307680,848224100.0,3836.0,8,3834.0,67
rb1805,20170908,20170907,210915000,3836.0,22076,307684,848530920.0,3836.0,7,3834.0,70
rb1805,20170908,20170907,210915500,3835.0,22080,307680,848684340.0,3836.0,8,3835.0,55
rb1805,20170908,20170907,210916000,3835.0,22080,307680,848684340.0,3836.0,10,3835.0,56
rb1805,20170908,20170907,210916500,3835.0,22104,307678,849604940.0,3837.0,29,3835.0,61
rb1805,20170908,20170907,210917000,3835.0,22104,307678,849604940.0,3837.0,22,3835.0,68
rb1805,20170908,20170907,210917500,3835.0,22106,307676,849681640.0,3837.0,11,3836.0,2
rb1805,20170908,20170907,210918000,3835.0,22116,307676,850065140.0,3837.0,11,3835.0,90
rb1805,20170908,20170907,210918500,3837.0,22140,307676,850986020.0,3838.0,71,3837.0,3
rb1805,20170908,20170907,210919000,3838.0,22144,307674,851139520.0,3838.0,70,3837.0,1
rb1805,20170908,20170907,210919500,3837.0,22146,307674,851216260.0,3837.0,1,3836.0,16
rb1805,20170908,20170907,210920000,3837.0,22160,307672,851753440.0,3838.0,70,3837.0,5
rb1805,20170908,20170907,210920500,3837.0,22162,307672,851830180.0,3838.0,72,3837.0,6
rb1805,20170908,20170907,210921000,3837.0,22164,307672,851906920.0,3838.0,74,3837.0,7
rb1805,20170908,20170907,210921500,3837.0,22168,307670,852060400.0,3838.0,74,3837.0,6
rb1805,20170908,20170907,210922000,3837.0,22170,307670,852137140.0,3838.0,74,3837.0,6
rb1805,20170908,20170907,210922500,3837.0,22170,307670,852137140.0,3838.0,74,3837.0,6
rb1805,20170908,20170907,210923000,3838.0,22176,307666,852367400.0,3838.0,72,3837.0,10
rb1805,20170908,20170907,210923500,3838.0,22180,307668,852520920.0,3838.0,70,3837.0,10
rb1805,20170908,20170907,210924000,3838.0,22220,307680,854056100.0,3838.0,51,3837.0,26
rb1805,20170908,20170907,210924500,3838.0,22324,307682,858047620.0,3839.0,40,3837.0,60
rb1805,20170908,20170907,210925000,3838.0,22330,307682,858277900.0,3839.0,40,3837.0,72
rb1805,20170908,20170907,210925500,3838.0,22330,307682,858277900.0,3839.0,42,3838.0,2
rb1805,20170908,20170907,210926000,3838.0,22330,307682,858277900.0,3839.0,40,3838.0,11
rb1805,20170908,20170907,210926500,3838.0,22330,307682,858277900.0,3839.0,40,3838.0,11
rb1805,20170908,20170907,210927000,3839.0,22332,307682,858354680.0,3839.0,43,3838.0,14
rb1805,20170908,20170907,210927500,3839.0,22338,307676,858585020.0,3839.0,40,3838.0,14
rb1805,20170908,20170907,210928000,3838.0,22340,307674,858661780.0,3839.0,46,3838.0,13
rb1805,20170908,20170907,210928500,3839.0,22344,307670,858815340.0,3839.0,44,3838.0,21
rb1805,20170908,20170907,210929000,3839.0,22344,307670,858815340.0,3839.0,44,3838.0,28
rb1805,20170908,20170907,210929500,3838.0,22376,307646,860043520.0,3839.0,43,3838.0,13
rb1805,20170908,20170907,210930000,3839.0,22378,307644,860120300.0,3839.0,42,3838.0,10
rb1805,20170908,20170907,210930500,3839.0,22380,307642,860197080.0,3839.0,42,3838.0,8
rb1805,20170908,20170907,210931000,3839.0,22400,307656,860964720.0,3839.0,40,3837.0,63
rb1805,20170908,20170907,210931500,3839.0,22406,307656,861195060.0,3839.0,38,3837.0,63
rb1805,20170908,20170907,210932000,3839.0,22408,307658,861271840.0,3839.0,37,3837.0,63
rb1805,20170908,20170907,210932500,3839.0,22410,307658,861348620.0,3839.0,37,3837.0,62
rb1805,20170908,20170907,210933000,3839.0,22410,307658,861348620.0,3839.0,38,3837.0,65
rb1805,20170908,20170907,210933500,3839.0,22418,307652,861655740.0,3839.0,33,3838.0,13
rb1805,20170908,20170907,210934000,3839.0,22424,307654,861886080.0,3839.0,30,3838.0,31
rb1805,20170908,20170907,210934500,3839.0,22430,307658,862116380.0,3839.0,60,3838.0,41
rb1805,20170908,20170907,210935000,3838.0,22432,307660,862193140.0,3839.0,60,3838.0,38
rb1805,20170908,20170907,210935500,3838.0,22432,307660,862193140.0,3839.0,60,3838.0,33
rb1805,20170908,20170907,210936000,3839.0,22442,307670,862577040.0,3839.0,54,3838.0,38
rb1805,20170908,20170907,210936500,3839.0,22442,307670,862577040.0,3839.0,55,3838.0,33
rb1805,20170908,20170907,210937000,3839.0,22442,307670,862577040.0,3839.0,55,3838.0,34
rb1805,20170908,20170907,210937500,3839.0,22452,307676,862960940.0,3839.0,50,3838.0,34
rb1805,20170908,20170907,210938000,3839.0,22452,307676,862960940.0,3839.0,51,3838.0,34
rb1805,20170908,20170907,210938500,3839.0,22452,307676,862960940.0,3839.0,51,3838.0,36
