instrument,tradingday,calendarday,time,lastp,volume,openinterest,turnover,ask1,asksz1,bid1,bidsz1
rb1805,20171215,20171214,205900500,3782.0,3458,2756020,130781560.0,3782.0,434,3781.0,102
rb1805,20171215,20171214,210000500,3782.0,5236,2755012,198022360.0,3783.0,529,3782.0,370
rb1805,20171215,20171214,210001000,3780.0,7222,2754150,273125020.0,3782.0,137,3780.0,355
rb1805,20171215,20171214,210001500,3781.0,8366,2754206,316379120.0,3782.0,85,3781.0,9
rb1805,20171215,20171214,210002000,3780.0,9328,2754488,352750200.0,3781.0,332,3780.0,77
rb1805,20171215,20171214,210002500,3780.0,10346,2755232,391226140.0,3780.0,119,3779.0,43
rb1805,20171215,20171214,210003000,3779.0,11022,2755274,416771900.0,3779.0,47,3778.0,322
rb1805,20171215,20171214,210003500,3779.0,12254,2755724,463325460.0,3779.0,1,3777.0,90
rb1805,20171215,20171214,210004000,3777.0,12450,2755736,470729500.0,3778.0,1,3777.0,55
rb1805,20171215,20171214,210004500,3780.0,13040,2755718,493021380.0,3780.0,331,3778.0,88
rb1805,20171215,20171214,210005000,3778.0,13318,2755670,503525900.0,3779.0,5,3778.0,99
rb1805,20171215,20171214,210005500,3779.0,13590,2755674,513803680.0,3779.0,22,3778.0,132
rb1805,20171215,20171214,210006000,3779.0,14190,2755784,536474580.0,3778.0,3,3777.0,26
rb1805,20171215,20171214,210006500,3778.0,14420,2755882,545165140.0,3780.0,291,3778.0,80
rb1805,20171215,20171214,210007000,3778.0,15120,2755948,571619860.0,3780.0,105,3779.0,2
rb1805,20171215,20171214,210007500,3779.0,15308,2755972,578723320.0,3779.0,31,3778.0,11
rb1805,20171215,20171214,210008000,3779.0,15890,2755640,600712860.0,3780.0,108,3779.0,3
rb1805,20171215,20171214,210008500,3779.0,16064,2755730,607288080.0,3780.0,74,3778.0,12
rb1805,20171215,20171214,210009000,3779.0,16336,2755720,617568380.0,3780.0,1,3779.0,30
rb1805,20171215,20171214,210009500,3781.0,16462,2755722,622331400.0,3781.0,386,3780.0,12
rb1805,20171215,20171214,210010000,3780.0,16608,2755736,627849920.0,3781.0,371,3780.0,48
rb1805,20171215,20171214,210010500,3780.0,16888,2755780,638436200.0,3781.0,252,3780.0,91
rb1805,20171215,20171214,210011000,3780.0,17138,2755926,647887180.0,3781.0,203,3780.0,35
rb1805,20171215,20171214,210011500,3781.0,17220,2755988,650987320.0,3781.0,176,3780.0,387
rb1805,20171215,20171214,210012000,3781.0,17798,2756362,672841500.0,3782.0,62,3781.0,69
rb1805,20171215,20171214,210012500,3781.0,18240,2756100,689560500.0,3783.0,365,3782.0,107
rb1805,20171215,20171214,210013000,3782.0,18346,2756062,693569940.0,3783.0,345,3782.0,184
rb1805,20171215,20171214,210013500,3783.0,18708,2756052,707261120.0,3783.0,332,3782.0,43
rb1805,20171215,20171214,210014000,3784.0,19804,2755260,748722520.0,3784.0,548,3783.0,67
rb1805,20171215,20171214,210014500,3784.0,20828,2754500,787470360.0,3784.0,53,3783.0,175
rb1805,20171215,20171214,210015000,3784.0,21080,2754644,797006080.0,3785.0,763,3784.0,95
rb1805,20171215,20171214,210015500,3785.0,21440,2754366,810630760.0,3785.0,666,3784.0,10
rb1805,20171215,20171214,210016000,3785.0,21648,2754254,818503000.0,3785.0,591,3784.0,309
rb1805,20171215,20171214,210016500,3784.0,21858,2754106,826450720.0,3785.0,529,3784.0,288
rb1805,20171215,20171214,210017000,3785.0,22254,2753844,841436040.0,3785.0,497,3784.0,136
rb1805,20171215,20171214,210017500,3784.0,22356,2753792,845295940.0,3785.0,485,3784.0,107
rb1805,20171215,20171214,210018000,3784.0,22478,2753724,849912960.0,3785.0,479,3784.0,72
rb1805,20171215,20171214,210018500,3785.0,22696,2753688,858162800.0,3784.0,25,3783.0,301
rb1805,20171215,20171214,210019000,3785.0,23184,2753720,876630260.0,3784.0,21,3783.0,292
rb1805,20171215,20171214,210019500,3783.0,23340,2753678,882532600.0,3784.0,51,3783.0,260
rb1805,20171215,20171214,210020000,3784.0,23726,2753652,897137680.0,3784.0,41,3783.0,205
rb1805,20171215,20171214,210020500,3784.0,23884,2753656,903116460.0,3785.0,533,3784.0,55
rb1805,20171215,20171214,210021000,3784.0,24056,2753704,909624580.0,3784.0,88,3783.0,186
rb1805,20171215,20171214,210021500,3783.0,24486,2753608,925891560.0,3783.0,15,3782.0,47
rb1805,20171215,20171214,210022000,3783.0,24526,2753610,927404620.0,3783.0,385,3782.0,85
rb1805,20171215,20171214,210022500,3782.0,24786,2753464,937238340.0,3783.0,212,3782.0,21
rb1805,20171215,20171214,210023000,3783.0,24940,2753502,943063940.0,3783.0,150,3782.0,11
rb1805,20171215,20171214,210023500,3783.0,25008,2753524,945636340.0,3783.0,121,3782.0,9
rb1805,20171215,20171214,210024000,3783.0,25050,2753528,947224880.0,3783.0,122,3782.0,46
rb1805,20171215,20171214,210024500,3782.0,25096,2753540,948964820.0,3783.0,111,3782.0,16
rb1805,20171215,20171214,210025000,3782.0,25158,2753588,951310160.0,3783.0,95,3782.0,53
rb1805,20171215,20171214,210025500,3782.0,25250,2753632,954790120.0,3783.0,70,3782.0,71
rb1805,20171215,20171214,210026000,3783.0,25556,2753536,966363660.0,3783.0,109,3782.0,28
rb1805,20171215,20171214,210026500,3782.0,25650,2753546,969919060.0,3782.0,173,3781.0,281
rb1805,20171215,20171214,210027000,3782.0,25788,2753554,975138160.0,3782.0,151,3781.0,276
rb1805,20171215,20171214,210027500,3782.0,25952,2753616,981339840.0,3782.0,126,3781.0,237
rb1805,20171215,20171214,210028000,3782.0,26214,2753726,991248000.0,3782.0,31,3781.0,207
rb1805,20171215,20171214,210028500,3783.0,26302,2753762,994576020.0,3783.0,114,3782.0,5
rb1805,20171215,20171214,210029000,3782.0,26390,2753758,997903880.0,3783.0,125,3782.0,4
rb1805,20171215,20171214,210029500,3782.0,26424,2753772,999189840.0,3783.0,127,3782.0,42
rb1805,20171215,20171214,210030000,3782.0,26500,2753786,1002064560.0,3783.0,109,3782.0,83
rb1805,20171215,20171214,210030500,3782.0,26576,2753754,1004939240.0,3783.0,135,3782.0,133
rb1805,20171215,20171214,210031000,3782.0,26602,2753736,1005922600.0,3783.0,139,3782.0,126
rb1805,20171215,20171214,210031500,3782.0,26914,2753836,1017725300.0,3784.0,325,3782.0,132
rb1805,20171215,20171214,210032000,3783.0,27042,2753936,1022567620.0,3784.0,317,3783.0,37
rb1805,20171215,20171214,210032500,3783.0,27062,2753954,1023324280.0,3784.0,312,3783.0,77
rb1805,20171215,20171214,210033000,3783.0,27092,2753978,1024459360.0,3784.0,333,3783.0,82
rb1805,20171215,20171214,210033500,3783.0,27130,2754016,1025896960.0,3784.0,334,3783.0,120
rb1805,20171215,20171214,210034000,3783.0,27242,2754110,1030134480.0,3784.0,308,3783.0,100
rb1805,20171215,20171214,210034500,3784.0,27372,2754136,1035052960.0,3784.0,284,3783.0,68
rb1805,20171215,20171214,210035000,3784.0,27448,2754086,1037928680.0,3784.0,253,3783.0,62
rb1805,20171215,20171214,210035500,3783.0,27486,2754072,1039366420.0,3784.0,247,3783.0,55
rb1805,20171215,20171214,210036000,3783.0,27506,2754054,1040123060.0,3784.0,245,3783.0,51
rb1805,20171215,20171214,210036500,3783.0,27650,2754124,1045570680.0,3783.0,191,3782.0,650
rb1805,20171215,20171214,210037000,3783.0,27688,2754136,1047008220.0,3783.0,172,3782.0,725
rb1805,20171215,20171214,210037500,3783.0,27810,2754228,1051623460.0,3783.0,214,3782.0,727
rb1805,20171215,20171214,210038000,3783.0,27968,2754222,1057599300.0,3783.0,275,3782.0,660
rb1805,20171215,20171214,210038500,3782.0,28000,2754228,1058809780.0,3783.0,263,3782.0,665
rb1805,20171215,20171214,210039000,3783.0,28126,2754238,1063576300.0,3783.0,208,3782.0,667
rb1805,20171215,20171214,210039500,3783.0,28220,2754274,1067132200.0,3783.0,173,3782.0,669
rb1805,20171215,20171214,210040000,3783.0,28274,2754260,1069174820.0,3783.0,161,3782.0,669
rb1805,20171215,20171214,210040500,3782.0,28352,2754264,1072125360.0,3783.0,136,3782.0,672
rb1805,20171215,20171214,210041000,3783.0,28584,2754236,1080901780.0,3783.0,31,3782.0,679
rb1805,20171215,20171214,210041500,3783.0,28700,2754280,1085290060.0,3784.0,220,3783.0,109
rb1805,20171215,20171214,210042000,3784.0,28804,2754258,1089224580.0,3784.0,209,3783.0,83
rb1805,20171215,20171214,210042500,3784.0,29002,2754404,1096716860.0,3784.0,130,3783.0,136
rb1805,20171215,20171214,210043000,3784.0,29302,2754474,1108068520.0,3785.0,724,3784.0,104
rb1805,20171215,20171214,210043500,3785.0,29572,2754466,1118287480.0,3785.0,633,3784.0,96
rb1805,20171215,20171214,210044000,3784.0,29596,2754470,1119195800.0,3785.0,651,3784.0,118
rb1805,20171215,20171214,210044500,3784.0,29674,2754520,1122147640.0,3785.0,638,3784.0,74
rb1805,20171215,20171214,210045000,3785.0,29700,2754532,1123131660.0,3785.0,935,3784.0,72
rb1805,20171215,20171214,210045500,3784.0,29948,2754476,1132516000.0,3784.0,62,3783.0,109
rb1805,20171215,20171214,210046000,3783.0,30190,2754368,1141670920.0,3783.0,287,3782.0,851
rb1805,20171215,20171214,210046500,3783.0,30514,2754384,1153927440.0,3783.0,151,3782.0,837
rb1805,20171215,20171214,210047000,3784.0,30854,2754288,1166789640.0,3784.0,192,3783.0,280
rb1805,20171215,20171214,210047500,3784.0,30902,2754332,1168605940.0,3784.0,125,3783.0,284
rb1805,20171215,20171214,210048000,3784.0,30972,2754396,1171254200.0,3784.0,114,3783.0,264
rb1805,20171215,20171214,210048500,3784.0,31000,2754412,1172313560.0,3784.0,219,3783.0,267
rb1805,20171215,20171214,210049000,3784.0,31066,2754420,1174810500.0,3784.0,212,3783.0,290
rb1805,20171215,20171214,210049500,3783.0,31242,2754434,1181468680.0,3784.0,216,3783.0,220
rb1805,20171215,20171214,210050000,3784.0,31258,2754450,1182074000.0,3784.0,219,3783.0,214
rb1805,20171215,20171214,210050500,3783.0,31342,2754464,1185252180.0,3784.0,201,3783.0,225
rb1805,20171215,20171214,210051000,3784.0,31616,2754486,1195620280.0,3784.0,77,3783.0,223
rb1805,20171215,20171214,210051500,3784.0,31772,2754408,1201523160.0,3784.0,32,3783.0,220
rb1805,20171215,20171214,210052000,3783.0,31814,2754408,1203112260.0,3784.0,22,3783.0,213
rb1805,20171215,20171214,210052500,3784.0,31894,2754380,1206139200.0,3785.0,646,3784.0,13
rb1805,20171215,20171214,210053000,3784.0,32036,2754398,1211511440.0,3784.0,56,3783.0,172
rb1805,20171215,20171214,210053500,3784.0,32066,2754394,1212646560.0,3784.0,78,3783.0,219
rb1805,20171215,20171214,210054000,3784.0,32092,2754390,1213630280.0,3784.0,94,3783.0,223
rb1805,20171215,20171214,210054500,3783.0,32198,2754380,1217641300.0,3784.0,66,3783.0,223
rb1805,20171215,20171214,210055000,3783.0,32266,2754386,1220214380.0,3784.0,50,3783.0,234
rb1805,20171215,20171214,210055500,3783.0,32580,2754524,1232093740.0,3784.0,27,3783.0,105
rb1805,20171215,20171214,210056000,3784.0,32696,2754596,1236483140.0,3784.0,59,3783.0,114
rb1805,20171215,20171214,210056500,3783.0,32720,2754602,1237391280.0,3784.0,56,3783.0,116
rb1805,20171215,20171214,210057000,3784.0,32982,2754734,1247305300.0,3784.0,115,3783.0,117
rb1805,20171215,20171214,210057500,3783.0,33064,2754770,1250407840.0,3784.0,153,3783.0,205
rb1805,20171215,20171214,210058000,3782.0,33520,2754888,1267658140.0,3784.0,164,3782.0,870
rb1805,20171215,20171214,210058500,3783.0,33894,2754818,1281808540.0,3784.0,197,3783.0,61
rb1805,20171215,20171214,210059000,3783.0,34046,2754878,1287558720.0,3783.0,13,3782.0,873
rb1805,20171215,20171214,210059500,3782.0,34056,2754876,1287936980.0,3783.0,12,3782.0,871
rb1805,20171215,20171214,210100000,3782.0,34072,2754882,1288542180.0,3783.0,21,3782.0,869
rb1805,20171215,20171214,210100500,3782.0,34442,2754876,1302541340.0,3783.0,4,3782.0,853
rb1805,20171215,20171214,210101000,3783.0,34604,2754960,1308669820.0,3784.0,122,3783.0,33
rb1805,20171215,20171214,210101500,3784.0,34868,2754868,1318656100.0,3784.0,116,3783.0,17
rb1805,20171215,20171214,210102000,3783.0,34902,2754894,1319942500.0,3784.0,133,3783.0,21
rb1805,20171215,20171214,210102500,3782.0,35042,2754922,1325238640.0,3783.0,33,3782.0,814
rb1805,20171215,20171214,210103000,3783.0,35080,2754946,1326676060.0,3783.0,25,3782.0,888
rb1805,20171215,20171214,210103500,3782.0,35304,2754972,1335148720.0,3783.0,12,3782.0,865
rb1805,20171215,20171214,210104000,3782.0,35914,2754876,1358219780.0,3784.0,134,3782.0,565
rb1805,20171215,20171214,210104500,3782.0,36360,2755030,1375088420.0,3783.0,39,3782.0,389
rb1805,20171215,20171214,210105000,3782.0,37328,2755588,1411697940.0,3782.0,9,3781.0,254
rb1805,20171215,20171214,210105500,3781.0,37422,2755664,1415252420.0,3782.0,70,3781.0,223
rb1805,20171215,20171214,210106000,3782.0,37716,2755756,1426368940.0,3782.0,688,3781.0,98
rb1805,20171215,20171214,210106500,3781.0,37958,2755846,1435518940.0,3781.0,764,3780.0,696
rb1805,20171215,20171214,210107000,3781.0,38512,2756208,1456461420.0,3781.0,609,3780.0,485
rb1805,20171215,20171214,210107500,3780.0,39514,2757066,1494337220.0,3780.0,121,3779.0,333
rb1805,20171215,20171214,210108000,3779.0,39682,2757150,1500687140.0,3780.0,112,3779.0,314
rb1805,20171215,20171214,210108500,3779.0,39782,2757194,1504466500.0,3780.0,90,3779.0,293
rb1805,20171215,20171214,210109000,3779.0,40144,2757522,1518149500.0,3780.0,28,3779.0,269
rb1805,20171215,20171214,210109500,3779.0,40442,2757748,1529411620.0,3780.0,23,3779.0,163
rb1805,20171215,20171214,210110000,3779.0,40520,2757748,1532359300.0,3780.0,71,3779.0,132
rb1805,20171215,20171214,210110500,3779.0,40658,2757764,1537575060.0,3780.0,47,3779.0,119
rb1805,20171215,20171214,210111000,3779.0,40804,2757776,1543092740.0,3780.0,46,3779.0,59
rb1805,20171215,20171214,210111500,3779.0,40950,2757838,1548610180.0,3780.0,26,3779.0,75
rb1805,20171215,20171214,210112000,3779.0,41080,2757884,1553523840.0,3780.0,8,3779.0,267
rb1805,20171215,20171214,210112500,3780.0,41144,2757884,1555943240.0,3781.0,508,3780.0,204
rb1805,20171215,20171214,210113000,3780.0,41188,2757882,1557606440.0,3781.0,496,3780.0,444
rb1805,20171215,20171214,210113500,3780.0,41262,2757886,1560403700.0,3781.0,407,3780.0,423
rb1805,20171215,20171214,210114000,3781.0,41490,2757878,1569023560.0,3781.0,334,3780.0,397
rb1805,20171215,20171214,210114500,3780.0,42142,2758152,1593675140.0,3781.0,35,3780.0,399
rb1805,20171215,20171214,210115000,3781.0,42234,2758168,1597153700.0,3782.0,160,3781.0,896
rb1805,20171215,20171214,210115500,3782.0,42644,2758194,1612659800.0,3783.0,69,3782.0,365
rb1805,20171215,20171214,210116000,3782.0,42918,2758152,1623022520.0,3783.0,41,3782.0,245
rb1805,20171215,20171214,210116500,3783.0,42994,2758196,1625897060.0,3783.0,109,3782.0,219
rb1805,20171215,20171214,210117000,3782.0,43220,2758420,1634444380.0,3783.0,114,3782.0,191
rb1805,20171215,20171214,210117500,3783.0,43230,2758424,1634822600.0,3783.0,118,3782.0,194
rb1805,20171215,20171214,210118000,3782.0,43356,2758546,1639587960.0,3783.0,118,3782.0,135
rb1805,20171215,20171214,210118500,3782.0,43400,2758574,1641252040.0,3783.0,128,3782.0,96
rb1805,20171215,20171214,210119000,3781.0,43668,2758392,1651387760.0,3782.0,2,3781.0,685
rb1805,20171215,20171214,210119500,3782.0,44444,2757806,1680736480.0,3782.0,1,3781.0,689
rb1805,20171215,20171214,210120000,3781.0,44736,2757700,1691779440.0,3783.0,191,3781.0,664
rb1805,20171215,20171214,210120500,3783.0,45344,2757278,1714777900.0,3783.0,10,3782.0,42
rb1805,20171215,20171214,210121000,3783.0,45384,2757300,1716291100.0,3784.0,170,3783.0,2
rb1805,20171215,20171214,210121500,3783.0,45490,2757280,1720300380.0,3784.0,183,3783.0,8
rb1805,20171215,20171214,210122000,3782.0,45572,2757304,1723401900.0,3783.0,3,3782.0,116
rb1805,20171215,20171214,210122500,3784.0,45788,2757156,1731574940.0,3784.0,121,3783.0,20
rb1805,20171215,20171214,210123000,3783.0,45918,2757070,1736492360.0,3783.0,52,3782.0,183
rb1805,20171215,20171214,210123500,3783.0,45962,2757070,1738156460.0,3783.0,56,3782.0,194
rb1805,20171215,20171214,210124000,3783.0,46148,2757084,1745192840.0,3784.0,126,3783.0,234
rb1805,20171215,20171214,210124500,3783.0,46394,2757112,1754500840.0,3784.0,34,3783.0,210
rb1805,20171215,20171214,210125000,3784.0,46530,2757096,1759646360.0,3785.0,740,3784.0,68
rb1805,20171215,20171214,210125500,3785.0,46662,2756994,1764641300.0,3785.0,750,3784.0,17
rb1805,20171215,20171214,210126000,3784.0,46680,2756996,1765322500.0,3785.0,743,3784.0,36
rb1805,20171215,20171214,210126500,3784.0,46926,2757066,1774630720.0,3785.0,747,3784.0,47
rb1805,20171215,20171214,210127000,3783.0,47050,2757072,1779322740.0,3784.0,33,3783.0,276
rb1805,20171215,20171214,210127500,3784.0,47112,2757076,1781668660.0,3784.0,27,3783.0,268
rb1805,20171215,20171214,210128000,3783.0,47252,2757178,1786966420.0,3784.0,47,3783.0,286
rb1805,20171215,20171214,210128500,3784.0,47304,2757170,1788934060.0,3784.0,63,3783.0,385
rb1805,20171215,20171214,210129000,3784.0,47372,2757190,1791507180.0,3784.0,186,3783.0,385
rb1805,20171215,20171214,210129500,3784.0,47396,2757182,1792415340.0,3784.0,186,3783.0,385
rb1805,20171215,20171214,210130000,3784.0,47468,2757154,1795139680.0,3784.0,174,3783.0,380
rb1805,20171215,20171214,210130500,3784.0,47536,2757146,1797712560.0,3784.0,174,3783.0,368
rb1805,20171215,20171214,210131000,3784.0,47640,2757114,1801647220.0,3784.0,157,3783.0,335
rb1805,20171215,20171214,210131500,3783.0,47650,2757114,1802025520.0,3784.0,169,3783.0,330
rb1805,20171215,20171214,210132000,3783.0,47662,2757112,1802479520.0,3784.0,178,3783.0,340
rb1805,20171215,20171214,210132500,3783.0,47684,2757096,1803311820.0,3784.0,189,3783.0,333
rb1805,20171215,20171214,210133000,3783.0,47700,2757086,1803917120.0,3784.0,198,3783.0,326
rb1805,20171215,20171214,210133500,3784.0,48070,2756896,1817917820.0,3784.0,18,3783.0,330
rb1805,20171215,20171214,210134000,3783.0,48086,2756894,1818523180.0,3784.0,24,3783.0,359
rb1805,20171215,20171214,210134500,3784.0,48156,2756856,1821171940.0,3784.0,1,3783.0,357
rb1805,20171215,20171214,210135000,3784.0,48168,2756856,1821625940.0,3784.0,7,3783.0,350
rb1805,20171215,20171214,210135500,3784.0,48206,2756860,1823063700.0,3784.0,46,3783.0,334
rb1805,20171215,20171214,210136000,3783.0,48282,2756872,1825939500.0,3784.0,137,3783.0,339
rb1805,20171215,20171214,210136500,3783.0,48364,2756804,1829042160.0,3784.0,203,3783.0,330
rb1805,20171215,20171214,210137000,3783.0,48800,2756598,1845538740.0,3784.0,369,3783.0,186
rb1805,20171215,20171214,210137500,3783.0,49226,2756802,1861654320.0,3783.0,119,3782.0,228
rb1805,20171215,20171214,210138000,3783.0,49274,2756840,1863470100.0,3783.0,110,3782.0,232
rb1805,20171215,20171214,210138500,3783.0,49286,2756842,1863924040.0,3783.0,124,3782.0,231
rb1805,20171215,20171214,210139000,3782.0,49292,2756842,1864151000.0,3783.0,124,3782.0,230
rb1805,20171215,20171214,210139500,3782.0,49512,2756938,1872471820.0,3783.0,124,3782.0,139
rb1805,20171215,20171214,210140000,3782.0,49544,2756946,1873682260.0,3783.0,101,3782.0,160
rb1805,20171215,20171214,210140500,3783.0,49576,2756950,1874892780.0,3783.0,89,3782.0,141
rb1805,20171215,20171214,210141000,3782.0,49592,2756950,1875498000.0,3783.0,108,3782.0,138
rb1805,20171215,20171214,210141500,3783.0,49882,2756964,1886466760.0,3783.0,52,3782.0,42
rb1805,20171215,20171214,210142000,3783.0,49928,2756940,1888206740.0,3783.0,39,3782.0,55
rb1805,20171215,20171214,210142500,3783.0,49966,2756966,1889644180.0,3783.0,26,3782.0,53
rb1805,20171215,20171214,210143000,3782.0,50088,2757072,1894258260.0,3782.0,93,3781.0,307
rb1805,20171215,20171214,210143500,3782.0,50282,2757138,1901595340.0,3783.0,29,3782.0,110
rb1805,20171215,20171214,210144000,3783.0,50304,2757154,1902427420.0,3783.0,29,3782.0,112
rb1805,20171215,20171214,210144500,3783.0,50326,2757172,1903259480.0,3783.0,29,3782.0,112
rb1805,20171215,20171214,210145000,3783.0,50346,2757186,1904015920.0,3783.0,38,3782.0,174
rb1805,20171215,20171214,210145500,3782.0,50422,2757180,1906890800.0,3783.0,45,3782.0,170
rb1805,20171215,20171214,210146000,3783.0,50540,2757208,1911354740.0,3784.0,208,3783.0,21
rb1805,20171215,20171214,210146500,3783.0,50544,2757212,1911506060.0,3784.0,196,3783.0,359
rb1805,20171215,20171214,210147000,3784.0,50986,2757126,1928231540.0,3785.0,735,3784.0,347
rb1805,20171215,20171214,210147500,3784.0,51104,2757144,1932697480.0,3785.0,696,3784.0,551
rb1805,20171215,20171214,210148000,3784.0,51178,2757138,1935498080.0,3785.0,714,3784.0,396
rb1805,20171215,20171214,210148500,3784.0,51616,2757048,1952075800.0,3785.0,525,3784.0,427
rb1805,20171215,20171214,210149000,3785.0,51914,2757100,1963352640.0,3785.0,551,3784.0,301
rb1805,20171215,20171214,210149500,3785.0,51986,2757094,1966077440.0,3785.0,537,3784.0,283
rb1805,20171215,20171214,210150000,3785.0,52006,2757090,1966834380.0,3785.0,536,3784.0,285
rb1805,20171215,20171214,210150500,3785.0,52040,2757114,1968121280.0,3785.0,520,3784.0,285
rb1805,20171215,20171214,210151000,3785.0,52128,2757122,1971451980.0,3785.0,489,3784.0,280
rb1805,20171215,20171214,210151500,3785.0,52176,2757114,1973268680.0,3785.0,475,3784.0,280
rb1805,20171215,20171214,210152000,3784.0,52206,2757106,1974404080.0,3785.0,473,3784.0,275
rb1805,20171215,20171214,210152500,3784.0,52322,2757048,1978793820.0,3785.0,461,3784.0,247
rb1805,20171215,20171214,210153000,3785.0,52342,2757034,1979550760.0,3785.0,458,3784.0,240
rb1805,20171215,20171214,210153500,3785.0,52356,2757026,1980080660.0,3785.0,462,3784.0,236
rb1805,20171215,20171214,210154000,3784.0,52366,2757022,1980459120.0,3785.0,460,3784.0,236
rb1805,20171215,20171214,210154500,3785.0,52392,2757014,1981443160.0,3785.0,521,3784.0,235
rb1805,20171215,20171214,210155000,3784.0,52424,2757012,1982654060.0,3785.0,527,3784.0,236
rb1805,20171215,20171214,210155500,3785.0,52548,2756996,1987347360.0,3785.0,491,3784.0,228
rb1805,20171215,20171214,210156000,3785.0,52584,2756986,1988709800.0,3785.0,485,3784.0,191
rb1805,20171215,20171214,210156500,3784.0,52648,2756938,1991131940.0,3785.0,497,3784.0,208
rb1805,20171215,20171214,210157000,3784.0,53210,2756608,2012398200.0,3784.0,9,3783.0,204
rb1805,20171215,20171214,210157500,3784.0,53272,2756596,2014744280.0,3784.0,269,3783.0,222
rb1805,20171215,20171214,210158000,3783.0,53320,2756598,2016560360.0,3784.0,276,3783.0,220
rb1805,20171215,20171214,210158500,3784.0,53406,2756650,2019814580.0,3784.0,256,3783.0,229
rb1805,20171215,20171214,210159000,3784.0,53564,2756606,2025792220.0,3784.0,245,3783.0,142
rb1805,20171215,20171214,210159500,3783.0,53632,2756616,2028364780.0,3784.0,241,3783.0,134
rb1805,20171215,20171214,210200000,3784.0,53730,2756654,2032072600.0,3784.0,225,3783.0,116
rb1805,20171215,20171214,210200500,3783.0,54228,2756838,2050912460.0,3784.0,192,3783.0,25
rb1805,20171215,20171214,210201000,3783.0,54704,2757164,2068922480.0,3783.0,1,3782.0,58
rb1805,20171215,20171214,210201500,3783.0,54828,2757206,2073613260.0,3783.0,162,3782.0,54
rb1805,20171215,20171214,210202000,3781.0,54964,2757162,2078756760.0,3782.0,189,3781.0,493
rb1805,20171215,20171214,210202500,3782.0,55318,2757278,2092141600.0,3782.0,217,3781.0,333
rb1805,20171215,20171214,210203000,3782.0,55338,2757290,2092897980.0,3782.0,210,3781.0,335
rb1805,20171215,20171214,210203500,3782.0,55348,2757294,2093276180.0,3782.0,208,3781.0,336
rb1805,20171215,20171214,210204000,3782.0,55778,2757290,2109538760.0,3783.0,338,3782.0,217
rb1805,20171215,20171214,210204500,3782.0,56230,2757466,2126637600.0,3783.0,119,3782.0,263
rb1805,20171215,20171214,210205000,3783.0,56306,2757458,2129512080.0,3783.0,174,3782.0,236
rb1805,20171215,20171214,210205500,3782.0,56364,2757454,2131705660.0,3783.0,175,3782.0,265
rb1805,20171215,20171214,210206000,3782.0,56398,2757452,2132991600.0,3783.0,172,3782.0,265
rb1805,20171215,20171214,210206500,3783.0,56418,2757442,2133748100.0,3783.0,173,3782.0,263
rb1805,20171215,20171214,210207000,3783.0,56588,2757274,2140179140.0,3783.0,92,3782.0,266
rb1805,20171215,20171214,210207500,3783.0,56878,2757332,2151149840.0,3784.0,60,3783.0,50
rb1805,20171215,20171214,210208000,3784.0,56912,2757340,2152436080.0,3784.0,101,3783.0,160
rb1805,20171215,20171214,210208500,3784.0,57086,2757470,2159020120.0,3784.0,21,3783.0,226
rb1805,20171215,20171214,210209000,3784.0,57228,2757470,2164394180.0,3785.0,721,3784.0,234
rb1805,20171215,20171214,210209500,3784.0,57440,2757354,2172416260.0,3785.0,723,3784.0,232
rb1805,20171215,20171214,210210000,3784.0,57478,2757372,2173854220.0,3785.0,721,3784.0,242
rb1805,20171215,20171214,210210500,3784.0,57496,2757376,2174535360.0,3785.0,720,3784.0,235
rb1805,20171215,20171214,210211000,3784.0,57584,2757356,2177865280.0,3785.0,721,3784.0,173
rb1805,20171215,20171214,210211500,3784.0,57834,2757184,2187325360.0,3785.0,720,3784.0,90
rb1805,20171215,20171214,210212000,3783.0,58122,2757232,2198223260.0,3784.0,263,3783.0,211
rb1805,20171215,20171214,210212500,3784.0,58126,2757232,2198374600.0,3784.0,273,3783.0,214
rb1805,20171215,20171214,210213000,3784.0,58230,2757334,2202309940.0,3784.0,306,3783.0,147
rb1805,20171215,20171214,210213500,3783.0,58234,2757334,2202461280.0,3784.0,317,3783.0,128
rb1805,20171215,20171214,210214000,3784.0,58252,2757342,2203142320.0,3784.0,345,3783.0,129
rb1805,20171215,20171214,210214500,3784.0,58262,2757348,2203520700.0,3784.0,356,3783.0,130
rb1805,20171215,20171214,210215000,3783.0,58404,2757284,2208892640.0,3784.0,363,3783.0,63
rb1805,20171215,20171214,210215500,3783.0,58460,2757258,2211011120.0,3784.0,364,3783.0,38
rb1805,20171215,20171214,210216000,3783.0,58594,2757174,2216080340.0,3783.0,445,3782.0,479
rb1805,20171215,20171214,210216500,3783.0,58606,2757162,2216534300.0,3783.0,458,3782.0,359
rb1805,20171215,20171214,210217000,3783.0,58632,2757154,2217517880.0,3783.0,447,3782.0,359
rb1805,20171215,20171214,210217500,3783.0,58638,2757152,2217744840.0,3783.0,453,3782.0,399
rb1805,20171215,20171214,210218000,3782.0,58698,2757160,2220014440.0,3783.0,433,3782.0,391
rb1805,20171215,20171214,210218500,3783.0,58788,2757154,2223419120.0,3783.0,390,3782.0,391
rb1805,20171215,20171214,210219000,3783.0,58818,2757146,2224553920.0,3783.0,381,3782.0,400
rb1805,20171215,20171214,210219500,3783.0,58830,2757140,2225007880.0,3783.0,375,3782.0,402
rb1805,20171215,20171214,210220000,3782.0,59252,2757134,2240967920.0,3783.0,376,3782.0,194
rb1805,20171215,20171214,210220500,3782.0,59260,2757134,2241270480.0,3783.0,376,3782.0,222
rb1805,20171215,20171214,210221000,3782.0,59324,2757198,2243690960.0,3783.0,399,3782.0,192
rb1805,20171215,20171214,210221500,3783.0,59450,2757204,2248456480.0,3783.0,392,3782.0,150
rb1805,20171215,20171214,210222000,3782.0,59472,2757204,2249288620.0,3783.0,419,3782.0,149
rb1805,20171215,20171214,210222500,3782.0,59522,2757168,2251180060.0,3783.0,397,3782.0,167
rb1805,20171215,20171214,210223000,3782.0,59544,2757168,2252012260.0,3783.0,392,3782.0,170
rb1805,20171215,20171214,210223500,3783.0,59592,2757162,2253828080.0,3783.0,369,3782.0,179
rb1805,20171215,20171214,210224000,3782.0,59616,2757158,2254735900.0,3783.0,362,3782.0,200
rb1805,20171215,20171214,210224500,3782.0,59710,2757160,2258291740.0,3783.0,324,3782.0,260
rb1805,20171215,20171214,210225000,3783.0,59736,2757176,2259275120.0,3783.0,316,3782.0,256
rb1805,20171215,20171214,210225500,3783.0,59768,2757176,2260485600.0,3783.0,311,3782.0,305
rb1805,20171215,20171214,210226000,3782.0,59800,2757154,2261696100.0,3783.0,298,3782.0,315
rb1805,20171215,20171214,210226500,3783.0,59860,2757182,2263965620.0,3783.0,282,3782.0,310
rb1805,20171215,20171214,210227000,3782.0,59908,2757188,2265781000.0,3783.0,282,3782.0,287
rb1805,20171215,20171214,210227500,3782.0,59958,2757148,2267672440.0,3783.0,261,3782.0,287
rb1805,20171215,20171214,210228000,3783.0,59984,2757136,2268655980.0,3783.0,250,3782.0,295
rb1805,20171215,20171214,210228500,3783.0,60004,2757144,2269412460.0,3783.0,247,3782.0,297
rb1805,20171215,20171214,210229000,3782.0,60412,2757266,2284843080.0,3783.0,244,3782.0,97
rb1805,20171215,20171214,210229500,3783.0,60430,2757248,2285524020.0,3783.0,237,3782.0,103
rb1805,20171215,20171214,210230000,3782.0,60514,2757220,2288701500.0,3783.0,208,3782.0,94
rb1805,20171215,20171214,210230500,3782.0,60610,2757250,2292332840.0,3783.0,178,3782.0,84
rb1805,20171215,20171214,210231000,3782.0,60642,2757282,2293543080.0,3783.0,181,3782.0,79
rb1805,20171215,20171214,210231500,3783.0,60710,2757316,2296114920.0,3783.0,193,3782.0,50
rb1805,20171215,20171214,210232000,3782.0,60766,2757304,2298232840.0,3783.0,204,3782.0,197
rb1805,20171215,20171214,210232500,3782.0,60874,2757302,2302318300.0,3783.0,159,3782.0,200
rb1805,20171215,20171214,210233000,3782.0,61236,2757324,2316012340.0,3783.0,22,3782.0,314
rb1805,20171215,20171214,210233500,3783.0,61344,2757386,2320097980.0,3784.0,375,3783.0,65
rb1805,20171215,20171214,210234000,3783.0,61380,2757416,2321459880.0,3784.0,374,3783.0,29
rb1805,20171215,20171214,210234500,3783.0,61394,2757422,2321989500.0,3784.0,372,3783.0,26
rb1805,20171215,20171214,210235000,3783.0,61706,2757358,2333795460.0,3784.0,220,3783.0,27
rb1805,20171215,20171214,210235500,3783.0,61782,2757382,2336670540.0,3783.0,13,3782.0,340
rb1805,20171215,20171214,210236000,3783.0,61922,2757384,2341967760.0,3784.0,173,3783.0,39
rb1805,20171215,20171214,210236500,3783.0,62078,2757416,2347870340.0,3784.0,118,3783.0,32
rb1805,20171215,20171214,210237000,3783.0,62102,2757432,2348778400.0,3784.0,112,3783.0,32
rb1805,20171215,20171214,210237500,3783.0,62106,2757436,2348929720.0,3784.0,113,3783.0,57
rb1805,20171215,20171214,210238000,3784.0,62138,2757464,2350140340.0,3784.0,110,3783.0,54
rb1805,20171215,20171214,210238500,3783.0,62238,2757418,2353923440.0,3784.0,110,3783.0,11
rb1805,20171215,20171214,210239000,3783.0,62298,2757446,2356193260.0,3783.0,12,3782.0,359
rb1805,20171215,20171214,210239500,3783.0,62344,2757440,2357933500.0,3784.0,108,3783.0,51
rb1805,20171215,20171214,210240000,3783.0,62470,2757448,2362700500.0,3784.0,103,3783.0,16
rb1805,20171215,20171214,210240500,3783.0,62506,2757464,2364062620.0,3784.0,99,3783.0,88
rb1805,20171215,20171214,210241000,3783.0,62538,2757486,2365273180.0,3784.0,99,3783.0,101
rb1805,20171215,20171214,210241500,3783.0,62588,2757470,2367164700.0,3784.0,99,3783.0,77
rb1805,20171215,20171214,210242000,3783.0,62596,2757466,2367467360.0,3784.0,103,3783.0,158
rb1805,20171215,20171214,210242500,3784.0,62614,2757472,2368148360.0,3784.0,126,3783.0,158
rb1805,20171215,20171214,210243000,3784.0,62878,2757372,2378137700.0,3784.0,16,3783.0,141
rb1805,20171215,20171214,210243500,3784.0,62936,2757328,2380331980.0,3784.0,11,3783.0,162
rb1805,20171215,20171214,210244000,3783.0,62948,2757336,2380785960.0,3784.0,29,3783.0,158
rb1805,20171215,20171214,210244500,3784.0,62970,2757342,2381618380.0,3784.0,65,3783.0,159
rb1805,20171215,20171214,210245000,3784.0,63272,2757328,2393043440.0,3784.0,54,3783.0,28
rb1805,20171215,20171214,210245500,3783.0,63284,2757328,2393497420.0,3784.0,71,3783.0,23
rb1805,20171215,20171214,210246000,3784.0,63354,2757356,2396145620.0,3784.0,76,3783.0,2
rb1805,20171215,20171214,210246500,3783.0,63372,2757366,2396826580.0,3783.0,10,3782.0,375
rb1805,20171215,20171214,210247000,3783.0,63380,2757374,2397129220.0,3783.0,214,3782.0,397
rb1805,20171215,20171214,210247500,3782.0,63516,2757492,2402274000.0,3783.0,153,3782.0,393
rb1805,20171215,20171214,210248000,3783.0,63588,2757564,2404997760.0,3783.0,127,3782.0,396
rb1805,20171215,20171214,210248500,3782.0,63604,2757564,2405603020.0,3783.0,126,3782.0,397
rb1805,20171215,20171214,210249000,3783.0,63642,2757576,2407040540.0,3783.0,127,3782.0,397
rb1805,20171215,20171214,210249500,3782.0,63678,2757584,2408402220.0,3783.0,119,3782.0,377
rb1805,20171215,20171214,210250000,3782.0,63684,2757586,2408629180.0,3783.0,119,3782.0,374
rb1805,20171215,20171214,210250500,3783.0,63762,2757644,2411579900.0,3783.0,85,3782.0,373
rb1805,20171215,20171214,210251000,3783.0,63820,2757700,2413774020.0,3783.0,58,3782.0,370
rb1805,20171215,20171214,210251500,3783.0,64016,2757724,2421187080.0,3783.0,41,3782.0,287
rb1805,20171215,20171214,210252000,3783.0,64028,2757732,2421641020.0,3783.0,36,3782.0,292
rb1805,20171215,20171214,210252500,3782.0,64248,2757860,2429961580.0,3783.0,56,3782.0,194
rb1805,20171215,20171214,210253000,3782.0,64362,2757856,2434273160.0,3783.0,91,3782.0,154
rb1805,20171215,20171214,210253500,3782.0,64654,2757768,2445316600.0,3783.0,164,3782.0,18
rb1805,20171215,20171214,210254000,3782.0,64712,2757746,2447510160.0,3782.0,51,3781.0,387
rb1805,20171215,20171214,210254500,3781.0,65282,2758168,2469062680.0,3782.0,22,3781.0,154
rb1805,20171215,20171214,210255000,3782.0,65286,2758168,2469213960.0,3782.0,30,3781.0,171
rb1805,20171215,20171214,210255500,3781.0,65376,2758202,2472617400.0,3782.0,6,3781.0,148
rb1805,20171215,20171214,210256000,3782.0,65384,2758206,2472919920.0,3782.0,8,3781.0,150
rb1805,20171215,20171214,210256500,3781.0,65408,2758200,2473827400.0,3782.0,115,3781.0,176
rb1805,20171215,20171214,210257000,3781.0,65432,2758208,2474734960.0,3782.0,150,3781.0,161
rb1805,20171215,20171214,210257500,3782.0,65440,2758204,2475037500.0,3782.0,149,3781.0,170
rb1805,20171215,20171214,210258000,3782.0,65546,2758186,2479045400.0,3782.0,149,3781.0,120
rb1805,20171215,20171214,210258500,3781.0,65578,2758180,2480255460.0,3782.0,143,3781.0,115
rb1805,20171215,20171214,210259000,3782.0,65708,2758164,2485170980.0,3782.0,132,3781.0,73
rb1805,20171215,20171214,210259500,3781.0,65862,2758234,2490993740.0,3781.0,34,3780.0,659
rb1805,20171215,20171214,210300000,3781.0,65960,2758228,2494699180.0,3782.0,132,3781.0,177
rb1805,20171215,20171214,210300500,3782.0,66060,2758228,2498480500.0,3782.0,98,3781.0,154
rb1805,20171215,20171214,210301000,3782.0,66148,2758210,2501808200.0,3782.0,79,3781.0,133
rb1805,20171215,20171214,210301500,3782.0,66168,2758210,2502564500.0,3782.0,54,3781.0,145
rb1805,20171215,20171214,210302000,3782.0,66188,2758206,2503320840.0,3782.0,44,3781.0,201
rb1805,20171215,20171214,210302500,3781.0,66214,2758216,2504304120.0,3782.0,32,3781.0,214
rb1805,20171215,20171214,210303000,3782.0,66276,2758232,2506648720.0,3782.0,15,3781.0,203
rb1805,20171215,20171214,210303500,3781.0,66286,2758236,2507026860.0,3782.0,14,3781.0,212
rb1805,20171215,20171214,210304000,3782.0,66324,2758254,2508464020.0,3783.0,179,3782.0,170
rb1805,20171215,20171214,210304500,3782.0,66334,2758252,2508842240.0,3783.0,172,3782.0,225
rb1805,20171215,20171214,210305000,3782.0,66352,2758248,2509523080.0,3783.0,128,3782.0,221
rb1805,20171215,20171214,210305500,3782.0,66396,2758230,2511187160.0,3783.0,130,3782.0,265
rb1805,20171215,20171214,210306000,3783.0,66402,2758228,2511414100.0,3783.0,130,3782.0,331
rb1805,20171215,20171214,210306500,3782.0,66606,2758112,2519130320.0,3783.0,83,3782.0,249
rb1805,20171215,20171214,210307000,3783.0,66694,2758112,2522458560.0,3783.0,79,3782.0,209
rb1805,20171215,20171214,210307500,3782.0,66932,2758210,2531460920.0,3783.0,24,3782.0,160
rb1805,20171215,20171214,210308000,3783.0,67014,2758236,2534563100.0,3784.0,119,3783.0,290
rb1805,20171215,20171214,210308500,3784.0,67438,2758358,2550603800.0,3784.0,80,3783.0,159
rb1805,20171215,20171214,210309000,3783.0,67760,2758564,2562787140.0,3785.0,1170,3783.0,291
rb1805,20171215,20171214,210309500,3784.0,67778,2758554,2563468340.0,3785.0,1164,3784.0,13
rb1805,20171215,20171214,210310000,3785.0,67856,2758556,2566419920.0,3785.0,1161,3784.0,32
rb1805,20171215,20171214,210310500,3785.0,67974,2758674,2570885000.0,3785.0,1159,3784.0,1
rb1805,20171215,20171214,210311000,3784.0,68018,2758688,2572549960.0,3784.0,16,3783.0,366
rb1805,20171215,20171214,210311500,3784.0,68154,2758744,2577696220.0,3785.0,1159,3784.0,72
rb1805,20171215,20171214,210312000,3784.0,68190,2758746,2579058480.0,3785.0,1157,3784.0,48
rb1805,20171215,20171214,210312500,3785.0,68256,2758800,2581555960.0,3785.0,1158,3784.0,184
rb1805,20171215,20171214,210313000,3784.0,68364,2758818,2585642740.0,3785.0,1153,3784.0,143
rb1805,20171215,20171214,210313500,3784.0,68576,2758948,2593664880.0,3785.0,1150,3784.0,55
rb1805,20171215,20171214,210314000,3785.0,68622,2758966,2595405680.0,3785.0,1177,3784.0,40
rb1805,20171215,20171214,210314500,3784.0,68734,2759046,2599643800.0,3784.0,1,3783.0,393
rb1805,20171215,20171214,210315000,3784.0,68782,2759074,2601460440.0,3785.0,1174,3784.0,65
rb1805,20171215,20171214,210315500,3785.0,68872,2759098,2604866440.0,3785.0,1155,3784.0,34
rb1805,20171215,20171214,210316000,3784.0,68962,2759150,2608272060.0,3784.0,121,3783.0,420
rb1805,20171215,20171214,210316500,3784.0,69012,2759178,2610164060.0,3784.0,101,3783.0,420
rb1805,20171215,20171214,210317000,3785.0,69232,2759374,2618488940.0,3785.0,1155,3784.0,227
rb1805,20171215,20171214,210317500,3785.0,69272,2759400,2620002600.0,3785.0,1156,3784.0,346
rb1805,20171215,20171214,210318000,3785.0,69562,2759524,2630977480.0,3785.0,1155,3784.0,285
rb1805,20171215,20171214,210318500,3785.0,69670,2759502,2635065240.0,3785.0,1104,3784.0,289
rb1805,20171215,20171214,210319000,3785.0,69694,2759492,2635973600.0,3785.0,1093,3784.0,301
rb1805,20171215,20171214,210319500,3784.0,70300,2759384,2658910680.0,3785.0,794,3784.0,354
rb1805,20171215,20171214,210320000,3785.0,70822,2759886,2678665260.0,3785.0,711,3784.0,222
rb1805,20171215,20171214,210320500,3785.0,70906,2759942,2681844480.0,3785.0,685,3784.0,232
rb1805,20171215,20171214,210321000,3785.0,71072,2760064,2688126160.0,3785.0,672,3784.0,234
rb1805,20171215,20171214,210321500,3785.0,71306,2760038,2696982920.0,3785.0,566,3784.0,238
rb1805,20171215,20171214,210322000,3785.0,71364,2760032,2699178200.0,3785.0,538,3784.0,223
rb1805,20171215,20171214,210322500,3785.0,71416,2760026,2701146320.0,3785.0,527,3784.0,153
rb1805,20171215,20171214,210323000,3785.0,71460,2760020,2702811640.0,3785.0,526,3784.0,173
rb1805,20171215,20171214,210323500,3785.0,72590,2760996,2745582640.0,3786.0,991,3785.0,9
rb1805,20171215,20171214,210324000,3786.0,72644,2761010,2747626600.0,3786.0,988,3785.0,35
rb1805,20171215,20171214,210324500,3785.0,72758,2760998,2751941680.0,3785.0,37,3784.0,147
rb1805,20171215,20171214,210325000,3785.0,72924,2760878,2758224360.0,3785.0,49,3784.0,141
rb1805,20171215,20171214,210325500,3785.0,73086,2760908,2764356020.0,3785.0,28,3784.0,115
rb1805,20171215,20171214,210326000,3785.0,73142,2760906,2766475620.0,3785.0,14,3784.0,116
rb1805,20171215,20171214,210326500,3784.0,73294,2761012,2772227400.0,3785.0,57,3784.0,46
rb1805,20171215,20171214,210327000,3785.0,73342,2761016,2774044160.0,3785.0,156,3784.0,53
rb1805,20171215,20171214,210327500,3785.0,73458,2761106,2778434700.0,3785.0,221,3784.0,56
rb1805,20171215,20171214,210328000,3784.0,73546,2761104,2781764660.0,3784.0,168,3783.0,271
rb1805,20171215,20171214,210328500,3783.0,74006,2761088,2799166560.0,3784.0,177,3783.0,47
rb1805,20171215,20171214,210329000,3783.0,74268,2761288,2809078020.0,3783.0,502,3782.0,351
rb1805,20171215,20171214,210329500,3783.0,74336,2761342,2811649980.0,3783.0,449,3782.0,323
rb1805,20171215,20171214,210330000,3783.0,74546,2761452,2819592920.0,3783.0,390,3782.0,255
rb1805,20171215,20171214,210330500,3783.0,74578,2761474,2820803460.0,3783.0,375,3782.0,256
rb1805,20171215,20171214,210331000,3785.0,75398,2761842,2851828260.0,3785.0,171,3784.0,91
rb1805,20171215,20171214,210331500,3785.0,75474,2761844,2854704860.0,3785.0,144,3784.0,117
rb1805,20171215,20171214,210332000,3785.0,75480,2761848,2854931940.0,3785.0,180,3784.0,163
rb1805,20171215,20171214,210332500,3784.0,75490,2761858,2855310340.0,3785.0,241,3784.0,173
rb1805,20171215,20171214,210333000,3785.0,75532,2761878,2856899940.0,3785.0,225,3784.0,113
rb1805,20171215,20171214,210333500,3784.0,75672,2761908,2862197620.0,3785.0,249,3784.0,57
rb1805,20171215,20171214,210334000,3785.0,75684,2761906,2862651780.0,3785.0,253,3784.0,95
rb1805,20171215,20171214,210334500,3785.0,75740,2761884,2864771320.0,3785.0,236,3784.0,92
rb1805,20171215,20171214,210335000,3785.0,75810,2761892,2867420260.0,3785.0,241,3784.0,87
rb1805,20171215,20171214,210335500,3784.0,75830,2761896,2868177080.0,3785.0,243,3784.0,78
rb1805,20171215,20171214,210336000,3784.0,75842,2761902,2868631240.0,3785.0,249,3784.0,76
rb1805,20171215,20171214,210336500,3785.0,75928,2761940,2871886260.0,3785.0,219,3784.0,73
rb1805,20171215,20171214,210337000,3785.0,76112,2761972,2878849920.0,3785.0,174,3784.0,37
rb1805,20171215,20171214,210337500,3785.0,76150,2761944,2880287860.0,3785.0,206,3784.0,30
rb1805,20171215,20171214,210338000,3785.0,76152,2761944,2880363560.0,3785.0,182,3784.0,60
rb1805,20171215,20171214,210338500,3784.0,76212,2761948,2882634420.0,3785.0,166,3784.0,55
rb1805,20171215,20171214,210339000,3784.0,76238,2761946,2883618300.0,3785.0,169,3784.0,78
rb1805,20171215,20171214,210339500,3785.0,76256,2761950,2884299540.0,3785.0,267,3784.0,79
rb1805,20171215,20171214,210340000,3784.0,76458,2761896,2891943200.0,3784.0,15,3783.0,259
rb1805,20171215,20171214,210340500,3784.0,76494,2761870,2893305420.0,3785.0,278,3784.0,3
rb1805,20171215,20171214,210341000,3784.0,76514,2761870,2894062220.0,3784.0,8,3783.0,270
rb1805,20171215,20171214,210341500,3783.0,76642,2761892,2898904460.0,3784.0,10,3783.0,216
rb1805,20171215,20171214,210342000,3784.0,76644,2761892,2898980140.0,3784.0,68,3783.0,232
rb1805,20171215,20171214,210342500,3784.0,76658,2761888,2899509900.0,3784.0,151,3783.0,235
rb1805,20171215,20171214,210343000,3784.0,76712,2761898,2901553260.0,3784.0,122,3783.0,230
rb1805,20171215,20171214,210343500,3784.0,76732,2761908,2902310000.0,3784.0,118,3783.0,226
rb1805,20171215,20171214,210344000,3784.0,76968,2762098,2911240000.0,3784.0,17,3783.0,216
rb1805,20171215,20171214,210344500,3784.0,76982,2762104,2911769760.0,3784.0,28,3783.0,218
rb1805,20171215,20171214,210345000,3785.0,77072,2762064,2915175540.0,3785.0,311,3784.0,5
rb1805,20171215,20171214,210345500,3784.0,77122,2762070,2917067540.0,3785.0,313,3784.0,38
rb1805,20171215,20171214,210346000,3784.0,77172,2762074,2918959560.0,3785.0,327,3784.0,103
rb1805,20171215,20171214,210346500,3784.0,77178,2762078,2919186620.0,3785.0,339,3784.0,110
rb1805,20171215,20171214,210347000,3784.0,77416,2762242,2928192540.0,3784.0,221,3783.0,225
rb1805,20171215,20171214,210347500,3784.0,77440,2762258,2929100700.0,3784.0,209,3783.0,231
rb1805,20171215,20171214,210348000,3784.0,77452,2762260,2929554780.0,3784.0,204,3783.0,232
rb1805,20171215,20171214,210348500,3783.0,77482,2762288,2930689960.0,3784.0,210,3783.0,231
rb1805,20171215,20171214,210349000,3784.0,77532,2762328,2932581960.0,3784.0,200,3783.0,247
rb1805,20171215,20171214,210349500,3784.0,77540,2762332,2932884680.0,3784.0,219,3783.0,250
rb1805,20171215,20171214,210350000,3784.0,77572,2762354,2934095560.0,3784.0,204,3783.0,251
rb1805,20171215,20171214,210350500,3784.0,77582,2762360,2934473960.0,3784.0,204,3783.0,252
rb1805,20171215,20171214,210351000,3783.0,77594,2762368,2934928000.0,3784.0,200,3783.0,261
rb1805,20171215,20171214,210351500,3783.0,77598,2762370,2935079340.0,3784.0,207,3783.0,263
rb1805,20171215,20171214,210352000,3784.0,77620,2762368,2935911720.0,3784.0,209,3783.0,277
rb1805,20171215,20171214,210352500,3783.0,77734,2762406,2940224340.0,3784.0,211,3783.0,228
rb1805,20171215,20171214,210353000,3784.0,77790,2762458,2942343340.0,3784.0,191,3783.0,227
rb1805,20171215,20171214,210353500,3784.0,77832,2762484,2943932620.0,3784.0,175,3783.0,229
rb1805,20171215,20171214,210354000,3784.0,77846,2762490,2944462360.0,3784.0,170,3783.0,230
rb1805,20171215,20171214,210354500,3784.0,77852,2762494,2944689400.0,3784.0,174,3783.0,230
rb1805,20171215,20171214,210355000,3783.0,77918,2762558,2947186720.0,3784.0,168,3783.0,235
rb1805,20171215,20171214,210355500,3784.0,78020,2762526,2951046400.0,3784.0,117,3783.0,237
rb1805,20171215,20171214,210356000,3784.0,78056,2762528,2952408600.0,3784.0,116,3783.0,237
rb1805,20171215,20171214,210356500,3784.0,78068,2762524,2952862680.0,3784.0,122,3783.0,239
rb1805,20171215,20171214,210357000,3784.0,78106,2762516,2954300600.0,3784.0,103,3783.0,244
rb1805,20171215,20171214,210357500,3783.0,78142,2762544,2955662700.0,3784.0,110,3783.0,251
rb1805,20171215,20171214,210358000,3784.0,78152,2762544,2956041080.0,3784.0,108,3783.0,253
rb1805,20171215,20171214,210358500,3783.0,78278,2762490,2960807840.0,3784.0,109,3783.0,203
rb1805,20171215,20171214,210359000,3783.0,78298,2762490,2961564580.0,3784.0,104,3783.0,206
rb1805,20171215,20171214,210359500,3784.0,78330,2762482,2962775420.0,3784.0,90,3783.0,219
rb1805,20171215,20171214,210400000,3784.0,78360,2762508,2963910620.0,3784.0,75,3783.0,219
rb1805,20171215,20171214,210400500,3784.0,78456,2762566,2967542480.0,3784.0,66,3783.0,186
rb1805,20171215,20171214,210401000,3784.0,78488,2762564,2968753360.0,3784.0,41,3783.0,193
rb1805,20171215,20171214,210401500,3784.0,78542,2762578,2970796520.0,3784.0,32,3783.0,190
rb1805,20171215,20171214,210402000,3784.0,78656,2762582,2975109260.0,3784.0,28,3783.0,145
rb1805,20171215,20171214,210402500,3784.0,78672,2762576,2975714680.0,3784.0,24,3783.0,187
rb1805,20171215,20171214,210403000,3783.0,79142,2762836,2993495020.0,3783.0,27,3782.0,497
rb1805,20171215,20171214,210403500,3784.0,79384,2762836,3002650460.0,3784.0,173,3783.0,37
rb1805,20171215,20171214,210404000,3784.0,79420,2762814,3004012640.0,3784.0,163,3783.0,96
rb1805,20171215,20171214,210404500,3783.0,79552,2762808,3009007500.0,3784.0,94,3783.0,96
rb1805,20171215,20171214,210405000,3784.0,79568,2762820,3009612900.0,3784.0,93,3783.0,108
rb1805,20171215,20171214,210405500,3783.0,79650,2762864,3012715580.0,3784.0,63,3783.0,96
rb1805,20171215,20171214,210406000,3784.0,79654,2762868,3012866920.0,3784.0,70,3783.0,104
rb1805,20171215,20171214,210406500,3783.0,79694,2762906,3014380280.0,3784.0,103,3783.0,82
rb1805,20171215,20171214,210407000,3784.0,79712,2762920,3015061400.0,3784.0,97,3783.0,89
rb1805,20171215,20171214,210407500,3783.0,80000,2762990,3025956440.0,3783.0,108,3782.0,511
rb1805,20171215,20171214,210408000,3783.0,80038,2763006,3027393980.0,3783.0,89,3782.0,515
rb1805,20171215,20171214,210408500,3783.0,80318,2763140,3037986580.0,3784.0,110,3783.0,2
rb1805,20171215,20171214,210409000,3784.0,80322,2763142,3038137920.0,3784.0,109,3783.0,117
rb1805,20171215,20171214,210409500,3783.0,80326,2763146,3038289240.0,3784.0,111,3783.0,254
rb1805,20171215,20171214,210410000,3783.0,80332,2763152,3038516220.0,3784.0,102,3783.0,273
rb1805,20171215,20171214,210410500,3783.0,80338,2763156,3038743240.0,3784.0,68,3783.0,277
rb1805,20171215,20171214,210411000,3784.0,80358,2763156,3039500000.0,3784.0,65,3783.0,281
rb1805,20171215,20171214,210411500,3783.0,80378,2763162,3040256680.0,3784.0,61,3783.0,288
rb1805,20171215,20171214,210412000,3784.0,80500,2763234,3044873160.0,3785.0,595,3784.0,26
rb1805,20171215,20171214,210412500,3784.0,80564,2763174,3047294920.0,3785.0,596,3784.0,78
rb1805,20171215,20171214,210413000,3785.0,80568,2763172,3047446300.0,3785.0,592,3784.0,124
rb1805,20171215,20171214,210413500,3784.0,80576,2763172,3047749020.0,3785.0,591,3784.0,259
rb1805,20171215,20171214,210414000,3785.0,80646,2763122,3050398400.0,3785.0,562,3784.0,412
rb1805,20171215,20171214,210414500,3785.0,80718,2763090,3053123160.0,3785.0,548,3784.0,396
rb1805,20171215,20171214,210415000,3784.0,80810,2763100,3056605100.0,3785.0,505,3784.0,418
rb1805,20171215,20171214,210415500,3785.0,81176,2763170,3070457960.0,3785.0,371,3784.0,410
rb1805,20171215,20171214,210416000,3785.0,82078,2763236,3104598480.0,3786.0,1006,3785.0,32
rb1805,20171215,20171214,210416500,3786.0,82118,2763238,3106112840.0,3786.0,988,3785.0,107
rb1805,20171215,20171214,210417000,3785.0,82324,2763040,3113911940.0,3786.0,888,3785.0,185
rb1805,20171215,20171214,210417500,3786.0,82450,2763120,3118681280.0,3786.0,866,3785.0,148
rb1805,20171215,20171214,210418000,3785.0,82496,2763112,3120422720.0,3786.0,849,3785.0,151
rb1805,20171215,20171214,210418500,3786.0,82520,2763106,3121331320.0,3786.0,845,3785.0,154
rb1805,20171215,20171214,210419000,3785.0,82636,2763020,3125722820.0,3786.0,806,3785.0,146
rb1805,20171215,20171214,210419500,3785.0,82690,2763002,3127766880.0,3786.0,799,3785.0,162
rb1805,20171215,20171214,210420000,3785.0,82730,2762998,3129281240.0,3786.0,780,3785.0,160
rb1805,20171215,20171214,210420500,3786.0,82742,2762998,3129735560.0,3786.0,774,3785.0,160
rb1805,20171215,20171214,210421000,3785.0,82842,2763042,3133520600.0,3786.0,774,3785.0,112
rb1805,20171215,20171214,210421500,3785.0,83070,2763118,3142150400.0,3785.0,9,3784.0,333
rb1805,20171215,20171214,210422000,3785.0,83094,2763134,3143058800.0,3785.0,93,3784.0,343
rb1805,20171215,20171214,210422500,3785.0,83108,2763126,3143588700.0,3785.0,87,3784.0,343
rb1805,20171215,20171214,210423000,3785.0,83116,2763120,3143891500.0,3785.0,97,3784.0,344
rb1805,20171215,20171214,210423500,3785.0,83132,2763120,3144497100.0,3785.0,90,3784.0,344
rb1805,20171215,20171214,210424000,3785.0,83150,2763122,3145178380.0,3785.0,59,3784.0,245
rb1805,20171215,20171214,210424500,3785.0,83194,2763108,3146843380.0,3785.0,59,3784.0,225
rb1805,20171215,20171214,210425000,3785.0,83208,2763104,3147373260.0,3785.0,72,3784.0,157
rb1805,20171215,20171214,210425500,3785.0,83256,2763102,3149190040.0,3785.0,79,3784.0,158
rb1805,20171215,20171214,210426000,3785.0,83270,2763104,3149719940.0,3785.0,106,3784.0,161
rb1805,20171215,20171214,210426500,3785.0,83280,2763102,3150098380.0,3785.0,152,3784.0,161
rb1805,20171215,20171214,210427000,3785.0,83404,2763124,3154791680.0,3785.0,96,3784.0,203
rb1805,20171215,20171214,210427500,3785.0,83464,2763106,3157062620.0,3785.0,102,3784.0,206
rb1805,20171215,20171214,210428000,3785.0,83512,2763106,3158879420.0,3785.0,140,3784.0,209
rb1805,20171215,20171214,210428500,3785.0,83524,2763108,3159333580.0,3785.0,173,3784.0,219
rb1805,20171215,20171214,210429000,3784.0,83610,2763132,3162588640.0,3785.0,139,3784.0,218
rb1805,20171215,20171214,210429500,3785.0,83748,2763240,3167811700.0,3785.0,93,3784.0,207
rb1805,20171215,20171214,210430000,3784.0,84188,2763564,3184461420.0,3784.0,123,3783.0,302
rb1805,20171215,20171214,210430500,3784.0,84198,2763570,3184839780.0,3784.0,120,3783.0,283
rb1805,20171215,20171214,210431000,3784.0,84210,2763582,3185293860.0,3784.0,114,3783.0,285
rb1805,20171215,20171214,210431500,3784.0,84296,2763656,3188548080.0,3784.0,81,3783.0,285
rb1805,20171215,20171214,210432000,3784.0,84328,2763688,3189758960.0,3784.0,65,3783.0,285
rb1805,20171215,20171214,210432500,3784.0,84340,2763698,3190213040.0,3784.0,59,3783.0,304
rb1805,20171215,20171214,210433000,3784.0,84372,2763726,3191423900.0,3784.0,47,3783.0,304
rb1805,20171215,20171214,210433500,3785.0,84468,2763710,3195056560.0,3785.0,218,3784.0,94
rb1805,20171215,20171214,210434000,3785.0,84476,2763710,3195359360.0,3785.0,215,3784.0,112
rb1805,20171215,20171214,210434500,3784.0,84508,2763708,3196570260.0,3785.0,215,3784.0,181
rb1805,20171215,20171214,210435000,3784.0,84612,2763622,3200506620.0,3785.0,164,3784.0,185
rb1805,20171215,20171214,210435500,3784.0,84618,2763622,3200733680.0,3785.0,182,3784.0,214
rb1805,20171215,20171214,210436000,3784.0,84624,2763622,3200960740.0,3785.0,172,3784.0,214
rb1805,20171215,20171214,210436500,3785.0,84628,2763620,3201112120.0,3785.0,162,3784.0,218
rb1805,20171215,20171214,210437000,3785.0,84632,2763620,3201263500.0,3785.0,161,3784.0,223
rb1805,20171215,20171214,210437500,3785.0,84740,2763692,3205351240.0,3785.0,116,3784.0,222
rb1805,20171215,20171214,210438000,3785.0,84762,2763680,3206183760.0,3785.0,130,3784.0,214
rb1805,20171215,20171214,210438500,3784.0,84784,2763680,3207016240.0,3785.0,136,3784.0,158
rb1805,20171215,20171214,210439000,3784.0,84828,2763672,3208681620.0,3785.0,119,3784.0,158
rb1805,20171215,20171214,210439500,3784.0,84840,2763668,3209135800.0,3785.0,146,3784.0,162
rb1805,20171215,20171214,210440000,3784.0,84862,2763664,3209968380.0,3785.0,142,3784.0,156
rb1805,20171215,20171214,210440500,3785.0,84886,2763664,3210876700.0,3785.0,136,3784.0,154
rb1805,20171215,20171214,210441000,3784.0,84916,2763658,3212012120.0,3785.0,129,3784.0,152
rb1805,20171215,20171214,210441500,3784.0,84996,2763638,3215039420.0,3785.0,133,3784.0,38
rb1805,20171215,20171214,210442000,3784.0,85160,2763646,3221245140.0,3784.0,272,3783.0,391
rb1805,20171215,20171214,210442500,3784.0,85280,2763662,3225785940.0,3784.0,142,3783.0,391
rb1805,20171215,20171214,210443000,3784.0,85306,2763682,3226769760.0,3784.0,118,3783.0,389
rb1805,20171215,20171214,210443500,3784.0,85322,2763686,3227375200.0,3784.0,132,3783.0,409
rb1805,20171215,20171214,210444000,3784.0,85526,2763626,3235094360.0,3784.0,45,3783.0,380
rb1805,20171215,20171214,210444500,3784.0,85538,2763636,3235548440.0,3784.0,57,3783.0,381
rb1805,20171215,20171214,210445000,3784.0,85548,2763636,3235926840.0,3784.0,81,3783.0,398
rb1805,20171215,20171214,210445500,3784.0,85572,2763640,3236834960.0,3784.0,73,3783.0,396
rb1805,20171215,20171214,210446000,3784.0,85600,2763660,3237894480.0,3784.0,83,3783.0,396
rb1805,20171215,20171214,210446500,3784.0,85662,2763646,3240240560.0,3784.0,58,3783.0,399
rb1805,20171215,20171214,210447000,3784.0,85700,2763636,3241678480.0,3784.0,72,3783.0,402
rb1805,20171215,20171214,210447500,3784.0,85814,2763560,3245991440.0,3784.0,56,3783.0,365
rb1805,20171215,20171214,210448000,3783.0,85830,2763554,3246596840.0,3784.0,51,3783.0,367
rb1805,20171215,20171214,210448500,3784.0,85886,2763574,3248715880.0,3784.0,31,3783.0,375
rb1805,20171215,20171214,210449000,3784.0,85982,2763560,3252348520.0,3785.0,282,3784.0,61
rb1805,20171215,20171214,210449500,3784.0,86018,2763548,3253710800.0,3785.0,273,3784.0,50
rb1805,20171215,20171214,210450000,3785.0,86036,2763536,3254391960.0,3785.0,275,3784.0,46
rb1805,20171215,20171214,210450500,3784.0,86056,2763524,3255148780.0,3785.0,284,3784.0,69
rb1805,20171215,20171214,210451000,3784.0,86278,2763428,3263548780.0,3784.0,10,3783.0,429
rb1805,20171215,20171214,210451500,3784.0,86296,2763444,3264229900.0,3784.0,1,3783.0,434
rb1805,20171215,20171214,210452000,3784.0,86316,2763456,3264986860.0,3785.0,308,3783.0,480
rb1805,20171215,20171214,210452500,3785.0,86318,2763454,3265062560.0,3785.0,310,3784.0,6
rb1805,20171215,20171214,210453000,3784.0,86350,2763464,3266273460.0,3785.0,345,3784.0,7
rb1805,20171215,20171214,210453500,3783.0,86382,2763450,3267484240.0,3784.0,20,3783.0,484
rb1805,20171215,20171214,210454000,3784.0,86404,2763460,3268316700.0,3784.0,2,3783.0,516
rb1805,20171215,20171214,210454500,3783.0,86454,2763460,3270208280.0,3784.0,99,3783.0,495
rb1805,20171215,20171214,210455000,3784.0,86490,2763494,3271570500.0,3784.0,83,3783.0,495
rb1805,20171215,20171214,210455500,3783.0,86576,2763514,3274824700.0,3784.0,53,3783.0,505
rb1805,20171215,20171214,210456000,3784.0,86584,2763520,3275127420.0,3784.0,99,3783.0,509
rb1805,20171215,20171214,210456500,3784.0,86614,2763536,3276262560.0,3784.0,97,3783.0,514
rb1805,20171215,20171214,210457000,3784.0,86614,2763536,3276262560.0,3784.0,109,3783.0,516
rb1805,20171215,20171214,210457500,3783.0,86618,2763536,3276413880.0,3784.0,119,3783.0,519
rb1805,20171215,20171214,210458000,3783.0,86624,2763536,3276640900.0,3784.0,120,3783.0,517
rb1805,20171215,20171214,210458500,3784.0,86648,2763530,3277549020.0,3784.0,152,3783.0,518
rb1805,20171215,20171214,210459000,3784.0,86650,2763530,3277624700.0,3784.0,163,3783.0,520
rb1805,20171215,20171214,210459500,3784.0,86656,2763530,3277851740.0,3784.0,180,3783.0,521
rb1805,20171215,20171214,210500000,3783.0,86730,2763508,3280651680.0,3784.0,203,3783.0,512
rb1805,20171215,20171214,210500500,3784.0,86870,2763556,3285948460.0,3784.0,276,3783.0,476
rb1805,20171215,20171214,210501000,3783.0,87330,2763878,3303350520.0,3784.0,264,3783.0,263
rb1805,20171215,20171214,210501500,3783.0,87618,2763898,3314245560.0,3784.0,296,3783.0,134
rb1805,20171215,20171214,210502000,3784.0,87756,2763926,3319466240.0,3784.0,292,3783.0,91
rb1805,20171215,20171214,210502500,3783.0,87890,2763914,3324535500.0,3784.0,311,3783.0,58
rb1805,20171215,20171214,210503000,3784.0,87930,2763908,3326048960.0,3784.0,298,3783.0,83
rb1805,20171215,20171214,210503500,3784.0,88014,2763954,3329227200.0,3784.0,269,3783.0,72
rb1805,20171215,20171214,210504000,3783.0,88016,2763954,3329302860.0,3784.0,270,3783.0,81
rb1805,20171215,20171214,210504500,3783.0,88120,2763976,3333238180.0,3784.0,156,3783.0,85
rb1805,20171215,20171214,210505000,3784.0,88170,2763972,3335130060.0,3784.0,159,3783.0,153
rb1805,20171215,20171214,210505500,3784.0,88202,2764004,3336340920.0,3784.0,149,3783.0,180
rb1805,20171215,20171214,210506000,3783.0,88252,2764034,3338232680.0,3784.0,135,3783.0,179
rb1805,20171215,20171214,210506500,3783.0,88362,2764052,3342394080.0,3784.0,130,3783.0,441
rb1805,20171215,20171214,210507000,3783.0,88416,2764070,3344437120.0,3784.0,104,3783.0,128
rb1805,20171215,20171214,210507500,3784.0,88426,2764064,3344815500.0,3784.0,140,3783.0,133
rb1805,20171215,20171214,210508000,3784.0,88628,2764202,3352459180.0,3784.0,42,3783.0,154
rb1805,20171215,20171214,210508500,3784.0,88638,2764202,3352837520.0,3784.0,48,3783.0,173
rb1805,20171215,20171214,210509000,3784.0,88658,2764200,3353594300.0,3784.0,59,3783.0,484
rb1805,20171215,20171214,210509500,3783.0,88770,2764200,3357832340.0,3784.0,13,3783.0,186
rb1805,20171215,20171214,210510000,3783.0,88774,2764200,3357983680.0,3784.0,48,3783.0,189
rb1805,20171215,20171214,210510500,3784.0,88820,2764222,3359724260.0,3784.0,32,3783.0,485
rb1805,20171215,20171214,210511000,3784.0,88998,2764258,3366459780.0,3785.0,494,3784.0,100
rb1805,20171215,20171214,210511500,3784.0,89008,2764258,3366838180.0,3785.0,484,3784.0,107
rb1805,20171215,20171214,210512000,3784.0,89040,2764226,3368049060.0,3785.0,483,3784.0,108
rb1805,20171215,20171214,210512500,3784.0,89152,2764226,3372287140.0,3785.0,448,3784.0,99
rb1805,20171215,20171214,210513000,3784.0,89216,2764224,3374708920.0,3785.0,452,3784.0,71
rb1805,20171215,20171214,210513500,3785.0,89240,2764228,3375617100.0,3785.0,450,3784.0,73
rb1805,20171215,20171214,210514000,3785.0,89274,2764240,3376903720.0,3785.0,451,3784.0,59
rb1805,20171215,20171214,210514500,3785.0,89292,2764242,3377584960.0,3785.0,447,3784.0,28
rb1805,20171215,20171214,210515000,3784.0,89312,2764256,3378341760.0,3785.0,447,3784.0,33
rb1805,20171215,20171214,210515500,3785.0,89368,2764244,3380461320.0,3785.0,425,3784.0,49
rb1805,20171215,20171214,210516000,3784.0,89408,2764274,3381974920.0,3785.0,425,3784.0,41
rb1805,20171215,20171214,210516500,3784.0,89440,2764284,3383185900.0,3785.0,424,3784.0,81
rb1805,20171215,20171214,210517000,3785.0,89482,2764290,3384775520.0,3785.0,418,3784.0,88
rb1805,20171215,20171214,210517500,3784.0,89518,2764280,3386137780.0,3785.0,419,3784.0,72
rb1805,20171215,20171214,210518000,3784.0,89586,2764216,3388710940.0,3785.0,443,3784.0,41
rb1805,20171215,20171214,210518500,3784.0,89798,2764078,3396733020.0,3784.0,126,3783.0,227
rb1805,20171215,20171214,210519000,3784.0,89862,2764068,3399154780.0,3784.0,193,3783.0,243
rb1805,20171215,20171214,210519500,3783.0,90364,2763850,3418145440.0,3783.0,249,3782.0,749
rb1805,20171215,20171214,210520000,3783.0,90382,2763844,3418826380.0,3783.0,247,3782.0,750
rb1805,20171215,20171214,210520500,3783.0,90400,2763842,3419507320.0,3783.0,278,3782.0,750
rb1805,20171215,20171214,210521000,3783.0,90420,2763830,3420263920.0,3783.0,323,3782.0,749
rb1805,20171215,20171214,210521500,3783.0,90438,2763828,3420944840.0,3783.0,315,3782.0,749
rb1805,20171215,20171214,210522000,3783.0,90440,2763826,3421020500.0,3783.0,316,3782.0,748
rb1805,20171215,20171214,210522500,3783.0,90454,2763814,3421550080.0,3783.0,314,3782.0,746
rb1805,20171215,20171214,210523000,3782.0,90468,2763808,3422079640.0,3783.0,310,3782.0,823
rb1805,20171215,20171214,210523500,3782.0,90492,2763792,3422987520.0,3783.0,301,3782.0,825
rb1805,20171215,20171214,210524000,3782.0,90608,2763714,3427375640.0,3783.0,368,3782.0,833
rb1805,20171215,20171214,210524500,3782.0,90614,2763714,3427602600.0,3783.0,367,3782.0,833
rb1805,20171215,20171214,210525000,3783.0,90924,2763734,3439329860.0,3783.0,216,3782.0,854
rb1805,20171215,20171214,210525500,3783.0,91142,2763934,3447576660.0,3783.0,90,3782.0,859
rb1805,20171215,20171214,210526000,3783.0,91166,2763944,3448484380.0,3783.0,122,3782.0,866
rb1805,20171215,20171214,210526500,3782.0,92176,2763942,3486682820.0,3783.0,182,3782.0,373
rb1805,20171215,20171214,210527000,3782.0,92988,2764494,3517392280.0,3782.0,298,3781.0,955
rb1805,20171215,20171214,210527500,3782.0,93526,2764424,3537734320.0,3782.0,540,3781.0,689
rb1805,20171215,20171214,210528000,3781.0,94994,2765532,3593240260.0,3781.0,336,3780.0,767
rb1805,20171215,20171214,210528500,3781.0,95052,2765566,3595432760.0,3781.0,337,3780.0,745
rb1805,20171215,20171214,210529000,3781.0,95092,2765582,3596944780.0,3781.0,342,3780.0,854
rb1805,20171215,20171214,210529500,3780.0,95238,2765598,3602463620.0,3781.0,351,3780.0,786
rb1805,20171215,20171214,210530000,3780.0,95736,2765830,3621288580.0,3781.0,334,3780.0,578
rb1805,20171215,20171214,210530500,3780.0,97282,2765258,3679732000.0,3781.0,104,3780.0,67
rb1805,20171215,20171214,210531000,3780.0,97518,2765386,3688653480.0,3780.0,32,3779.0,321
rb1805,20171215,20171214,210531500,3780.0,97744,2765314,3697196220.0,3781.0,151,3780.0,31
rb1805,20171215,20171214,210532000,3780.0,97818,2765294,3699993640.0,3781.0,89,3780.0,10
rb1805,20171215,20171214,210532500,3780.0,97924,2765324,3704000320.0,3781.0,79,3780.0,20
rb1805,20171215,20171214,210533000,3781.0,97962,2765304,3705436800.0,3781.0,86,3780.0,39
rb1805,20171215,20171214,210533500,3780.0,98070,2765232,3709519200.0,3780.0,198,3779.0,303
rb1805,20171215,20171214,210534000,3780.0,98102,2765244,3710728780.0,3780.0,216,3779.0,305
rb1805,20171215,20171214,210534500,3780.0,98144,2765244,3712316340.0,3780.0,201,3779.0,354
rb1805,20171215,20171214,210535000,3779.0,98350,2765250,3720102000.0,3780.0,173,3779.0,301
rb1805,20171215,20171214,210535500,3779.0,98446,2765312,3723730080.0,3780.0,181,3779.0,270
rb1805,20171215,20171214,210536000,3779.0,98514,2765316,3726299900.0,3780.0,185,3779.0,242
rb1805,20171215,20171214,210536500,3779.0,98616,2765288,3730154920.0,3780.0,186,3779.0,258
rb1805,20171215,20171214,210537000,3779.0,98998,2765164,3744591880.0,3780.0,131,3779.0,168
rb1805,20171215,20171214,210537500,3779.0,99098,2765170,3748371000.0,3780.0,131,3779.0,140
rb1805,20171215,20171214,210538000,3780.0,99158,2765144,3750638800.0,3780.0,118,3779.0,234
rb1805,20171215,20171214,210538500,3779.0,100256,2764378,3792132380.0,3779.0,26,3778.0,366
rb1805,20171215,20171214,210539000,3779.0,100404,2764356,3797725360.0,3780.0,167,3779.0,95
rb1805,20171215,20171214,210539500,3779.0,100600,2764324,3805132960.0,3780.0,131,3779.0,76
rb1805,20171215,20171214,210540000,3779.0,100994,2764404,3820025320.0,3780.0,1,3779.0,60
rb1805,20171215,20171214,210540500,3780.0,101078,2764364,3823200520.0,3781.0,158,3780.0,110
rb1805,20171215,20171214,210541000,3779.0,101318,2764320,3832272520.0,3780.0,17,3779.0,135
rb1805,20171215,20171214,210541500,3781.0,101426,2764334,3836355000.0,3781.0,135,3780.0,29
rb1805,20171215,20171214,210542000,3779.0,101538,2764366,3840588960.0,3780.0,77,3779.0,174
rb1805,20171215,20171214,210542500,3780.0,101636,2764370,3844292820.0,3780.0,149,3779.0,149
rb1805,20171215,20171214,210543000,3779.0,101682,2764368,3846031300.0,3780.0,174,3779.0,113
rb1805,20171215,20171214,210543500,3779.0,101958,2764332,3856461880.0,3780.0,151,3779.0,5
rb1805,20171215,20171214,210544000,3779.0,102070,2764344,3860694220.0,3779.0,66,3778.0,402
rb1805,20171215,20171214,210544500,3779.0,102318,2764204,3870066680.0,3780.0,163,3779.0,2
rb1805,20171215,20171214,210545000,3780.0,102532,2764224,3878154120.0,3780.0,148,3779.0,2
rb1805,20171215,20171214,210545500,3779.0,102574,2764250,3879741380.0,3780.0,114,3779.0,5
rb1805,20171215,20171214,210546000,3779.0,102804,2764364,3888431680.0,3779.0,30,3778.0,325
rb1805,20171215,20171214,210546500,3778.0,102854,2764398,3890320780.0,3779.0,83,3778.0,309
rb1805,20171215,20171214,210547000,3779.0,103130,2764420,3900748980.0,3779.0,52,3778.0,333
rb1805,20171215,20171214,210547500,3778.0,103198,2764428,3903318480.0,3779.0,113,3778.0,330
rb1805,20171215,20171214,210548000,3778.0,103362,2764488,3909515260.0,3779.0,76,3778.0,298
rb1805,20171215,20171214,210548500,3778.0,103628,2764506,3919565140.0,3779.0,65,3778.0,200
rb1805,20171215,20171214,210549000,3779.0,103854,2764624,3928103660.0,3779.0,135,3778.0,125
rb1805,20171215,20171214,210549500,3778.0,104184,2764722,3940572260.0,3779.0,79,3778.0,43
rb1805,20171215,20171214,210550000,3779.0,104506,2764710,3952739560.0,3780.0,172,3779.0,22
rb1805,20171215,20171214,210550500,3779.0,104620,2764698,3957047240.0,3779.0,43,3778.0,5
rb1805,20171215,20171214,210551000,3779.0,104780,2764654,3963093180.0,3779.0,29,3778.0,49
rb1805,20171215,20171214,210551500,3779.0,105010,2764818,3971784600.0,3780.0,184,3779.0,104
rb1805,20171215,20171214,210552000,3779.0,105092,2764874,3974883400.0,3780.0,186,3779.0,389
rb1805,20171215,20171214,210552500,3779.0,105326,2765010,3983726940.0,3780.0,156,3779.0,307
rb1805,20171215,20171214,210553000,3779.0,105588,2764886,3993628060.0,3780.0,160,3779.0,193
rb1805,20171215,20171214,210553500,3779.0,105656,2764882,3996197900.0,3780.0,165,3779.0,178
rb1805,20171215,20171214,210554000,3779.0,105740,2764898,3999372780.0,3780.0,134,3779.0,175
rb1805,20171215,20171214,210554500,3779.0,105832,2764898,4002849460.0,3780.0,145,3779.0,138
rb1805,20171215,20171214,210555000,3779.0,105860,2764906,4003907660.0,3780.0,153,3779.0,143
rb1805,20171215,20171214,210555500,3779.0,105904,2764898,4005570540.0,3780.0,153,3779.0,131
rb1805,20171215,20171214,210556000,3779.0,106194,2764964,4016529800.0,3780.0,160,3779.0,3
rb1805,20171215,20171214,210556500,3778.0,106296,2764984,4020384360.0,3779.0,5,3778.0,328
rb1805,20171215,20171214,210557000,3778.0,106344,2765020,4022198240.0,3779.0,133,3778.0,395
rb1805,20171215,20171214,210557500,3779.0,106462,2765024,4026656520.0,3779.0,181,3778.0,350
rb1805,20171215,20171214,210558000,3778.0,106548,2765072,4029905880.0,3779.0,191,3778.0,323
rb1805,20171215,20171214,210558500,3778.0,106922,2764976,4044036960.0,3779.0,137,3778.0,209
rb1805,20171215,20171214,210559000,3778.0,107158,2765000,4052953200.0,3779.0,146,3778.0,104
rb1805,20171215,20171214,210559500,3778.0,107328,2765074,4059376360.0,3779.0,127,3778.0,51
rb1805,20171215,20171214,210600000,3778.0,107396,2765056,4061945580.0,3779.0,130,3778.0,33
rb1805,20171215,20171214,210600500,3779.0,107636,2765196,4071013820.0,3779.0,78,3778.0,178
rb1805,20171215,20171214,210601000,3778.0,107826,2765264,4078192960.0,3779.0,311,3778.0,159
rb1805,20171215,20171214,210601500,3779.0,108022,2765302,4085598020.0,3779.0,303,3778.0,202
rb1805,20171215,20171214,210602000,3779.0,108158,2765230,4090737380.0,3779.0,246,3778.0,203
rb1805,20171215,20171214,210602500,3779.0,108258,2765220,4094515920.0,3779.0,335,3778.0,230
rb1805,20171215,20171214,210603000,3779.0,108948,2764622,4120591000.0,3780.0,316,3779.0,3
rb1805,20171215,20171214,210603500,3779.0,109012,2764610,4123009660.0,3780.0,311,3779.0,115
rb1805,20171215,20171214,210604000,3779.0,109062,2764610,4124899160.0,3780.0,303,3779.0,166
rb1805,20171215,20171214,210604500,3779.0,109096,2764596,4126184040.0,3780.0,299,3779.0,198
rb1805,20171215,20171214,210605000,3779.0,109180,2764626,4129358960.0,3780.0,269,3779.0,190
rb1805,20171215,20171214,210605500,3780.0,109506,2764594,4141681020.0,3780.0,146,3779.0,179
rb1805,20171215,20171214,210606000,3780.0,109650,2764660,4147123820.0,3780.0,106,3779.0,173
rb1805,20171215,20171214,210606500,3780.0,109906,2764590,4156800500.0,3781.0,197,3780.0,32
rb1805,20171215,20171214,210607000,3780.0,110038,2764628,4161790300.0,3781.0,132,3780.0,38
rb1805,20171215,20171214,210607500,3780.0,110114,2764628,4164663100.0,3781.0,119,3780.0,108
rb1805,20171215,20171214,210608000,3781.0,110252,2764652,4169880200.0,3781.0,78,3780.0,79
rb1805,20171215,20171214,210608500,3780.0,110306,2764664,4171921540.0,3781.0,70,3780.0,76
rb1805,20171215,20171214,210609000,3781.0,110374,2764626,4174492000.0,3781.0,89,3780.0,44
rb1805,20171215,20171214,210609500,3780.0,110726,2764820,4187802220.0,3782.0,31,3780.0,32
rb1805,20171215,20171214,210610000,3782.0,110754,2764828,4188860780.0,3782.0,72,3781.0,5
rb1805,20171215,20171214,210610500,3781.0,110770,2764842,4189465760.0,3781.0,9,3780.0,62
rb1805,20171215,20171214,210611000,3780.0,110830,2764856,4191733820.0,3781.0,28,3780.0,72
rb1805,20171215,20171214,210611500,3780.0,110924,2764914,4195287780.0,3781.0,90,3780.0,59
rb1805,20171215,20171214,210612000,3779.0,111544,2765330,4218719280.0,3781.0,98,3779.0,11
rb1805,20171215,20171214,210612500,3780.0,111570,2765342,4219701940.0,3780.0,21,3779.0,14
rb1805,20171215,20171214,210613000,3780.0,111606,2765332,4221062720.0,3780.0,88,3779.0,17
rb1805,20171215,20171214,210613500,3780.0,111890,2765342,4231797260.0,3780.0,41,3779.0,1
rb1805,20171215,20171214,210614000,3780.0,111986,2765402,4235426000.0,3780.0,34,3779.0,3
rb1805,20171215,20171214,210614500,3779.0,112036,2765426,4237315740.0,3780.0,60,3779.0,29
rb1805,20171215,20171214,210615000,3780.0,112102,2765430,4239810180.0,3780.0,56,3779.0,17
rb1805,20171215,20171214,210615500,3779.0,112124,2765428,4240641740.0,3780.0,43,3779.0,57
rb1805,20171215,20171214,210616000,3779.0,112160,2765460,4242002520.0,3780.0,50,3779.0,59
rb1805,20171215,20171214,210616500,3779.0,112248,2765504,4245328820.0,3780.0,20,3779.0,58
rb1805,20171215,20171214,210617000,3780.0,112390,2765546,4250695400.0,3780.0,17,3779.0,29
rb1805,20171215,20171214,210617500,3780.0,112592,2765554,4258329900.0,3780.0,7,3778.0,375
rb1805,20171215,20171214,210618000,3779.0,112680,2765564,4261655540.0,3779.0,1,3778.0,379
rb1805,20171215,20171214,210618500,3779.0,112766,2765574,4264905720.0,3780.0,25,3779.0,88
rb1805,20171215,20171214,210619000,3779.0,112876,2765604,4269062880.0,3780.0,272,3779.0,106
rb1805,20171215,20171214,210619500,3779.0,113010,2765626,4274126940.0,3780.0,281,3779.0,58
rb1805,20171215,20171214,210620000,3779.0,113064,2765608,4276168100.0,3780.0,259,3779.0,73
rb1805,20171215,20171214,210620500,3779.0,113098,2765632,4277453020.0,3780.0,268,3779.0,149
rb1805,20171215,20171214,210621000,3779.0,113372,2765640,4287807520.0,3780.0,273,3779.0,49
rb1805,20171215,20171214,210621500,3779.0,113408,2765662,4289168000.0,3780.0,314,3779.0,40
rb1805,20171215,20171214,210622000,3779.0,113436,2765660,4290226180.0,3780.0,322,3779.0,41
rb1805,20171215,20171214,210622500,3780.0,113482,2765638,4291964840.0,3780.0,326,3779.0,37
rb1805,20171215,20171214,210623000,3779.0,113570,2765656,4295290760.0,3780.0,307,3779.0,35
rb1805,20171215,20171214,210623500,3779.0,113720,2765778,4300959220.0,3779.0,453,3778.0,407
rb1805,20171215,20171214,210624000,3779.0,113730,2765788,4301337100.0,3779.0,464,3778.0,427
rb1805,20171215,20171214,210624500,3778.0,114610,2766470,4334584200.0,3778.0,99,3777.0,459
rb1805,20171215,20171214,210625000,3777.0,114830,2766496,4342893820.0,3778.0,89,3777.0,360
rb1805,20171215,20171214,210625500,3777.0,115220,2766416,4357624960.0,3778.0,182,3777.0,232
rb1805,20171215,20171214,210626000,3777.0,115794,2766800,4379305820.0,3777.0,518,3776.0,507
rb1805,20171215,20171214,210626500,3776.0,117102,2767784,4428698800.0,3776.0,155,3775.0,883
rb1805,20171215,20171214,210627000,3775.0,119344,2768966,4513338940.0,3775.0,59,3774.0,410
rb1805,20171215,20171214,210627500,3774.0,122464,2768694,4631055060.0,3774.0,161,3772.0,487
rb1805,20171215,20171214,210628000,3772.0,123886,2769476,4684691900.0,3772.0,14,3771.0,421
rb1805,20171215,20171214,210628500,3774.0,126720,2768420,4791582580.0,3774.0,539,3773.0,21
rb1805,20171215,20171214,210629000,3774.0,128092,2767894,4843355460.0,3774.0,344,3773.0,95
rb1805,20171215,20171214,210629500,3774.0,129444,2767622,4894372840.0,3774.0,13,3773.0,137
rb1805,20171215,20171214,210630000,3774.0,129834,2767582,4909091700.0,3775.0,47,3774.0,36
rb1805,20171215,20171214,210630500,3773.0,130028,2767490,4916412580.0,3774.0,82,3773.0,147
rb1805,20171215,20171214,210631000,3775.0,130616,2767354,4938603320.0,3776.0,117,3775.0,100
rb1805,20171215,20171214,210631500,3775.0,131044,2767212,4954758340.0,3775.0,211,3774.0,2
rb1805,20171215,20171214,210632000,3771.0,132042,2768024,4992397420.0,3771.0,28,3770.0,1421
rb1805,20171215,20171214,210632500,3771.0,133042,2768494,5030109480.0,3772.0,98,3771.0,722
rb1805,20171215,20171214,210633000,3773.0,133952,2768706,5064436940.0,3773.0,84,3772.0,527
rb1805,20171215,20171214,210633500,3774.0,134606,2768624,5089114920.0,3774.0,103,3773.0,9
rb1805,20171215,20171214,210634000,3774.0,134946,2768624,5101945540.0,3774.0,28,3773.0,161
rb1805,20171215,20171214,210634500,3774.0,135476,2768454,5121948400.0,3775.0,199,3774.0,148
rb1805,20171215,20171214,210635000,3774.0,135924,2768728,5138857720.0,3775.0,149,3774.0,88
rb1805,20171215,20171214,210635500,3773.0,136308,2768576,5153349060.0,3774.0,16,3773.0,260
rb1805,20171215,20171214,210636000,3774.0,136692,2768444,5167840040.0,3775.0,654,3774.0,45
rb1805,20171215,20171214,210636500,3774.0,136868,2768426,5174482020.0,3774.0,274,3773.0,179
rb1805,20171215,20171214,210637000,3773.0,137266,2768202,5189498840.0,3773.0,4,3772.0,1381
rb1805,20171215,20171214,210637500,3773.0,137652,2768404,5204063780.0,3774.0,373,3773.0,22
rb1805,20171215,20171214,210638000,3774.0,138104,2768722,5221118700.0,3774.0,357,3773.0,89
rb1805,20171215,20171214,210638500,3772.0,138556,2768760,5238172620.0,3774.0,307,3773.0,5
rb1805,20171215,20171214,210639000,3773.0,138674,2768846,5242625180.0,3773.0,145,3772.0,1617
rb1805,20171215,20171214,210639500,3773.0,139028,2768772,5255981420.0,3774.0,358,3773.0,5
rb1805,20171215,20171214,210640000,3773.0,139690,2769244,5280963380.0,3773.0,40,3772.0,1581
rb1805,20171215,20171214,210640500,3773.0,140200,2769348,5300206380.0,3773.0,19,3772.0,1548
rb1805,20171215,20171214,210641000,3772.0,140402,2769418,5307826900.0,3773.0,33,3772.0,1533
rb1805,20171215,20171214,210641500,3772.0,140636,2769588,5316655260.0,3773.0,23,3772.0,1516
rb1805,20171215,20171214,210642000,3772.0,141020,2769414,5331140820.0,3773.0,187,3772.0,1471
rb1805,20171215,20171214,210642500,3773.0,141932,2769482,5365548640.0,3774.0,109,3773.0,4
rb1805,20171215,20171214,210643000,3773.0,142844,2770120,5399963780.0,3774.0,60,3773.0,33
rb1805,20171215,20171214,210643500,3773.0,143412,2770054,5421392660.0,3773.0,94,3772.0,1163
rb1805,20171215,20171214,210644000,3772.0,143750,2770194,5434144900.0,3773.0,33,3772.0,1155
rb1805,20171215,20171214,210644500,3773.0,143908,2770194,5440106260.0,3774.0,232,3773.0,33
rb1805,20171215,20171214,210645000,3773.0,144218,2770280,5451800780.0,3773.0,14,3772.0,1102
rb1805,20171215,20171214,210645500,3773.0,144290,2770330,5454517340.0,3774.0,250,3773.0,302
rb1805,20171215,20171214,210646000,3774.0,144550,2770554,5464327580.0,3774.0,228,3773.0,291
rb1805,20171215,20171214,210646500,3773.0,144888,2770714,5477082900.0,3774.0,107,3773.0,281
rb1805,20171215,20171214,210647000,3774.0,145406,2770820,5496632240.0,3774.0,17,3773.0,228
rb1805,20171215,20171214,210647500,3774.0,145646,2770788,5505689840.0,3775.0,622,3774.0,84
rb1805,20171215,20171214,210648000,3775.0,145760,2770804,5509992300.0,3775.0,619,3774.0,117
rb1805,20171215,20171214,210648500,3775.0,146236,2770990,5527959660.0,3776.0,154,3775.0,96
rb1805,20171215,20171214,210649000,3775.0,146544,2771208,5539586940.0,3775.0,29,3774.0,50
rb1805,20171215,20171214,210649500,3774.0,146670,2771190,5544342320.0,3775.0,51,3774.0,22
rb1805,20171215,20171214,210650000,3774.0,146738,2771208,5546908580.0,3775.0,71,3773.0,369
rb1805,20171215,20171214,210650500,3775.0,146788,2771212,5548795600.0,3775.0,136,3773.0,415
rb1805,20171215,20171214,210651000,3775.0,146842,2771220,5550833820.0,3775.0,131,3774.0,76
rb1805,20171215,20171214,210651500,3774.0,146892,2771210,5552721000.0,3775.0,118,3774.0,70
rb1805,20171215,20171214,210652000,3774.0,146984,2771242,5556193460.0,3775.0,117,3774.0,50
rb1805,20171215,20171214,210652500,3774.0,147144,2771142,5562232040.0,3774.0,173,3773.0,508
rb1805,20171215,20171214,210653000,3774.0,147396,2771060,5571742340.0,3774.0,83,3773.0,542
rb1805,20171215,20171214,210653500,3774.0,147616,2770946,5580045100.0,3774.0,18,3773.0,520
rb1805,20171215,20171214,210654000,3775.0,147916,2770894,5591368360.0,3775.0,119,3774.0,1
rb1805,20171215,20171214,210654500,3775.0,147972,2770910,5593482080.0,3775.0,128,3773.0,636
rb1805,20171215,20171214,210655000,3775.0,148058,2770960,5596728140.0,3775.0,124,3774.0,13
rb1805,20171215,20171214,210655500,3774.0,148128,2770920,5599369980.0,3775.0,124,3774.0,8
rb1805,20171215,20171214,210656000,3774.0,148208,2770950,5602389760.0,3775.0,152,3774.0,59
rb1805,20171215,20171214,210656500,3775.0,148300,2770938,5605861920.0,3775.0,147,3774.0,21
rb1805,20171215,20171214,210657000,3774.0,148372,2770938,5608579180.0,3774.0,53,3773.0,648
rb1805,20171215,20171214,210657500,3774.0,148440,2770894,5611145460.0,3774.0,33,3773.0,646
rb1805,20171215,20171214,210658000,3773.0,148592,2770892,5616882360.0,3774.0,26,3773.0,703
rb1805,20171215,20171214,210658500,3773.0,149412,2770616,5647821740.0,3774.0,9,3773.0,329
rb1805,20171215,20171214,210659000,3775.0,149724,2770670,5659596440.0,3775.0,253,3774.0,48
rb1805,20171215,20171214,210659500,3773.0,150884,2771060,5703366740.0,3773.0,47,3772.0,1008
rb1805,20171215,20171214,210700000,3773.0,151616,2770896,5730985720.0,3774.0,240,3773.0,313
rb1805,20171215,20171214,210700500,3774.0,151984,2770774,5744870740.0,3774.0,95,3773.0,249
rb1805,20171215,20171214,210701000,3773.0,152466,2770632,5763062280.0,3774.0,13,3773.0,316
rb1805,20171215,20171214,210701500,3774.0,152562,2770688,5766685420.0,3775.0,170,3774.0,165
rb1805,20171215,20171214,210702000,3774.0,152660,2770680,5770384460.0,3775.0,170,3774.0,314
rb1805,20171215,20171214,210702500,3774.0,153148,2770576,5788801800.0,3775.0,172,3774.0,137
rb1805,20171215,20171214,210703000,3774.0,153194,2770614,5790537960.0,3775.0,173,3774.0,209
rb1805,20171215,20171214,210703500,3774.0,153260,2770640,5793029100.0,3775.0,177,3774.0,195
rb1805,20171215,20171214,210704000,3775.0,153432,2770716,5799521340.0,3775.0,231,3774.0,236
rb1805,20171215,20171214,210704500,3775.0,153846,2770886,5815149280.0,3775.0,69,3774.0,216
rb1805,20171215,20171214,210705000,3774.0,155038,2771816,5860142960.0,3776.0,240,3775.0,126
rb1805,20171215,20171214,210705500,3775.0,155172,2771922,5865202340.0,3776.0,172,3775.0,125
rb1805,20171215,20171214,210706000,3776.0,155622,2771808,5882193980.0,3777.0,681,3776.0,103
rb1805,20171215,20171214,210706500,3776.0,155856,2771758,5891029860.0,3777.0,680,3775.0,235
rb1805,20171215,20171214,210707000,3775.0,155904,2771776,5892842080.0,3777.0,573,3775.0,238
rb1805,20171215,20171214,210707500,3776.0,156206,2771990,5904248400.0,3777.0,432,3775.0,310
rb1805,20171215,20171214,210708000,3775.0,156250,2772018,5905909780.0,3777.0,428,3776.0,3
rb1805,20171215,20171214,210708500,3777.0,156272,2772024,5906740480.0,3777.0,425,3776.0,57
rb1805,20171215,20171214,210709000,3776.0,156342,2772042,5909383920.0,3777.0,428,3776.0,42
rb1805,20171215,20171214,210709500,3777.0,156436,2771998,5912933580.0,3777.0,422,3776.0,65
rb1805,20171215,20171214,210710000,3776.0,156490,2772026,5914972880.0,3777.0,407,3776.0,63
rb1805,20171215,20171214,210710500,3776.0,156580,2772104,5918371600.0,3777.0,391,3776.0,46
rb1805,20171215,20171214,210711000,3776.0,156758,2772080,5925092340.0,3777.0,390,3776.0,18
rb1805,20171215,20171214,210711500,3776.0,156810,2772072,5927055980.0,3776.0,5,3775.0,267
rb1805,20171215,20171214,210712000,3776.0,156964,2772164,5932871000.0,3776.0,59,3775.0,326
rb1805,20171215,20171214,210712500,3776.0,157168,2772178,5940574740.0,3776.0,36,3775.0,325
rb1805,20171215,20171214,210713000,3775.0,157226,2772212,5942764740.0,3776.0,31,3775.0,324
rb1805,20171215,20171214,210713500,3776.0,157254,2772224,5943821900.0,3776.0,153,3775.0,319
rb1805,20171215,20171214,210714000,3776.0,157396,2772206,5949183800.0,3776.0,124,3775.0,321
rb1805,20171215,20171214,210714500,3774.0,158194,2772358,5979309740.0,3775.0,3,3774.0,222
rb1805,20171215,20171214,210715000,3774.0,158232,2772364,5980744200.0,3775.0,52,3774.0,260
rb1805,20171215,20171214,210715500,3775.0,158312,2772326,5983764120.0,3775.0,112,3774.0,287
rb1805,20171215,20171214,210716000,3775.0,158468,2772238,5989652760.0,3775.0,160,3774.0,270
rb1805,20171215,20171214,210716500,3775.0,158668,2772148,5997202000.0,3775.0,102,3774.0,234
rb1805,20171215,20171214,210717000,3774.0,158740,2772152,5999919920.0,3775.0,70,3774.0,231
rb1805,20171215,20171214,210717500,3775.0,158820,2772142,6002939800.0,3775.0,27,3774.0,240
rb1805,20171215,20171214,210718000,3775.0,158884,2772190,6005355800.0,3776.0,164,3775.0,55
rb1805,20171215,20171214,210718500,3776.0,159026,2772244,6010716480.0,3776.0,171,3775.0,31
rb1805,20171215,20171214,210719000,3775.0,159276,2772118,6020153940.0,3775.0,206,3774.0,217
rb1805,20171215,20171214,210719500,3774.0,159530,2772136,6029740540.0,3775.0,174,3774.0,315
rb1805,20171215,20171214,210720000,3775.0,160116,2772084,6051861940.0,3776.0,171,3775.0,46
rb1805,20171215,20171214,210720500,3775.0,160362,2772166,6061148040.0,3775.0,100,3774.0,307
rb1805,20171215,20171214,210721000,3775.0,160490,2772288,6065979760.0,3776.0,262,3775.0,222
rb1805,20171215,20171214,210721500,3776.0,160520,2772318,6067112380.0,3776.0,255,3775.0,483
rb1805,20171215,20171214,210722000,3775.0,160546,2772332,6068093920.0,3776.0,259,3775.0,773
rb1805,20171215,20171214,210722500,3775.0,161372,2772872,6099279600.0,3776.0,29,3775.0,585
rb1805,20171215,20171214,210723000,3775.0,161510,2772940,6104489940.0,3777.0,716,3775.0,559
rb1805,20171215,20171214,210723500,3776.0,161550,2772968,6106000040.0,3776.0,18,3775.0,649
rb1805,20171215,20171214,210724000,3775.0,161612,2772988,6108340640.0,3776.0,133,3775.0,627
rb1805,20171215,20171214,210724500,3776.0,161840,2773164,6116947740.0,3776.0,147,3775.0,517
rb1805,20171215,20171214,210725000,3776.0,161886,2773194,6118684600.0,3776.0,136,3775.0,536
rb1805,20171215,20171214,210725500,3775.0,161898,2773196,6119137700.0,3776.0,135,3775.0,1044
rb1805,20171215,20171214,210726000,3776.0,162310,2773020,6134695620.0,3777.0,693,3776.0,393
rb1805,20171215,20171214,210726500,3776.0,162380,2773088,6137338840.0,3777.0,697,3776.0,413
rb1805,20171215,20171214,210727000,3777.0,162476,2773180,6140963860.0,3777.0,550,3776.0,409
rb1805,20171215,20171214,210727500,3776.0,162736,2773414,6150783700.0,3777.0,440,3776.0,392
rb1805,20171215,20171214,210728000,3776.0,162784,2773442,6152596260.0,3777.0,438,3776.0,498
rb1805,20171215,20171214,210728500,3776.0,162812,2773464,6153653680.0,3777.0,434,3776.0,487
rb1805,20171215,20171214,210729000,3776.0,163190,2773290,6167927020.0,3777.0,471,3776.0,320
rb1805,20171215,20171214,210729500,3776.0,163940,2773394,6196247020.0,3776.0,42,3775.0,1110
rb1805,20171215,20171214,210730000,3775.0,163968,2773394,6197304260.0,3776.0,35,3775.0,1155
rb1805,20171215,20171214,210730500,3776.0,164088,2773510,6201835480.0,3777.0,472,3776.0,56
rb1805,20171215,20171214,210731000,3776.0,164170,2773586,6204931860.0,3777.0,473,3776.0,72
rb1805,20171215,20171214,210731500,3777.0,164192,2773602,6205762640.0,3777.0,482,3776.0,70
rb1805,20171215,20171214,210732000,3776.0,164210,2773616,6206442320.0,3777.0,486,3776.0,63
rb1805,20171215,20171214,210732500,3776.0,164242,2773604,6207650680.0,3777.0,489,3776.0,68
rb1805,20171215,20171214,210733000,3776.0,164332,2773604,6211049240.0,3777.0,481,3776.0,83
rb1805,20171215,20171214,210733500,3776.0,164476,2773702,6216487440.0,3777.0,444,3776.0,99
rb1805,20171215,20171214,210734000,3776.0,164564,2773788,6219810460.0,3777.0,442,3776.0,73
rb1805,20171215,20171214,210734500,3777.0,164602,2773824,6221245580.0,3777.0,435,3776.0,77
rb1805,20171215,20171214,210735000,3776.0,164710,2773834,6225323740.0,3777.0,432,3776.0,30
rb1805,20171215,20171214,210735500,3776.0,164754,2773848,6226985560.0,3777.0,413,3776.0,40
rb1805,20171215,20171214,210736000,3777.0,164830,2773858,6229855860.0,3777.0,390,3776.0,50
rb1805,20171215,20171214,210736500,3777.0,165434,2773704,6252666040.0,3777.0,234,3775.0,1099
rb1805,20171215,20171214,210737000,3776.0,165490,2773714,6254780900.0,3777.0,222,3776.0,1
rb1805,20171215,20171214,210737500,3776.0,165594,2773698,6258708260.0,3777.0,206,3776.0,69
rb1805,20171215,20171214,210738000,3777.0,165734,2773746,6263995480.0,3777.0,166,3776.0,103
rb1805,20171215,20171214,210738500,3777.0,165792,2773762,6266185960.0,3777.0,160,3776.0,163
rb1805,20171215,20171214,210739000,3776.0,165954,2773856,6272303540.0,3777.0,145,3776.0,169
rb1805,20171215,20171214,210739500,3777.0,165976,2773858,6273134360.0,3777.0,176,3776.0,165
rb1805,20171215,20171214,210740000,3776.0,166292,2773916,6285067540.0,3777.0,147,3776.0,21
rb1805,20171215,20171214,210740500,3776.0,166614,2773904,6297228940.0,3776.0,44,3775.0,1118
rb1805,20171215,20171214,210741000,3776.0,166694,2773926,6300249740.0,3776.0,21,3775.0,1130
rb1805,20171215,20171214,210741500,3776.0,166908,2773912,6308331460.0,3777.0,12,3776.0,7
rb1805,20171215,20171214,210742000,3777.0,166940,2773904,6309540040.0,3777.0,11,3776.0,18
rb1805,20171215,20171214,210742500,3776.0,167018,2773950,6312485220.0,3777.0,237,3776.0,20
rb1805,20171215,20171214,210743000,3776.0,167104,2773930,6315732560.0,3776.0,94,3775.0,1135
rb1805,20171215,20171214,210743500,3776.0,167148,2773948,6317393960.0,3776.0,66,3775.0,1138
rb1805,20171215,20171214,210744000,3776.0,167182,2773952,6318677800.0,3776.0,61,3775.0,1142
rb1805,20171215,20171214,210744500,3776.0,167204,2773974,6319508460.0,3776.0,65,3775.0,1139
rb1805,20171215,20171214,210745000,3776.0,167258,2773982,6321547460.0,3776.0,90,3775.0,1136
rb1805,20171215,20171214,210745500,3776.0,167326,2774008,6324115020.0,3776.0,63,3775.0,1138
rb1805,20171215,20171214,210746000,3776.0,167652,2774036,6336422920.0,3776.0,2,3775.0,1049
rb1805,20171215,20171214,210746500,3776.0,167668,2774050,6337027020.0,3776.0,3,3775.0,1048
rb1805,20171215,20171214,210747000,3775.0,167698,2774072,6338159580.0,3776.0,81,3775.0,1042
rb1805,20171215,20171214,210747500,3776.0,167720,2774094,6338990200.0,3776.0,89,3775.0,1041
rb1805,20171215,20171214,210748000,3776.0,167778,2774138,6341180120.0,3776.0,159,3775.0,1025
rb1805,20171215,20171214,210748500,3775.0,168858,2774166,6381950240.0,3776.0,232,3775.0,495
rb1805,20171215,20171214,210749000,3775.0,169858,2774740,6419700360.0,3775.0,84,3774.0,158
rb1805,20171215,20171214,210749500,3775.0,170174,2774660,6431627620.0,3775.0,27,3774.0,64
rb1805,20171215,20171214,210750000,3775.0,170268,2774722,6435175520.0,3775.0,28,3774.0,33
rb1805,20171215,20171214,210750500,3774.0,170374,2774764,6439176320.0,3774.0,14,3773.0,678
rb1805,20171215,20171214,210751000,3774.0,170450,2774798,6442044800.0,3774.0,4,3773.0,679
rb1805,20171215,20171214,210751500,3774.0,170484,2774820,6443328100.0,3775.0,563,3774.0,6
rb1805,20171215,20171214,210752000,3775.0,170546,2774776,6445668080.0,3775.0,559,3774.0,128
rb1805,20171215,20171214,210752500,3774.0,170700,2774814,6451481240.0,3775.0,479,3774.0,124
rb1805,20171215,20171214,210753000,3773.0,171706,2774370,6489440420.0,3775.0,480,3774.0,10
rb1805,20171215,20171214,210753500,3774.0,171784,2774398,6492384060.0,3774.0,46,3773.0,323
rb1805,20171215,20171214,210754000,3773.0,171872,2774410,6495704480.0,3774.0,95,3773.0,287
rb1805,20171215,20171214,210754500,3774.0,171908,2774428,6497062940.0,3774.0,130,3773.0,279
rb1805,20171215,20171214,210755000,3774.0,171930,2774444,6497893220.0,3774.0,132,3773.0,279
rb1805,20171215,20171214,210755500,3774.0,172466,2774674,6518124140.0,3775.0,392,3774.0,13
rb1805,20171215,20171214,210756000,3774.0,172514,2774668,6519935700.0,3775.0,390,3774.0,47
rb1805,20171215,20171214,210756500,3774.0,172608,2774684,6523483260.0,3775.0,394,3774.0,75
rb1805,20171215,20171214,210757000,3775.0,173414,2774736,6553909620.0,3776.0,167,3775.0,105
rb1805,20171215,20171214,210757500,3775.0,173464,2774774,6555797120.0,3776.0,171,3775.0,100
rb1805,20171215,20171214,210758000,3775.0,173672,2774938,6563649100.0,3775.0,23,3774.0,168
rb1805,20171215,20171214,210758500,3774.0,173696,2774940,6564554960.0,3775.0,20,3774.0,199
rb1805,20171215,20171214,210759000,3775.0,173732,2774944,6565913940.0,3775.0,12,3774.0,199
rb1805,20171215,20171214,210759500,3775.0,173818,2774948,6569160440.0,3776.0,170,3775.0,255
rb1805,20171215,20171214,210800000,3776.0,173838,2774956,6569915480.0,3776.0,172,3775.0,252
rb1805,20171215,20171214,210800500,3775.0,174026,2775088,6577012880.0,3776.0,148,3775.0,182
rb1805,20171215,20171214,210801000,3775.0,174126,2775134,6580787880.0,3776.0,162,3775.0,573
rb1805,20171215,20171214,210801500,3775.0,174600,2775022,6598681380.0,3776.0,164,3775.0,339
rb1805,20171215,20171214,210802000,3775.0,174630,2775030,6599813980.0,3776.0,332,3775.0,442
rb1805,20171215,20171214,210802500,3775.0,175230,2774458,6622464100.0,3776.0,340,3775.0,161
rb1805,20171215,20171214,210803000,3776.0,175590,2774546,6636054220.0,3776.0,339,3775.0,10
rb1805,20171215,20171214,210803500,3774.0,175632,2774550,6637639700.0,3775.0,66,3774.0,202
rb1805,20171215,20171214,210804000,3774.0,175934,2774572,6649039220.0,3775.0,2,3774.0,155
rb1805,20171215,20171214,210804500,3775.0,175994,2774598,6651304300.0,3775.0,19,3774.0,155
rb1805,20171215,20171214,210805000,3774.0,176074,2774630,6654324100.0,3775.0,8,3774.0,146
rb1805,20171215,20171214,210805500,3775.0,176198,2774678,6659004900.0,3775.0,22,3774.0,148
rb1805,20171215,20171214,210806000,3774.0,176318,2774630,6663533920.0,3775.0,14,3774.0,107
rb1805,20171215,20171214,210806500,3774.0,176354,2774642,6664892760.0,3775.0,54,3774.0,111
rb1805,20171215,20171214,210807000,3774.0,176390,2774644,6666251640.0,3775.0,60,3774.0,97
rb1805,20171215,20171214,210807500,3774.0,177200,2774782,6696825240.0,3774.0,168,3773.0,392
rb1805,20171215,20171214,210808000,3774.0,177278,2774858,6699768520.0,3774.0,164,3773.0,371
rb1805,20171215,20171214,210808500,3774.0,177292,2774864,6700296880.0,3774.0,165,3773.0,372
rb1805,20171215,20171214,210809000,3774.0,177368,2774920,6703165040.0,3774.0,157,3773.0,371
rb1805,20171215,20171214,210809500,3774.0,177482,2774982,6707467140.0,3774.0,126,3773.0,358
rb1805,20171215,20171214,210810000,3773.0,177546,2775004,6709882340.0,3774.0,104,3773.0,355
rb1805,20171215,20171214,210810500,3774.0,177986,2775416,6726483940.0,3774.0,85,3773.0,156
rb1805,20171215,20171214,210811000,3774.0,178036,2775458,6728370780.0,3774.0,69,3773.0,223
rb1805,20171215,20171214,210811500,3775.0,178222,2775452,6735390420.0,3775.0,177,3774.0,73
rb1805,20171215,20171214,210812000,3774.0,178264,2775444,6736975500.0,3775.0,113,3774.0,79
rb1805,20171215,20171214,210812500,3774.0,178276,2775440,6737428400.0,3775.0,117,3774.0,193
rb1805,20171215,20171214,210813000,3774.0,178298,2775438,6738258700.0,3775.0,115,3774.0,199
rb1805,20171215,20171214,210813500,3775.0,178554,2775478,6747922400.0,3776.0,206,3775.0,5
rb1805,20171215,20171214,210814000,3776.0,178600,2775504,6749659000.0,3776.0,203,3775.0,67
rb1805,20171215,20171214,210814500,3775.0,178616,2775510,6750263080.0,3776.0,200,3775.0,141
rb1805,20171215,20171214,210815000,3775.0,178692,2775578,6753132580.0,3776.0,160,3775.0,179
rb1805,20171215,20171214,210815500,3775.0,178724,2775610,6754340580.0,3776.0,173,3775.0,168
rb1805,20171215,20171214,210816000,3776.0,178768,2775606,6756001640.0,3776.0,165,3775.0,152
rb1805,20171215,20171214,210816500,3776.0,178902,2775624,6761060600.0,3776.0,144,3775.0,132
rb1805,20171215,20171214,210817000,3775.0,179044,2775622,6766421100.0,3776.0,149,3775.0,101
rb1805,20171215,20171214,210817500,3775.0,179112,2775628,6768988140.0,3776.0,171,3775.0,91
rb1805,20171215,20171214,210818000,3775.0,179168,2775634,6771102220.0,3776.0,172,3775.0,75
rb1805,20171215,20171214,210818500,3776.0,179210,2775652,6772688040.0,3776.0,160,3775.0,204
rb1805,20171215,20171214,210819000,3775.0,179770,2775638,6793832300.0,3777.0,635,3776.0,1
rb1805,20171215,20171214,210819500,3777.0,179818,2775644,6795644540.0,3777.0,644,3776.0,1
rb1805,20171215,20171214,210820000,3776.0,179876,2775672,6797834700.0,3777.0,642,3776.0,66
rb1805,20171215,20171214,210820500,3777.0,180146,2775754,6808029920.0,3777.0,639,3776.0,8
rb1805,20171215,20171214,210821000,3775.0,180262,2775760,6812409960.0,3776.0,169,3775.0,202
rb1805,20171215,20171214,210821500,3775.0,180584,2775956,6824565680.0,3775.0,133,3774.0,517
rb1805,20171215,20171214,210822000,3775.0,180892,2775944,6836192460.0,3776.0,119,3775.0,64
rb1805,20171215,20171214,210822500,3775.0,180984,2775852,6839666360.0,3776.0,62,3775.0,66
rb1805,20171215,20171214,210823000,3776.0,181024,2775860,6841176560.0,3776.0,62,3775.0,70
rb1805,20171215,20171214,210823500,3775.0,181106,2775856,6844272380.0,3776.0,65,3775.0,123
rb1805,20171215,20171214,210824000,3775.0,181110,2775856,6844423380.0,3776.0,85,3775.0,124
rb1805,20171215,20171214,210824500,3775.0,181376,2775884,6854464920.0,3776.0,136,3775.0,248
rb1805,20171215,20171214,210825000,3776.0,181396,2775898,6855219980.0,3776.0,171,3775.0,495
rb1805,20171215,20171214,210825500,3776.0,181420,2775900,6856126180.0,3776.0,145,3775.0,1005
rb1805,20171215,20171214,210826000,3776.0,181728,2776000,6867756260.0,3777.0,793,3776.0,322
rb1805,20171215,20171214,210826500,3776.0,181810,2776026,6870852620.0,3777.0,790,3776.0,292
rb1805,20171215,20171214,210827000,3776.0,181816,2776032,6871079180.0,3777.0,791,3776.0,299
rb1805,20171215,20171214,210827500,3776.0,181864,2776052,6872891900.0,3777.0,780,3776.0,289
rb1805,20171215,20171214,210828000,3776.0,181886,2776064,6873722700.0,3777.0,769,3776.0,287
rb1805,20171215,20171214,210828500,3777.0,181940,2776042,6875761880.0,3777.0,763,3776.0,335
rb1805,20171215,20171214,210829000,3776.0,182006,2776084,6878254080.0,3777.0,762,3776.0,504
rb1805,20171215,20171214,210829500,3777.0,182176,2776082,6884673460.0,3777.0,760,3776.0,440
rb1805,20171215,20171214,210830000,3777.0,182302,2776090,6889431960.0,3777.0,721,3776.0,413
rb1805,20171215,20171214,210830500,3777.0,182510,2776246,6897286540.0,3777.0,740,3776.0,576
rb1805,20171215,20171214,210831000,3777.0,182592,2776294,6900383080.0,3777.0,730,3776.0,558
rb1805,20171215,20171214,210831500,3777.0,184058,2775602,6955753900.0,3778.0,586,3777.0,109
rb1805,20171215,20171214,210832000,3777.0,184180,2775614,6960362860.0,3778.0,532,3777.0,127
rb1805,20171215,20171214,210832500,3778.0,184612,2775740,6976681520.0,3778.0,433,3777.0,32
rb1805,20171215,20171214,210833000,3778.0,184706,2775660,6980232380.0,3778.0,414,3777.0,44
rb1805,20171215,20171214,210833500,3778.0,184736,2775640,6981365700.0,3778.0,404,3777.0,59
rb1805,20171215,20171214,210834000,3777.0,184762,2775636,6982347800.0,3778.0,418,3777.0,65
rb1805,20171215,20171214,210834500,3778.0,184896,2775648,6987410220.0,3778.0,358,3777.0,105
rb1805,20171215,20171214,210835000,3778.0,184920,2775650,6988316800.0,3778.0,400,3777.0,109
rb1805,20171215,20171214,210835500,3778.0,184976,2775638,6990432400.0,3778.0,404,3777.0,109
rb1805,20171215,20171214,210836000,3777.0,185018,2775636,6992018960.0,3778.0,396,3777.0,145
rb1805,20171215,20171214,210836500,3777.0,185098,2775602,6995041320.0,3778.0,359,3777.0,161
rb1805,20171215,20171214,210837000,3777.0,185458,2775752,7008638560.0,3777.0,23,3776.0,158
rb1805,20171215,20171214,210837500,3778.0,185546,2775806,7011962460.0,3778.0,353,3777.0,35
rb1805,20171215,20171214,210838000,3777.0,185662,2775862,7016343780.0,3777.0,52,3776.0,159
rb1805,20171215,20171214,210838500,3777.0,185700,2775896,7017779040.0,3777.0,36,3776.0,158
rb1805,20171215,20171214,210839000,3777.0,185814,2775994,7022084820.0,3777.0,129,3776.0,162
rb1805,20171215,20171214,210839500,3777.0,185906,2776034,7025559620.0,3777.0,236,3776.0,153
rb1805,20171215,20171214,210840000,3777.0,185940,2776036,7026843800.0,3777.0,272,3776.0,143
rb1805,20171215,20171214,210840500,3777.0,185960,2776048,7027599140.0,3777.0,319,3776.0,84
rb1805,20171215,20171214,210841000,3777.0,186108,2776016,7033187940.0,3777.0,347,3776.0,32
rb1805,20171215,20171214,210841500,3776.0,186202,2776024,7036737380.0,3776.0,54,3775.0,1106
rb1805,20171215,20171214,210842000,3777.0,186276,2776036,7039531820.0,3777.0,379,3776.0,13
rb1805,20171215,20171214,210842500,3777.0,186284,2776040,7039833960.0,3777.0,384,3776.0,13
rb1805,20171215,20171214,210843000,3777.0,186300,2776038,7040438280.0,3777.0,378,3776.0,15
rb1805,20171215,20171214,210843500,3776.0,186350,2776064,7042326320.0,3776.0,179,3775.0,1107
rb1805,20171215,20171214,210844000,3776.0,186424,2776110,7045120260.0,3776.0,195,3775.0,1105
rb1805,20171215,20171214,210844500,3776.0,186862,2776072,7061659080.0,3777.0,398,3776.0,120
rb1805,20171215,20171214,210845000,3777.0,186888,2776058,7062641060.0,3777.0,398,3776.0,153
rb1805,20171215,20171214,210845500,3776.0,187036,2776120,7068230900.0,3777.0,331,3776.0,219
rb1805,20171215,20171214,210846000,3776.0,187548,2776254,7087569060.0,3777.0,84,3776.0,279
rb1805,20171215,20171214,210846500,3777.0,187750,2776196,7095198860.0,3778.0,333,3777.0,721
rb1805,20171215,20171214,210847000,3777.0,188592,2776458,7127007940.0,3779.0,1171,3777.0,647
rb1805,20171215,20171214,210847500,3777.0,188626,2776450,7128292160.0,3779.0,1171,3777.0,654
rb1805,20171215,20171214,210848000,3779.0,188676,2776440,7130181220.0,3779.0,1157,3778.0,22
rb1805,20171215,20171214,210848500,3777.0,188920,2776334,7139399380.0,3778.0,46,3777.0,641
rb1805,20171215,20171214,210849000,3777.0,189450,2776486,7159417600.0,3778.0,50,3777.0,389
rb1805,20171215,20171214,210849500,3778.0,189506,2776486,7161533200.0,3778.0,199,3777.0,385
rb1805,20171215,20171214,210850000,3778.0,189524,2776486,7162213160.0,3778.0,205,3777.0,382
rb1805,20171215,20171214,210850500,3778.0,189622,2776446,7165915120.0,3778.0,187,3777.0,159
rb1805,20171215,20171214,210851000,3777.0,190036,2776332,7181553120.0,3778.0,129,3776.0,175
rb1805,20171215,20171214,210851500,3778.0,190326,2776234,7192509320.0,3779.0,704,3778.0,65
rb1805,20171215,20171214,210852000,3778.0,190528,2776116,7200140800.0,3778.0,12,3777.0,49
rb1805,20171215,20171214,210852500,3778.0,190572,2776104,7201802940.0,3779.0,712,3778.0,104
rb1805,20171215,20171214,210853000,3779.0,190670,2776088,7205506160.0,3779.0,674,3778.0,848
rb1805,20171215,20171214,210853500,3778.0,191406,2776714,7233319000.0,3779.0,336,3778.0,827
rb1805,20171215,20171214,210854000,3779.0,192096,2777020,7259394060.0,3780.0,588,3779.0,274
rb1805,20171215,20171214,210854500,3779.0,192110,2777028,7259923160.0,3780.0,595,3779.0,338
rb1805,20171215,20171214,210855000,3779.0,192284,2777138,7266500000.0,3780.0,524,3779.0,357
rb1805,20171215,20171214,210855500,3779.0,192436,2777158,7272245120.0,3780.0,465,3779.0,318
rb1805,20171215,20171214,210856000,3780.0,193010,2777036,7293942180.0,3780.0,190,3779.0,326
rb1805,20171215,20171214,210856500,3779.0,193782,2777130,7323124040.0,3780.0,236,3779.0,330
rb1805,20171215,20171214,210857000,3780.0,193866,2777102,7326298700.0,3780.0,229,3779.0,514
rb1805,20171215,20171214,210857500,3780.0,194010,2777054,7331741700.0,3780.0,191,3779.0,505
rb1805,20171215,20171214,210858000,3780.0,194186,2776966,7338394100.0,3780.0,124,3779.0,491
rb1805,20171215,20171214,210858500,3780.0,194448,2776976,7348297620.0,3781.0,192,3780.0,169
rb1805,20171215,20171214,210859000,3781.0,194768,2776790,7360396560.0,3782.0,319,3781.0,65
rb1805,20171215,20171214,210859500,3780.0,195226,2776576,7377716500.0,3782.0,182,3780.0,171
rb1805,20171215,20171214,210900000,3781.0,195252,2776578,7378699600.0,3782.0,273,3780.0,305
rb1805,20171215,20171214,210900500,3781.0,195396,2776498,7384143980.0,3782.0,476,3781.0,4
rb1805,20171215,20171214,210901000,3782.0,196248,2775846,7416360120.0,3782.0,262,3780.0,176
rb1805,20171215,20171214,210901500,3781.0,196442,2775740,7423696620.0,3781.0,5,3780.0,177
rb1805,20171215,20171214,210902000,3781.0,196530,2775792,7427024180.0,3782.0,224,3781.0,3
rb1805,20171215,20171214,210902500,3782.0,196604,2775820,7429822580.0,3782.0,214,3781.0,97
rb1805,20171215,20171214,210903000,3781.0,196672,2775864,7432394020.0,3782.0,201,3781.0,88
rb1805,20171215,20171214,210903500,3782.0,196846,2776010,7438974140.0,3782.0,149,3781.0,86
rb1805,20171215,20171214,210904000,3782.0,197180,2776182,7451605920.0,3782.0,65,3781.0,88
rb1805,20171215,20171214,210904500,3781.0,197338,2776096,7457581060.0,3782.0,18,3781.0,94
rb1805,20171215,20171214,210905000,3782.0,197468,2776168,7462497520.0,3783.0,237,3782.0,75
rb1805,20171215,20171214,210905500,3781.0,198332,2775782,7495167160.0,3781.0,172,3780.0,245
rb1805,20171215,20171214,210906000,3781.0,198740,2775776,7510594060.0,3781.0,2,3780.0,247
rb1805,20171215,20171214,210906500,3781.0,198792,2775748,7512560320.0,3782.0,184,3781.0,175
rb1805,20171215,20171214,210907000,3782.0,198864,2775744,7515283280.0,3782.0,148,3781.0,188
rb1805,20171215,20171214,210907500,3782.0,199066,2775640,7522922840.0,3783.0,273,3782.0,167
rb1805,20171215,20171214,210908000,3783.0,199250,2775688,7529882940.0,3783.0,197,3782.0,158
rb1805,20171215,20171214,210908500,3782.0,199458,2775630,7537750580.0,3783.0,150,3782.0,126
rb1805,20171215,20171214,210909000,3782.0,199558,2775640,7541533120.0,3783.0,129,3782.0,133
rb1805,20171215,20171214,210909500,3782.0,199596,2775628,7542970480.0,3783.0,126,3782.0,131
rb1805,20171215,20171214,210910000,3782.0,199694,2775568,7546677340.0,3783.0,127,3782.0,109
