instrument,tradingday,calendarday,time,lastp,volume,openinterest,turnover,ask1,asksz1,bid1,bidsz1
rb1805,20170803,20170802,183103500,3510.0,0,113800,0.0,0.0,0,0.0,0
rb1805,20170803,20170802,205900500,3519.0,92,113796,3237480.0,3519.0,1,3517.0,13
rb1805,20170803,20170802,210000500,3520.0,216,113868,7596480.0,3520.0,39,3519.0,3
rb1805,20170803,20170802,210001000,3519.0,352,113968,12383800.0,3517.0,17,3508.0,1
rb1805,20170803,20170802,210001500,3517.0,384,113966,13508580.0,3517.0,14,3511.0,1
rb1805,20170803,20170802,210002000,3517.0,406,113982,14281620.0,3517.0,12,3512.0,2
rb1805,20170803,20170802,210002500,3517.0,438,114008,15406760.0,3517.0,3,3508.0,1
rb1805,20170803,20170802,210003000,3517.0,450,114018,15828800.0,3518.0,27,3517.0,5
rb1805,20170803,20170802,210003500,3517.0,486,114048,17094920.0,3516.0,1,3510.0,3
rb1805,20170803,20170802,210004000,3517.0,498,114060,17516960.0,3515.0,4,3510.0,9
rb1805,20170803,20170802,210004500,3511.0,514,114070,18079300.0,3517.0,4,3511.0,2
rb1805,20170803,20170802,210005000,3512.0,538,114068,18922340.0,3513.0,19,3511.0,2
rb1805,20170803,20170802,210005500,3507.0,580,114068,20397500.0,3513.0,2,3507.0,6
rb1805,20170803,20170802,210006000,3508.0,610,114062,21451020.0,3512.0,2,3507.0,6
rb1805,20170803,20170802,210006500,3512.0,614,114062,21591500.0,3517.0,1,3513.0,1
rb1805,20170803,20170802,210007000,3512.0,614,114062,21591500.0,3519.0,1,3518.0,1
rb1805,20170803,20170802,210007500,3517.0,622,114070,21872880.0,3518.0,3,3512.0,28
rb1805,20170803,20170802,210008000,3517.0,622,114070,21872880.0,3518.0,1,3513.0,2
rb1805,20170803,20170802,210008500,3517.0,622,114070,21872880.0,3518.0,1,3513.0,2
rb1805,20170803,20170802,210009000,3513.0,626,114070,22013500.0,3519.0,1,3513.0,5
rb1805,20170803,20170802,210009500,3513.0,626,114070,22013500.0,3519.0,1,3513.0,5
rb1805,20170803,20170802,210010000,3518.0,630,114070,22154220.0,3519.0,1,3513.0,5
rb1805,20170803,20170802,210010500,3518.0,632,114070,22224580.0,3519.0,1,3512.0,28
rb1805,20170803,20170802,210011000,3518.0,632,114070,22224580.0,3519.0,1,3512.0,28
rb1805,20170803,20170802,210011500,3518.0,632,114070,22224580.0,3513.0,1,3512.0,28
rb1805,20170803,20170802,210012000,3513.0,646,114082,22716280.0,3518.0,2,3513.0,2
rb1805,20170803,20170802,210012500,3513.0,648,114080,22786540.0,3517.0,6,3516.0,1
rb1805,20170803,20170802,210013000,3516.0,662,114080,23278780.0,3516.0,2,3513.0,2
rb1805,20170803,20170802,210013500,3516.0,676,114088,23771020.0,3515.0,7,3512.0,1
rb1805,20170803,20170802,210014000,3515.0,690,114100,24263160.0,3515.0,6,3513.0,2
rb1805,20170803,20170802,210014500,3513.0,704,114104,24755220.0,3518.0,4,3513.0,1
rb1805,20170803,20170802,210015000,3513.0,704,114104,24755220.0,3517.0,2,3513.0,1
rb1805,20170803,20170802,210015500,3518.0,712,114108,25036620.0,3518.0,2,3512.0,2
rb1805,20170803,20170802,210016000,3518.0,712,114108,25036620.0,3518.0,69,3513.0,1
rb1805,20170803,20170802,210016500,3518.0,716,114108,25177340.0,3517.0,1,3512.0,3
rb1805,20170803,20170802,210017000,3512.0,718,114110,25247580.0,3517.0,1,3512.0,4
rb1805,20170803,20170802,210017500,3512.0,718,114110,25247580.0,3517.0,1,3512.0,4
rb1805,20170803,20170802,210018000,3512.0,724,114114,25458400.0,3518.0,47,3512.0,2
rb1805,20170803,20170802,210018500,3516.0,726,114116,25528720.0,3513.0,2,3512.0,2
rb1805,20170803,20170802,210019000,3512.0,732,114118,25739480.0,3518.0,59,3513.0,13
rb1805,20170803,20170802,210019500,3512.0,732,114118,25739480.0,3518.0,49,3513.0,13
rb1805,20170803,20170802,210020000,3513.0,744,114118,26161040.0,3517.0,9,3513.0,7
rb1805,20170803,20170802,210020500,3513.0,750,114118,26371820.0,3517.0,9,3513.0,4
rb1805,20170803,20170802,210021000,3513.0,758,114114,26652860.0,3516.0,7,3512.0,1
rb1805,20170803,20170802,210021500,3513.0,758,114114,26652860.0,3518.0,51,3513.0,1
rb1805,20170803,20170802,210022000,3517.0,768,114124,27004560.0,3518.0,51,3513.0,5
rb1805,20170803,20170802,210022500,3513.0,772,114128,27145080.0,3517.0,1,3514.0,1
rb1805,20170803,20170802,210023000,3518.0,784,114128,27567140.0,3518.0,115,3512.0,3
rb1805,20170803,20170802,210023500,3518.0,784,114128,27567140.0,3517.0,1,3512.0,4
rb1805,20170803,20170802,210024000,3518.0,784,114128,27567140.0,3517.0,2,3512.0,4
rb1805,20170803,20170802,210024500,3516.0,786,114128,27637460.0,3517.0,6,3516.0,4
rb1805,20170803,20170802,210025000,3513.0,808,114136,28410920.0,3515.0,2,3513.0,4
rb1805,20170803,20170802,210025500,3515.0,826,114154,29043460.0,3516.0,8,3512.0,3
rb1805,20170803,20170802,210026000,3513.0,836,114154,29394760.0,3516.0,4,3512.0,3
rb1805,20170803,20170802,210026500,3513.0,836,114154,29394760.0,3516.0,3,3512.0,3
rb1805,20170803,20170802,210027000,3516.0,838,114154,29465080.0,3516.0,2,3512.0,3
rb1805,20170803,20170802,210027500,3513.0,840,114154,29535340.0,3516.0,2,3513.0,1
rb1805,20170803,20170802,210028000,3513.0,840,114154,29535340.0,3516.0,2,3514.0,2
rb1805,20170803,20170802,210028500,3513.0,840,114154,29535340.0,3516.0,2,3514.0,2
rb1805,20170803,20170802,210029000,3513.0,844,114158,29675860.0,3516.0,2,3513.0,1
rb1805,20170803,20170802,210029500,3515.0,846,114158,29746160.0,3515.0,1,3513.0,1
rb1805,20170803,20170802,210030000,3515.0,846,114158,29746160.0,3515.0,1,3513.0,1
rb1805,20170803,20170802,210031000,3513.0,848,114158,29816420.0,3515.0,1,3512.0,3
rb1805,20170803,20170802,210031500,3513.0,848,114158,29816420.0,3516.0,3,3513.0,1
rb1805,20170803,20170802,210032000,3513.0,848,114158,29816420.0,3515.0,1,3512.0,4
rb1805,20170803,20170802,210032500,3513.0,848,114158,29816420.0,3516.0,3,3513.0,1
rb1805,20170803,20170802,210033000,3513.0,848,114158,29816420.0,3513.0,4,3512.0,3
rb1805,20170803,20170802,210033500,3513.0,856,114150,30097460.0,3515.0,1,3513.0,9
rb1805,20170803,20170802,210034000,3513.0,856,114150,30097460.0,3515.0,1,3513.0,1
rb1805,20170803,20170802,210034500,3513.0,858,114148,30167720.0,3515.0,2,3512.0,3
rb1805,20170803,20170802,210035000,3513.0,858,114148,30167720.0,3516.0,3,3515.0,4
rb1805,20170803,20170802,210035500,3515.0,866,114148,30448920.0,3515.0,4,3513.0,1
rb1805,20170803,20170802,210036000,3515.0,866,114148,30448920.0,3514.0,1,3512.0,3
rb1805,20170803,20170802,210036500,3515.0,866,114148,30448920.0,3514.0,1,3512.0,4
rb1805,20170803,20170802,210037000,3512.0,868,114148,30519160.0,3514.0,1,3512.0,3
rb1805,20170803,20170802,210037500,3512.0,868,114148,30519160.0,3514.0,1,3512.0,3
rb1805,20170803,20170802,210038000,3512.0,874,114150,30729880.0,3514.0,1,3511.0,2
rb1805,20170803,20170802,210038500,3512.0,874,114150,30729880.0,3515.0,2,3514.0,1
rb1805,20170803,20170802,210039000,3514.0,880,114150,30940740.0,3516.0,1,3514.0,14
rb1805,20170803,20170802,210039500,3514.0,880,114150,30940740.0,3516.0,1,3514.0,14
rb1805,20170803,20170802,210040000,3514.0,882,114150,31011020.0,3516.0,1,3514.0,13
rb1805,20170803,20170802,210040500,3514.0,908,114156,31924660.0,3514.0,2,3512.0,1
rb1805,20170803,20170802,210041000,3514.0,908,114156,31924660.0,3514.0,2,3512.0,1
rb1805,20170803,20170802,210041500,3514.0,908,114156,31924660.0,3514.0,2,3512.0,1
rb1805,20170803,20170802,210042000,3514.0,908,114156,31924660.0,3514.0,3,3512.0,1
rb1805,20170803,20170802,210042500,3514.0,908,114156,31924660.0,3514.0,3,3512.0,1
rb1805,20170803,20170802,210043000,3516.0,920,114162,32346360.0,3512.0,2,3511.0,3
rb1805,20170803,20170802,210043500,3514.0,926,114164,32557120.0,3514.0,1,3512.0,5
rb1805,20170803,20170802,210044000,3514.0,926,114164,32557120.0,3514.0,5,3512.0,1
rb1805,20170803,20170802,210044500,3514.0,936,114174,32908520.0,3517.0,5,3513.0,3
rb1805,20170803,20170802,210045000,3513.0,938,114174,32978780.0,3517.0,6,3513.0,1
rb1805,20170803,20170802,210046000,3513.0,938,114174,32978780.0,3515.0,1,3513.0,1
rb1805,20170803,20170802,210046500,3513.0,940,114176,33049040.0,3515.0,1,3512.0,1
rb1805,20170803,20170802,210047000,3513.0,940,114176,33049040.0,3514.0,1,3513.0,5
rb1805,20170803,20170802,210047500,3514.0,942,114178,33119320.0,3515.0,1,3513.0,5
rb1805,20170803,20170802,210048000,3514.0,942,114178,33119320.0,3515.0,1,3513.0,5
rb1805,20170803,20170802,210048500,3514.0,942,114178,33119320.0,3515.0,2,3513.0,5
rb1805,20170803,20170802,210050000,3514.0,942,114178,33119320.0,3515.0,2,3513.0,5
rb1805,20170803,20170802,210050500,3514.0,944,114176,33189600.0,3515.0,2,3513.0,5
rb1805,20170803,20170802,210051000,3514.0,944,114176,33189600.0,3515.0,2,3513.0,9
rb1805,20170803,20170802,210051500,3513.0,952,114176,33470640.0,3515.0,2,3513.0,5
rb1805,20170803,20170802,210052000,3513.0,954,114176,33540900.0,3515.0,2,3513.0,3
rb1805,20170803,20170802,210052500,3513.0,954,114176,33540900.0,3515.0,2,3513.0,3
rb1805,20170803,20170802,210053000,3513.0,954,114176,33540900.0,3515.0,2,3513.0,3
rb1805,20170803,20170802,210053500,3513.0,954,114176,33540900.0,3515.0,2,3513.0,3
rb1805,20170803,20170802,210054000,3513.0,954,114176,33540900.0,3515.0,2,3513.0,3
rb1805,20170803,20170802,210054500,3513.0,954,114176,33540900.0,3515.0,2,3513.0,3
rb1805,20170803,20170802,210055000,3513.0,954,114176,33540900.0,3515.0,2,3514.0,1
rb1805,20170803,20170802,210055500,3514.0,956,114176,33611180.0,3514.0,2,3513.0,1
rb1805,20170803,20170802,210056000,3514.0,956,114176,33611180.0,3515.0,2,3513.0,4
rb1805,20170803,20170802,210056500,3514.0,956,114176,33611180.0,3515.0,2,3513.0,5
rb1805,20170803,20170802,210057000,3514.0,956,114176,33611180.0,3515.0,102,3513.0,5
rb1805,20170803,20170802,210058000,3514.0,956,114176,33611180.0,3515.0,102,3513.0,5
rb1805,20170803,20170802,210058500,3513.0,962,114180,33821960.0,3513.0,6,3512.0,5
rb1805,20170803,20170802,210059000,3513.0,962,114180,33821960.0,3514.0,3,3512.0,5
rb1805,20170803,20170802,210059500,3513.0,962,114180,33821960.0,3514.0,3,3512.0,5
rb1805,20170803,20170802,210100500,3512.0,970,114176,34102920.0,3513.0,1,3512.0,1
rb1805,20170803,20170802,210101000,3512.0,972,114176,34173160.0,3512.0,1,3511.0,22
rb1805,20170803,20170802,210101500,3512.0,972,114176,34173160.0,3514.0,3,3512.0,4
rb1805,20170803,20170802,210102000,3512.0,972,114176,34173160.0,3514.0,3,3512.0,5
rb1805,20170803,20170802,210102500,3512.0,972,114176,34173160.0,3514.0,9,3511.0,30
rb1805,20170803,20170802,210103000,3513.0,990,114178,34805580.0,3512.0,95,3511.0,27
rb1805,20170803,20170802,210103500,3512.0,1018,114156,35788940.0,3512.0,81,3511.0,30
rb1805,20170803,20170802,210104000,3512.0,1020,114156,35859180.0,3512.0,80,3511.0,30
rb1805,20170803,20170802,210104500,3512.0,1020,114156,35859180.0,3512.0,80,3511.0,30
rb1805,20170803,20170802,210105000,3512.0,1030,114156,36210380.0,3512.0,75,3511.0,30
rb1805,20170803,20170802,210105500,3512.0,1074,114112,37755660.0,3512.0,53,3511.0,33
rb1805,20170803,20170802,210106000,3512.0,1074,114112,37755660.0,3512.0,53,3511.0,28
rb1805,20170803,20170802,210106500,3512.0,1118,114102,39300940.0,3512.0,31,3511.0,28
rb1805,20170803,20170802,210107000,3511.0,1122,114104,39441380.0,3512.0,31,3511.0,23
rb1805,20170803,20170802,210107500,3511.0,1122,114104,39441380.0,3512.0,31,3511.0,28
rb1805,20170803,20170802,210108000,3512.0,1184,114104,41618820.0,3514.0,5,3512.0,19
rb1805,20170803,20170802,210108500,3512.0,1196,114104,42040260.0,3514.0,6,3512.0,16
rb1805,20170803,20170802,210109500,3512.0,1198,114106,42110500.0,3514.0,6,3512.0,16
rb1805,20170803,20170802,210110000,3512.0,1224,114104,43023620.0,3514.0,6,3512.0,3
rb1805,20170803,20170802,210110500,3512.0,1232,114106,43304580.0,3512.0,4,3511.0,28
rb1805,20170803,20170802,210111000,3512.0,1238,114108,43515300.0,3514.0,13,3512.0,21
rb1805,20170803,20170802,210111500,3512.0,1280,114126,44990340.0,3512.0,1,3511.0,20
rb1805,20170803,20170802,210112000,3512.0,1280,114126,44990340.0,3514.0,13,3511.0,23
rb1805,20170803,20170802,210112500,3512.0,1280,114126,44990340.0,3514.0,20,3511.0,28
rb1805,20170803,20170802,210113000,3514.0,1282,114126,45060620.0,3514.0,10,3511.0,28
rb1805,20170803,20170802,210113500,3511.0,1290,114126,45341500.0,3514.0,7,3511.0,24
rb1805,20170803,20170802,210114000,3511.0,1290,114126,45341500.0,3513.0,17,3511.0,24
rb1805,20170803,20170802,210115000,3511.0,1290,114126,45341500.0,3513.0,17,3511.0,24
rb1805,20170803,20170802,210115500,3511.0,1290,114126,45341500.0,3513.0,21,3511.0,16
rb1805,20170803,20170802,210116000,3511.0,1290,114126,45341500.0,3512.0,1,3511.0,21
rb1805,20170803,20170802,210116500,3511.0,1290,114126,45341500.0,3512.0,1,3511.0,24
rb1805,20170803,20170802,210117000,3511.0,1290,114126,45341500.0,3512.0,1,3511.0,24
rb1805,20170803,20170802,210117500,3512.0,1292,114126,45411740.0,3513.0,22,3511.0,24
rb1805,20170803,20170802,210118000,3511.0,1294,114126,45481960.0,3512.0,2,3511.0,23
rb1805,20170803,20170802,210118500,3511.0,1298,114126,45622400.0,3512.0,2,3511.0,16
rb1805,20170803,20170802,210119500,3511.0,1298,114126,45622400.0,3512.0,2,3511.0,13
rb1805,20170803,20170802,210120500,3511.0,1342,114126,47167240.0,3512.0,16,3510.0,2
rb1805,20170803,20170802,210121000,3511.0,1348,114122,47377900.0,3511.0,2,3510.0,2
rb1805,20170803,20170802,210121500,3510.0,1350,114122,47448100.0,3512.0,1,3510.0,1
rb1805,20170803,20170802,210122000,3512.0,1356,114122,47658820.0,3513.0,10,3512.0,1
rb1805,20170803,20170802,210122500,3511.0,1360,114124,47799280.0,3512.0,1,3511.0,1
rb1805,20170803,20170802,210123000,3512.0,1366,114124,48010000.0,3512.0,6,3511.0,1
rb1805,20170803,20170802,210123500,3511.0,1368,114126,48080220.0,3511.0,13,3510.0,1
rb1805,20170803,20170802,210124000,3511.0,1368,114126,48080220.0,3512.0,14,3510.0,1
rb1805,20170803,20170802,210124500,3511.0,1368,114126,48080220.0,3511.0,2,3510.0,2
rb1805,20170803,20170802,210125000,3511.0,1368,114126,48080220.0,3511.0,8,3510.0,2
rb1805,20170803,20170802,210125500,3511.0,1368,114126,48080220.0,3511.0,7,3510.0,2
rb1805,20170803,20170802,210126500,3510.0,1370,114126,48150420.0,3511.0,7,3510.0,1
rb1805,20170803,20170802,210127000,3511.0,1376,114126,48361080.0,3511.0,4,3510.0,1
rb1805,20170803,20170802,210127500,3511.0,1386,114118,48712160.0,3513.0,16,3511.0,6
rb1805,20170803,20170802,210128000,3511.0,1386,114118,48712160.0,3513.0,25,3511.0,6
rb1805,20170803,20170802,210128500,3511.0,1394,114112,48993040.0,3513.0,15,3511.0,2
rb1805,20170803,20170802,210129000,3511.0,1394,114112,48993040.0,3513.0,15,3511.0,2
rb1805,20170803,20170802,210129500,3510.0,1408,114120,49484720.0,3511.0,2,3509.0,2
rb1805,20170803,20170802,210130000,3510.0,1408,114120,49484720.0,3511.0,2,3510.0,18
rb1805,20170803,20170802,210130500,3510.0,1408,114120,49484720.0,3511.0,2,3510.0,14
rb1805,20170803,20170802,210131500,3510.0,1408,114120,49484720.0,3511.0,2,3510.0,17
rb1805,20170803,20170802,210132000,3511.0,1412,114116,49625160.0,3513.0,11,3511.0,1
rb1805,20170803,20170802,210132500,3511.0,1420,114114,49906040.0,3513.0,11,3511.0,27
rb1805,20170803,20170802,210133000,3511.0,1424,114114,50046480.0,3513.0,11,3511.0,25
rb1805,20170803,20170802,210133500,3511.0,1424,114114,50046480.0,3513.0,11,3511.0,25
rb1805,20170803,20170802,210134000,3513.0,1432,114122,50327520.0,3513.0,7,3512.0,2
rb1805,20170803,20170802,210134500,3513.0,1432,114122,50327520.0,3513.0,2,3512.0,2
rb1805,20170803,20170802,210135500,3513.0,1432,114122,50327520.0,3513.0,2,3512.0,2
rb1805,20170803,20170802,210136000,3513.0,1434,114124,50397780.0,3513.0,1,3512.0,5
rb1805,20170803,20170802,210136500,3513.0,1434,114124,50397780.0,3513.0,1,3512.0,5
rb1805,20170803,20170802,210137000,3513.0,1434,114124,50397780.0,3513.0,4,3512.0,2
rb1805,20170803,20170802,210137500,3513.0,1434,114124,50397780.0,3513.0,4,3512.0,2
rb1805,20170803,20170802,210138000,3513.0,1434,114124,50397780.0,3513.0,4,3512.0,2
rb1805,20170803,20170802,210139500,3513.0,1434,114124,50397780.0,3513.0,4,3512.0,2
rb1805,20170803,20170802,210140000,3513.0,1434,114124,50397780.0,3513.0,4,3512.0,2
rb1805,20170803,20170802,210140500,3512.0,1436,114124,50468020.0,3513.0,4,3512.0,4
rb1805,20170803,20170802,210141500,3513.0,1440,114126,50608540.0,3513.0,2,3512.0,4
rb1805,20170803,20170802,210142000,3513.0,1440,114126,50608540.0,3513.0,2,3512.0,4
rb1805,20170803,20170802,210142500,3512.0,1444,114124,50749020.0,3513.0,6,3512.0,2
rb1805,20170803,20170802,210143000,3512.0,1444,114124,50749020.0,3513.0,17,3512.0,5
rb1805,20170803,20170802,210143500,3512.0,1444,114124,50749020.0,3513.0,15,3512.0,8
rb1805,20170803,20170802,210144000,3512.0,1444,114124,50749020.0,3513.0,15,3512.0,8
rb1805,20170803,20170802,210144500,3513.0,1446,114124,50819280.0,3513.0,14,3512.0,5
rb1805,20170803,20170802,210145000,3513.0,1446,114124,50819280.0,3513.0,14,3512.0,5
rb1805,20170803,20170802,210145500,3513.0,1474,114144,51802920.0,3514.0,1,3513.0,11
rb1805,20170803,20170802,210146000,3513.0,1474,114144,51802920.0,3514.0,9,3513.0,14
rb1805,20170803,20170802,210146500,3513.0,1476,114144,51873180.0,3514.0,9,3513.0,2
rb1805,20170803,20170802,210147000,3513.0,1476,114144,51873180.0,3514.0,9,3512.0,5
rb1805,20170803,20170802,210147500,3513.0,1476,114144,51873180.0,3514.0,9,3512.0,8
rb1805,20170803,20170802,210148000,3513.0,1476,114144,51873180.0,3514.0,9,3512.0,6
rb1805,20170803,20170802,210148500,3513.0,1476,114144,51873180.0,3514.0,9,3512.0,6
rb1805,20170803,20170802,210149000,3513.0,1476,114144,51873180.0,3513.0,15,3512.0,6
rb1805,20170803,20170802,210149500,3513.0,1476,114144,51873180.0,3513.0,15,3512.0,9
rb1805,20170803,20170802,210150000,3513.0,1478,114142,51943440.0,3513.0,14,3512.0,10
rb1805,20170803,20170802,210150500,3513.0,1506,114120,52927080.0,3514.0,7,3513.0,3
rb1805,20170803,20170802,210151000,3513.0,1506,114120,52927080.0,3514.0,4,3513.0,3
rb1805,20170803,20170802,210151500,3513.0,1506,114120,52927080.0,3514.0,4,3513.0,5
rb1805,20170803,20170802,210152000,3513.0,1506,114120,52927080.0,3514.0,4,3513.0,6
rb1805,20170803,20170802,210152500,3513.0,1506,114120,52927080.0,3514.0,4,3513.0,12
rb1805,20170803,20170802,210153000,3513.0,1506,114120,52927080.0,3514.0,4,3513.0,10
rb1805,20170803,20170802,210153500,3514.0,1508,114120,52997360.0,3514.0,3,3513.0,4
rb1805,20170803,20170802,210154000,3514.0,1508,114120,52997360.0,3514.0,3,3513.0,4
rb1805,20170803,20170802,210155000,3514.0,1508,114120,52997360.0,3514.0,3,3513.0,1
rb1805,20170803,20170802,210155500,3514.0,1510,114120,53067640.0,3514.0,2,3513.0,59
rb1805,20170803,20170802,210156000,3514.0,1510,114120,53067640.0,3514.0,2,3513.0,62
rb1805,20170803,20170802,210156500,3514.0,1514,114120,53208200.0,3515.0,4,3514.0,10
rb1805,20170803,20170802,210157000,3514.0,1518,114116,53348760.0,3515.0,4,3514.0,9
rb1805,20170803,20170802,210157500,3514.0,1518,114116,53348760.0,3515.0,4,3514.0,9
rb1805,20170803,20170802,210158000,3514.0,1518,114116,53348760.0,3515.0,4,3514.0,9
rb1805,20170803,20170802,210158500,3514.0,1518,114116,53348760.0,3515.0,4,3514.0,9
rb1805,20170803,20170802,210159000,3514.0,1518,114116,53348760.0,3515.0,4,3514.0,9
rb1805,20170803,20170802,210159500,3514.0,1520,114114,53419040.0,3515.0,4,3514.0,8
rb1805,20170803,20170802,210200000,3515.0,1522,114114,53489340.0,3515.0,3,3514.0,8
rb1805,20170803,20170802,210200500,3515.0,1522,114114,53489340.0,3515.0,3,3514.0,11
rb1805,20170803,20170802,210201000,3515.0,1522,114114,53489340.0,3515.0,3,3514.0,11
rb1805,20170803,20170802,210201500,3515.0,1524,114116,53559640.0,3515.0,2,3514.0,11
rb1805,20170803,20170802,210202000,3515.0,1524,114116,53559640.0,3515.0,2,3514.0,11
rb1805,20170803,20170802,210202500,3515.0,1528,114118,53700240.0,3516.0,1,3515.0,31
rb1805,20170803,20170802,210203000,3515.0,1542,114108,54192400.0,3516.0,1,3515.0,3
rb1805,20170803,20170802,210204000,3516.0,1544,114110,54262720.0,3517.0,5,3516.0,1
rb1805,20170803,20170802,210204500,3516.0,1546,114112,54333040.0,3516.0,10,3515.0,3
rb1805,20170803,20170802,210205000,3516.0,1546,114112,54333040.0,3516.0,8,3514.0,8
rb1805,20170803,20170802,210205500,3516.0,1546,114112,54333040.0,3516.0,8,3514.0,4
rb1805,20170803,20170802,210206000,3516.0,1546,114112,54333040.0,3516.0,5,3514.0,4
rb1805,20170803,20170802,210207500,3516.0,1546,114112,54333040.0,3515.0,4,3514.0,2
rb1805,20170803,20170802,210208000,3514.0,1590,114104,55879920.0,3514.0,46,3513.0,59
rb1805,20170803,20170802,210208500,3514.0,1682,114190,59112800.0,3517.0,15,3514.0,7
rb1805,20170803,20170802,210209000,3514.0,1682,114190,59112800.0,3515.0,1,3514.0,8
rb1805,20170803,20170802,210209500,3515.0,1684,114190,59183100.0,3515.0,1,3514.0,7
rb1805,20170803,20170802,210210000,3515.0,1684,114190,59183100.0,3515.0,1,3514.0,3
rb1805,20170803,20170802,210210500,3515.0,1684,114190,59183100.0,3515.0,1,3514.0,6
rb1805,20170803,20170802,210211000,3515.0,1690,114186,59394020.0,3516.0,8,3515.0,5
rb1805,20170803,20170802,210211500,3515.0,1692,114184,59464320.0,3516.0,10,3515.0,5
rb1805,20170803,20170802,210212000,3516.0,1696,114182,59604940.0,3516.0,6,3515.0,4
rb1805,20170803,20170802,210212500,3515.0,1702,114176,59815840.0,3515.0,1,3514.0,11
rb1805,20170803,20170802,210213000,3516.0,1706,114176,59956460.0,3516.0,13,3515.0,4
rb1805,20170803,20170802,210213500,3517.0,1724,114174,60589360.0,3517.0,17,3516.0,5
rb1805,20170803,20170802,210214000,3517.0,1724,114174,60589360.0,3517.0,12,3516.0,5
rb1805,20170803,20170802,210214500,3517.0,1726,114176,60659700.0,3517.0,16,3516.0,5
rb1805,20170803,20170802,210215000,3517.0,1728,114178,60730040.0,3517.0,15,3516.0,5
rb1805,20170803,20170802,210216000,3517.0,1728,114178,60730040.0,3517.0,15,3516.0,5
rb1805,20170803,20170802,210216500,3517.0,1730,114180,60800380.0,3517.0,11,3516.0,8
rb1805,20170803,20170802,210217000,3517.0,1734,114184,60941060.0,3517.0,9,3516.0,5
rb1805,20170803,20170802,210217500,3517.0,1734,114184,60941060.0,3517.0,9,3516.0,5
rb1805,20170803,20170802,210218000,3517.0,1736,114186,61011400.0,3517.0,3,3516.0,8
rb1805,20170803,20170802,210218500,3517.0,1764,114184,61996160.0,3517.0,3,3516.0,5
rb1805,20170803,20170802,210219000,3516.0,1770,114180,62207120.0,3517.0,6,3516.0,2
rb1805,20170803,20170802,210219500,3516.0,1774,114182,62347780.0,3517.0,5,3516.0,1
rb1805,20170803,20170802,210220000,3516.0,1778,114180,62488420.0,3516.0,4,3515.0,3
rb1805,20170803,20170802,210220500,3516.0,1800,114166,63262060.0,3517.0,2,3516.0,2
rb1805,20170803,20170802,210221000,3516.0,1806,114162,63473020.0,3516.0,4,3514.0,8
rb1805,20170803,20170802,210221500,3516.0,1806,114162,63473020.0,3516.0,4,3514.0,8
rb1805,20170803,20170802,210222000,3516.0,1808,114162,63543340.0,3516.0,3,3515.0,5
rb1805,20170803,20170802,210222500,3516.0,1808,114162,63543340.0,3516.0,3,3515.0,5
rb1805,20170803,20170802,210223000,3517.0,1820,114162,63965340.0,3518.0,10,3517.0,4
rb1805,20170803,20170802,210223500,3517.0,1830,114154,64317040.0,3516.0,6,3515.0,7
rb1805,20170803,20170802,210224000,3514.0,1850,114154,65019940.0,3517.0,1,3516.0,1
rb1805,20170803,20170802,210224500,3514.0,1850,114154,65019940.0,3517.0,1,3516.0,1
rb1805,20170803,20170802,210225000,3517.0,1852,114152,65090280.0,3517.0,50,3516.0,1
rb1805,20170803,20170802,210225500,3517.0,1854,114154,65160620.0,3517.0,49,3516.0,11
rb1805,20170803,20170802,210226000,3517.0,1854,114154,65160620.0,3517.0,49,3516.0,11
rb1805,20170803,20170802,210227000,3517.0,1856,114156,65230960.0,3517.0,48,3516.0,11
rb1805,20170803,20170802,210227500,3516.0,1858,114158,65301280.0,3517.0,55,3516.0,13
rb1805,20170803,20170802,210228000,3517.0,1862,114162,65441960.0,3517.0,53,3516.0,14
rb1805,20170803,20170802,210228500,3516.0,1912,114166,67199960.0,3516.0,25,3515.0,4
rb1805,20170803,20170802,210229000,3516.0,1912,114166,67199960.0,3516.0,30,3515.0,8
rb1805,20170803,20170802,210229500,3516.0,1914,114168,67270280.0,3516.0,32,3515.0,5
rb1805,20170803,20170802,210230000,3516.0,1914,114168,67270280.0,3516.0,32,3515.0,5
rb1805,20170803,20170802,210230500,3516.0,1934,114168,67973480.0,3516.0,22,3515.0,5
rb1805,20170803,20170802,210231000,3516.0,1934,114168,67973480.0,3516.0,19,3515.0,8
rb1805,20170803,20170802,210231500,3516.0,1936,114170,68043800.0,3516.0,18,3515.0,8
rb1805,20170803,20170802,210232000,3516.0,1938,114172,68114120.0,3516.0,17,3515.0,8
rb1805,20170803,20170802,210232500,3516.0,1938,114172,68114120.0,3516.0,12,3515.0,8
rb1805,20170803,20170802,210233000,3516.0,1940,114174,68184440.0,3516.0,11,3515.0,8
rb1805,20170803,20170802,210233500,3516.0,1960,114174,68887640.0,3516.0,1,3515.0,8
rb1805,20170803,20170802,210234000,3516.0,1962,114176,68957960.0,3517.0,47,3515.0,8
rb1805,20170803,20170802,210234500,3515.0,1972,114166,69309460.0,3516.0,9,3514.0,1
rb1805,20170803,20170802,210235000,3514.0,1984,114170,69731240.0,3514.0,15,3513.0,63
rb1805,20170803,20170802,210235500,3516.0,2016,114176,70855760.0,3516.0,14,3514.0,4
rb1805,20170803,20170802,210236000,3517.0,2032,114174,71418340.0,3517.0,52,3516.0,3
rb1805,20170803,20170802,210236500,3516.0,2042,114168,71769940.0,3516.0,4,3514.0,2
rb1805,20170803,20170802,210237000,3516.0,2044,114168,71840260.0,3516.0,3,3514.0,7
rb1805,20170803,20170802,210237500,3516.0,2048,114166,71980860.0,3516.0,7,3515.0,3
rb1805,20170803,20170802,210238000,3515.0,2060,114160,72402660.0,3516.0,7,3514.0,5
rb1805,20170803,20170802,210238500,3515.0,2082,114140,73175960.0,3516.0,7,3513.0,73
rb1805,20170803,20170802,210239000,3515.0,2082,114140,73175960.0,3516.0,7,3513.0,76
rb1805,20170803,20170802,210239500,3515.0,2082,114140,73175960.0,3516.0,17,3513.0,76
rb1805,20170803,20170802,210240000,3516.0,2084,114140,73246280.0,3515.0,1,3513.0,76
rb1805,20170803,20170802,210240500,3516.0,2084,114140,73246280.0,3516.0,16,3513.0,78
rb1805,20170803,20170802,210241000,3516.0,2104,114138,73949480.0,3516.0,7,3513.0,76
rb1805,20170803,20170802,210242000,3516.0,2104,114138,73949480.0,3516.0,7,3513.0,76
rb1805,20170803,20170802,210242500,3516.0,2104,114138,73949480.0,3516.0,7,3513.0,76
rb1805,20170803,20170802,210243500,3516.0,2122,114134,74582360.0,3517.0,63,3516.0,1
rb1805,20170803,20170802,210244000,3514.0,2134,114134,75004080.0,3516.0,4,3513.0,77
rb1805,20170803,20170802,210244500,3514.0,2136,114134,75074360.0,3516.0,4,3514.0,1
rb1805,20170803,20170802,210245000,3514.0,2136,114134,75074360.0,3514.0,50,3513.0,75
rb1805,20170803,20170802,210245500,3514.0,2156,114134,75777160.0,3514.0,43,3513.0,71
rb1805,20170803,20170802,210246000,3514.0,2156,114134,75777160.0,3514.0,43,3513.0,70
rb1805,20170803,20170802,210246500,3513.0,2188,114108,76901320.0,3514.0,44,3513.0,54
rb1805,20170803,20170802,210247000,3513.0,2188,114108,76901320.0,3514.0,44,3513.0,54
rb1805,20170803,20170802,210247500,3513.0,2288,114128,80414320.0,3514.0,44,3513.0,4
rb1805,20170803,20170802,210248000,3513.0,2294,114128,80625100.0,3514.0,44,3513.0,1
rb1805,20170803,20170802,210248500,3514.0,2314,114128,81327900.0,3514.0,34,3513.0,1
rb1805,20170803,20170802,210249000,3514.0,2314,114128,81327900.0,3514.0,34,3513.0,2
rb1805,20170803,20170802,210249500,3514.0,2314,114128,81327900.0,3514.0,34,3513.0,1
rb1805,20170803,20170802,210250000,3513.0,2316,114128,81398160.0,3514.0,34,3512.0,6
rb1805,20170803,20170802,210250500,3513.0,2316,114128,81398160.0,3514.0,34,3512.0,4
rb1805,20170803,20170802,210251000,3514.0,2336,114128,82100960.0,3514.0,24,3512.0,4
rb1805,20170803,20170802,210251500,3514.0,2336,114128,82100960.0,3514.0,24,3513.0,1
rb1805,20170803,20170802,210252000,3513.0,2340,114128,82241500.0,3513.0,49,3512.0,3
rb1805,20170803,20170802,210252500,3513.0,2348,114126,82522540.0,3513.0,45,3512.0,5
rb1805,20170803,20170802,210253000,3513.0,2368,114106,83225140.0,3513.0,35,3512.0,5
rb1805,20170803,20170802,210253500,3513.0,2368,114106,83225140.0,3513.0,36,3512.0,5
rb1805,20170803,20170802,210254000,3513.0,2368,114106,83225140.0,3513.0,36,3512.0,5
rb1805,20170803,20170802,210254500,3513.0,2368,114106,83225140.0,3513.0,36,3512.0,6
rb1805,20170803,20170802,210255000,3513.0,2390,114088,83997980.0,3513.0,26,3512.0,2
rb1805,20170803,20170802,210255500,3513.0,2390,114088,83997980.0,3513.0,26,3512.0,2
rb1805,20170803,20170802,210256000,3513.0,2390,114088,83997980.0,3513.0,26,3512.0,2
rb1805,20170803,20170802,210256500,3513.0,2390,114088,83997980.0,3513.0,26,3512.0,2
rb1805,20170803,20170802,210257000,3513.0,2390,114088,83997980.0,3513.0,26,3512.0,2
rb1805,20170803,20170802,210257500,3513.0,2410,114068,84700580.0,3513.0,16,3512.0,2
rb1805,20170803,20170802,210258000,3513.0,2410,114068,84700580.0,3513.0,16,3512.0,2
rb1805,20170803,20170802,210258500,3513.0,2410,114068,84700580.0,3513.0,16,3512.0,2
rb1805,20170803,20170802,210259000,3512.0,2414,114066,84841060.0,3513.0,33,3511.0,7
rb1805,20170803,20170802,210259500,3512.0,2414,114066,84841060.0,3513.0,38,3511.0,4
rb1805,20170803,20170802,210300000,3512.0,2414,114066,84841060.0,3512.0,1,3511.0,5
rb1805,20170803,20170802,210300500,3513.0,2436,114046,85613900.0,3513.0,28,3511.0,5
rb1805,20170803,20170802,210301000,3513.0,2436,114046,85613900.0,3512.0,10,3511.0,5
rb1805,20170803,20170802,210301500,3513.0,2436,114046,85613900.0,3512.0,10,3511.0,5
rb1805,20170803,20170802,210302000,3513.0,2436,114046,85613900.0,3512.0,10,3511.0,5
rb1805,20170803,20170802,210303000,3511.0,2446,114054,85965000.0,3511.0,40,3510.0,141
rb1805,20170803,20170802,210303500,3510.0,2486,114092,87369000.0,3511.0,40,3510.0,111
rb1805,20170803,20170802,210304000,3510.0,2486,114092,87369000.0,3511.0,40,3510.0,111
rb1805,20170803,20170802,210304500,3510.0,2486,114092,87369000.0,3511.0,40,3510.0,116
rb1805,20170803,20170802,210305500,3510.0,2486,114092,87369000.0,3511.0,40,3510.0,116
rb1805,20170803,20170802,210306000,3511.0,2488,114094,87439220.0,3511.0,39,3510.0,116
rb1805,20170803,20170802,210306500,3511.0,2488,114094,87439220.0,3511.0,39,3510.0,110
rb1805,20170803,20170802,210307000,3511.0,2488,114094,87439220.0,3511.0,39,3510.0,112
rb1805,20170803,20170802,210307500,3511.0,2488,114094,87439220.0,3511.0,40,3510.0,118
rb1805,20170803,20170802,210308000,3511.0,2488,114094,87439220.0,3511.0,40,3510.0,120
rb1805,20170803,20170802,210308500,3511.0,2488,114094,87439220.0,3511.0,40,3510.0,117
rb1805,20170803,20170802,210309000,3510.0,2496,114094,87720020.0,3511.0,40,3510.0,121
rb1805,20170803,20170802,210309500,3511.0,2498,114094,87790240.0,3511.0,39,3510.0,121
rb1805,20170803,20170802,210310000,3511.0,2498,114094,87790240.0,3511.0,39,3510.0,120
rb1805,20170803,20170802,210310500,3511.0,2498,114094,87790240.0,3511.0,49,3510.0,119
rb1805,20170803,20170802,210311000,3511.0,2536,114132,89124420.0,3511.0,30,3510.0,124
rb1805,20170803,20170802,210311500,3511.0,2590,114166,91020360.0,3511.0,3,3510.0,124
rb1805,20170803,20170802,210312000,3512.0,2598,114168,91301260.0,3512.0,13,3510.0,124
rb1805,20170803,20170802,210312500,3512.0,2598,114168,91301260.0,3512.0,10,3511.0,25
rb1805,20170803,20170802,210313000,3512.0,2598,114168,91301260.0,3512.0,10,3511.0,27
rb1805,20170803,20170802,210313500,3512.0,2598,114168,91301260.0,3512.0,13,3511.0,33
rb1805,20170803,20170802,210314500,3512.0,2624,114160,92214380.0,3513.0,16,3512.0,7
rb1805,20170803,20170802,210315000,3512.0,2624,114160,92214380.0,3513.0,22,3512.0,7
rb1805,20170803,20170802,210316000,3512.0,2624,114160,92214380.0,3513.0,22,3512.0,7
rb1805,20170803,20170802,210316500,3512.0,2634,114160,92565580.0,3513.0,22,3512.0,2
rb1805,20170803,20170802,210317000,3513.0,2686,114146,94392140.0,3513.0,2,3512.0,3
rb1805,20170803,20170802,210317500,3513.0,2686,114146,94392140.0,3513.0,2,3512.0,3
rb1805,20170803,20170802,210318000,3513.0,2686,114146,94392140.0,3513.0,2,3512.0,3
rb1805,20170803,20170802,210319500,3513.0,2696,114140,94743440.0,3514.0,24,3513.0,15
rb1805,20170803,20170802,210320000,3513.0,2700,114140,94883960.0,3514.0,24,3513.0,13
rb1805,20170803,20170802,210320500,3513.0,2700,114140,94883960.0,3514.0,23,3513.0,13
rb1805,20170803,20170802,210321000,3513.0,2710,114130,95235260.0,3514.0,23,3513.0,8
rb1805,20170803,20170802,210321500,3514.0,2754,114124,96781380.0,3514.0,3,3513.0,9
rb1805,20170803,20170802,210323000,3514.0,2754,114124,96781380.0,3514.0,3,3513.0,14
rb1805,20170803,20170802,210323500,3514.0,2754,114124,96781380.0,3514.0,3,3513.0,11
rb1805,20170803,20170802,210324000,3514.0,2760,114118,96992220.0,3515.0,10,3514.0,17
rb1805,20170803,20170802,210324500,3514.0,2794,114084,98186980.0,3514.0,1,3513.0,11
rb1805,20170803,20170802,210325000,3514.0,2794,114084,98186980.0,3514.0,1,3513.0,11
rb1805,20170803,20170802,210325500,3514.0,2794,114084,98186980.0,3514.0,2,3513.0,11
rb1805,20170803,20170802,210326000,3514.0,2794,114084,98186980.0,3514.0,2,3513.0,11
rb1805,20170803,20170802,210326500,3514.0,2794,114084,98186980.0,3514.0,2,3513.0,11
rb1805,20170803,20170802,210327000,3514.0,2800,114080,98397820.0,3515.0,12,3514.0,17
rb1805,20170803,20170802,210327500,3513.0,2840,114040,99803360.0,3514.0,5,3513.0,8
rb1805,20170803,20170802,210328000,3513.0,2840,114040,99803360.0,3514.0,13,3513.0,8
rb1805,20170803,20170802,210328500,3514.0,2850,114038,100154700.0,3514.0,12,3513.0,5
rb1805,20170803,20170802,210329000,3514.0,2850,114038,100154700.0,3514.0,12,3513.0,5
rb1805,20170803,20170802,210329500,3514.0,2892,114020,101630720.0,3515.0,4,3514.0,2
rb1805,20170803,20170802,210330000,3513.0,2906,114030,102122580.0,3514.0,5,3512.0,3
rb1805,20170803,20170802,210330500,3513.0,2906,114030,102122580.0,3514.0,1,3511.0,22
rb1805,20170803,20170802,210331000,3513.0,2906,114030,102122580.0,3514.0,1,3511.0,29
rb1805,20170803,20170802,210331500,3513.0,2906,114030,102122580.0,3514.0,11,3511.0,32
rb1805,20170803,20170802,210332000,3513.0,2906,114030,102122580.0,3514.0,11,3511.0,29
rb1805,20170803,20170802,210332500,3515.0,2940,114022,103317460.0,3516.0,20,3515.0,3
rb1805,20170803,20170802,210333000,3515.0,2946,114022,103528360.0,3513.0,1,3511.0,29
rb1805,20170803,20170802,210333500,3513.0,2948,114020,103598620.0,3515.0,7,3512.0,9
rb1805,20170803,20170802,210334000,3513.0,2948,114020,103598620.0,3514.0,2,3512.0,5
rb1805,20170803,20170802,210334500,3513.0,2948,114020,103598620.0,3514.0,2,3512.0,5
rb1805,20170803,20170802,210335000,3513.0,2948,114020,103598620.0,3514.0,2,3513.0,20
rb1805,20170803,20170802,210335500,3513.0,2948,114020,103598620.0,3514.0,2,3513.0,20
rb1805,20170803,20170802,210336000,3513.0,2988,113980,105003820.0,3514.0,2,3512.0,8
rb1805,20170803,20170802,210336500,3513.0,2988,113980,105003820.0,3514.0,2,3512.0,20
rb1805,20170803,20170802,210337000,3513.0,2988,113980,105003820.0,3514.0,2,3512.0,21
rb1805,20170803,20170802,210337500,3513.0,2988,113980,105003820.0,3514.0,2,3512.0,21
rb1805,20170803,20170802,210338000,3514.0,2992,113976,105144380.0,3515.0,9,3514.0,18
rb1805,20170803,20170802,210338500,3514.0,3028,113964,106409420.0,3514.0,28,3512.0,23
rb1805,20170803,20170802,210339000,3514.0,3028,113964,106409420.0,3515.0,21,3512.0,21
rb1805,20170803,20170802,210339500,3512.0,3080,114016,108235660.0,3512.0,24,3511.0,27
rb1805,20170803,20170802,210340000,3512.0,3086,114016,108446380.0,3512.0,21,3511.0,25
rb1805,20170803,20170802,210340500,3512.0,3086,114016,108446380.0,3512.0,21,3511.0,25
rb1805,20170803,20170802,210341000,3512.0,3128,114018,109921420.0,3515.0,16,3512.0,1
rb1805,20170803,20170802,210341500,3512.0,3128,114018,109921420.0,3514.0,11,3512.0,1
rb1805,20170803,20170802,210342000,3512.0,3128,114018,109921420.0,3514.0,11,3512.0,1
rb1805,20170803,20170802,210342500,3512.0,3128,114018,109921420.0,3514.0,16,3512.0,1
rb1805,20170803,20170802,210343000,3514.0,3168,114018,111326780.0,3514.0,8,3512.0,1
rb1805,20170803,20170802,210343500,3512.0,3170,114018,111397020.0,3514.0,18,3511.0,22
rb1805,20170803,20170802,210344000,3512.0,3170,114018,111397020.0,3514.0,15,3511.0,22
rb1805,20170803,20170802,210344500,3512.0,3170,114018,111397020.0,3513.0,3,3511.0,22
rb1805,20170803,20170802,210345000,3512.0,3170,114018,111397020.0,3513.0,7,3511.0,22
rb1805,20170803,20170802,210345500,3514.0,3228,114004,113434320.0,3513.0,5,3511.0,13
rb1805,20170803,20170802,210347000,3514.0,3228,114004,113434320.0,3513.0,5,3511.0,13
rb1805,20170803,20170802,210347500,3514.0,3228,114004,113434320.0,3513.0,5,3511.0,13
rb1805,20170803,20170802,210348000,3514.0,3228,114004,113434320.0,3513.0,5,3511.0,13
rb1805,20170803,20170802,210348500,3514.0,3228,114004,113434320.0,3513.0,5,3511.0,13
rb1805,20170803,20170802,210349500,3514.0,3228,114004,113434320.0,3513.0,9,3511.0,2
rb1805,20170803,20170802,210350000,3511.0,3232,114006,113574760.0,3511.0,8,3510.0,120
rb1805,20170803,20170802,210350500,3511.0,3236,114006,113715200.0,3511.0,56,3510.0,115
rb1805,20170803,20170802,210351000,3511.0,3236,114006,113715200.0,3511.0,56,3510.0,115
rb1805,20170803,20170802,210351500,3511.0,3236,114006,113715200.0,3511.0,56,3510.0,112
rb1805,20170803,20170802,210352000,3511.0,3236,114006,113715200.0,3511.0,56,3510.0,111
rb1805,20170803,20170802,210352500,3511.0,3236,114006,113715200.0,3511.0,56,3510.0,112
rb1805,20170803,20170802,210353000,3511.0,3236,114006,113715200.0,3511.0,56,3510.0,111
rb1805,20170803,20170802,210353500,3511.0,3236,114006,113715200.0,3511.0,56,3510.0,112
rb1805,20170803,20170802,210354000,3511.0,3236,114006,113715200.0,3511.0,56,3510.0,116
rb1805,20170803,20170802,210355000,3510.0,3448,114098,121157600.0,3513.0,5,3511.0,21
rb1805,20170803,20170802,210355500,3510.0,3448,114098,121157600.0,3513.0,5,3511.0,21
rb1805,20170803,20170802,210358000,3510.0,3448,114098,121157600.0,3513.0,5,3511.0,22
rb1805,20170803,20170802,210359000,3510.0,3448,114098,121157600.0,3513.0,5,3511.0,21
rb1805,20170803,20170802,210359500,3510.0,3448,114098,121157600.0,3513.0,5,3511.0,21
rb1805,20170803,20170802,210400000,3510.0,3448,114098,121157600.0,3512.0,1,3511.0,24
rb1805,20170803,20170802,210400500,3510.0,3648,114224,128177600.0,3510.0,400,3509.0,2
rb1805,20170803,20170802,210401000,3510.0,3666,114234,128809400.0,3510.0,391,3509.0,8
rb1805,20170803,20170802,210401500,3510.0,3694,114260,129792200.0,3510.0,377,3509.0,8
rb1805,20170803,20170802,210402000,3510.0,3754,114308,131898200.0,3510.0,347,3509.0,13
rb1805,20170803,20170802,210402500,3509.0,3864,114414,135759160.0,3510.0,294,3509.0,11
rb1805,20170803,20170802,210403000,3509.0,3864,114414,135759160.0,3510.0,294,3509.0,9
rb1805,20170803,20170802,210403500,3509.0,3864,114414,135759160.0,3510.0,294,3509.0,11
rb1805,20170803,20170802,210404000,3510.0,4004,114548,140673160.0,3510.0,224,3509.0,12
rb1805,20170803,20170802,210404500,3510.0,4004,114548,140673160.0,3510.0,224,3509.0,12
rb1805,20170803,20170802,210405000,3509.0,4006,114546,140743340.0,3510.0,227,3509.0,11
rb1805,20170803,20170802,210405500,3509.0,4006,114546,140743340.0,3510.0,230,3509.0,10
rb1805,20170803,20170802,210406000,3509.0,4006,114546,140743340.0,3510.0,230,3509.0,11
rb1805,20170803,20170802,210406500,3509.0,4006,114546,140743340.0,3510.0,227,3509.0,13
rb1805,20170803,20170802,210407000,3509.0,4044,114582,142077120.0,3510.0,209,3509.0,7
rb1805,20170803,20170802,210407500,3509.0,4044,114582,142077120.0,3510.0,209,3509.0,6
rb1805,20170803,20170802,210408000,3509.0,4044,114582,142077120.0,3510.0,209,3509.0,7
rb1805,20170803,20170802,210408500,3509.0,4044,114582,142077120.0,3510.0,209,3509.0,6
rb1805,20170803,20170802,210409500,3509.0,4044,114582,142077120.0,3510.0,209,3509.0,6
rb1805,20170803,20170802,210410000,3510.0,4046,114582,142147320.0,3510.0,208,3509.0,6
rb1805,20170803,20170802,210410500,3509.0,4052,114584,142357860.0,3510.0,205,3509.0,2
rb1805,20170803,20170802,210411000,3510.0,4056,114584,142498260.0,3510.0,203,3509.0,2
rb1805,20170803,20170802,210411500,3509.0,4066,114580,142849200.0,3510.0,201,3509.0,5
rb1805,20170803,20170802,210412000,3510.0,4070,114580,142989600.0,3510.0,199,3509.0,4
rb1805,20170803,20170802,210412500,3510.0,4074,114580,143130000.0,3510.0,197,3509.0,4
rb1805,20170803,20170802,210413000,3509.0,4076,114578,143200180.0,3510.0,197,3509.0,3
rb1805,20170803,20170802,210413500,3509.0,4076,114578,143200180.0,3510.0,199,3509.0,3
rb1805,20170803,20170802,210414000,3509.0,4082,114572,143410720.0,3510.0,199,3509.0,6
rb1805,20170803,20170802,210415000,3509.0,4096,114562,143901980.0,3510.0,199,3509.0,2
rb1805,20170803,20170802,210415500,3510.0,4100,114566,144042380.0,3510.0,197,3509.0,2
rb1805,20170803,20170802,210416000,3510.0,4100,114566,144042380.0,3510.0,197,3509.0,3
rb1805,20170803,20170802,210417000,3510.0,4100,114566,144042380.0,3510.0,197,3509.0,3
rb1805,20170803,20170802,210418500,3510.0,4100,114566,144042380.0,3510.0,197,3509.0,63
rb1805,20170803,20170802,210419000,3510.0,4100,114566,144042380.0,3510.0,197,3509.0,64
rb1805,20170803,20170802,210419500,3510.0,4102,114566,144112580.0,3510.0,196,3509.0,64
rb1805,20170803,20170802,210420000,3510.0,4102,114566,144112580.0,3510.0,196,3509.0,64
rb1805,20170803,20170802,210421000,3510.0,4104,114568,144182780.0,3510.0,196,3509.0,64
rb1805,20170803,20170802,210421500,3510.0,4104,114568,144182780.0,3510.0,196,3509.0,64
rb1805,20170803,20170802,210422000,3510.0,4104,114568,144182780.0,3510.0,197,3509.0,64
rb1805,20170803,20170802,210422500,3510.0,4194,114652,147341780.0,3510.0,152,3509.0,64
rb1805,20170803,20170802,210423500,3510.0,4194,114652,147341780.0,3510.0,153,3509.0,64
rb1805,20170803,20170802,210424500,3510.0,4194,114652,147341780.0,3510.0,153,3509.0,67
rb1805,20170803,20170802,210425000,3510.0,4326,114656,151974980.0,3510.0,87,3509.0,64
rb1805,20170803,20170802,210425500,3510.0,4326,114656,151974980.0,3510.0,87,3509.0,67
rb1805,20170803,20170802,210426000,3510.0,4326,114656,151974980.0,3510.0,87,3509.0,67
rb1805,20170803,20170802,210426500,3510.0,4328,114658,152045180.0,3510.0,86,3509.0,67
rb1805,20170803,20170802,210427500,3510.0,4328,114658,152045180.0,3510.0,86,3509.0,67
rb1805,20170803,20170802,210428000,3510.0,4334,114664,152255780.0,3510.0,83,3509.0,67
rb1805,20170803,20170802,210428500,3510.0,4334,114664,152255780.0,3510.0,83,3509.0,64
rb1805,20170803,20170802,210429000,3510.0,4334,114664,152255780.0,3510.0,83,3509.0,64
rb1805,20170803,20170802,210429500,3510.0,4334,114664,152255780.0,3510.0,83,3509.0,69
rb1805,20170803,20170802,210430000,3510.0,4336,114666,152325980.0,3510.0,82,3509.0,69
rb1805,20170803,20170802,210430500,3510.0,4336,114666,152325980.0,3510.0,82,3509.0,73
rb1805,20170803,20170802,210435000,3510.0,4336,114666,152325980.0,3510.0,82,3509.0,73
rb1805,20170803,20170802,210435500,3510.0,4338,114666,152396180.0,3510.0,81,3509.0,74
rb1805,20170803,20170802,210437000,3509.0,4342,114670,152536540.0,3510.0,81,3509.0,72
rb1805,20170803,20170802,210438000,3510.0,4364,114652,153308540.0,3510.0,80,3509.0,62
rb1805,20170803,20170802,210439500,3510.0,4378,114652,153799940.0,3510.0,73,3509.0,62
rb1805,20170803,20170802,210440500,3510.0,4382,114656,153940340.0,3510.0,71,3509.0,62
rb1805,20170803,20170802,210441000,3510.0,4382,114656,153940340.0,3510.0,72,3509.0,62
rb1805,20170803,20170802,210442500,3510.0,4392,114666,154291340.0,3510.0,66,3509.0,62
rb1805,20170803,20170802,210444000,3509.0,4398,114660,154501880.0,3510.0,66,3509.0,59
rb1805,20170803,20170802,210444500,3509.0,4398,114660,154501880.0,3510.0,66,3509.0,59
rb1805,20170803,20170802,210447000,3509.0,4398,114660,154501880.0,3510.0,66,3509.0,59
rb1805,20170803,20170802,210447500,3510.0,4458,114720,156607880.0,3510.0,36,3509.0,59
rb1805,20170803,20170802,210448000,3510.0,4458,114720,156607880.0,3510.0,36,3509.0,59
rb1805,20170803,20170802,210448500,3510.0,4458,114720,156607880.0,3510.0,36,3509.0,59
rb1805,20170803,20170802,210449000,3510.0,4458,114720,156607880.0,3510.0,36,3509.0,60
rb1805,20170803,20170802,210449500,3510.0,4468,114730,156958880.0,3510.0,31,3509.0,60
rb1805,20170803,20170802,210450500,3509.0,4470,114728,157029060.0,3510.0,30,3509.0,59
rb1805,20170803,20170802,210451000,3509.0,4470,114728,157029060.0,3510.0,30,3509.0,59
rb1805,20170803,20170802,210451500,3510.0,4530,114786,159135060.0,3511.0,3,3510.0,1
rb1805,20170803,20170802,210452000,3511.0,4536,114780,159345720.0,3512.0,2,3510.0,7
rb1805,20170803,20170802,210452500,3511.0,4536,114780,159345720.0,3512.0,2,3511.0,3
rb1805,20170803,20170802,210453000,3510.0,4548,114768,159766980.0,3511.0,8,3509.0,56
rb1805,20170803,20170802,210453500,3510.0,4548,114768,159766980.0,3511.0,5,3509.0,58
rb1805,20170803,20170802,210454000,3511.0,4550,114770,159837200.0,3511.0,4,3509.0,58
rb1805,20170803,20170802,210454500,3511.0,4550,114770,159837200.0,3511.0,4,3510.0,1
rb1805,20170803,20170802,210455000,3511.0,4550,114770,159837200.0,3511.0,7,3509.0,57
rb1805,20170803,20170802,210455500,3511.0,4550,114770,159837200.0,3512.0,11,3510.0,1
rb1805,20170803,20170802,210456000,3511.0,4550,114770,159837200.0,3512.0,8,3510.0,2
rb1805,20170803,20170802,210456500,3511.0,4550,114770,159837200.0,3512.0,8,3510.0,2
rb1805,20170803,20170802,210458000,3511.0,4550,114770,159837200.0,3512.0,9,3510.0,2
rb1805,20170803,20170802,210500000,3511.0,4550,114770,159837200.0,3512.0,9,3510.0,3
rb1805,20170803,20170802,210500500,3512.0,4552,114770,159907440.0,3511.0,1,3510.0,3
rb1805,20170803,20170802,210501000,3511.0,4554,114772,159977660.0,3512.0,5,3511.0,4
rb1805,20170803,20170802,210501500,3511.0,4554,114772,159977660.0,3512.0,8,3511.0,4
rb1805,20170803,20170802,210502000,3511.0,4554,114772,159977660.0,3512.0,7,3511.0,4
rb1805,20170803,20170802,210502500,3511.0,4562,114772,160258540.0,3512.0,12,3510.0,3
rb1805,20170803,20170802,210503000,3511.0,4562,114772,160258540.0,3512.0,12,3510.0,2
rb1805,20170803,20170802,210505500,3511.0,4562,114772,160258540.0,3512.0,12,3510.0,7
rb1805,20170803,20170802,210506500,3511.0,4562,114772,160258540.0,3512.0,7,3510.0,8
rb1805,20170803,20170802,210507500,3511.0,4562,114772,160258540.0,3512.0,10,3510.0,7
rb1805,20170803,20170802,210508000,3511.0,4562,114772,160258540.0,3512.0,12,3510.0,7
rb1805,20170803,20170802,210508500,3511.0,4562,114772,160258540.0,3512.0,12,3510.0,7
rb1805,20170803,20170802,210509000,3511.0,4562,114772,160258540.0,3512.0,12,3510.0,8
rb1805,20170803,20170802,210509500,3511.0,4562,114772,160258540.0,3512.0,7,3510.0,8
rb1805,20170803,20170802,210510000,3511.0,4562,114772,160258540.0,3512.0,7,3510.0,9
rb1805,20170803,20170802,210511000,3511.0,4562,114772,160258540.0,3512.0,9,3510.0,9
rb1805,20170803,20170802,210511500,3511.0,4562,114772,160258540.0,3512.0,17,3510.0,9
rb1805,20170803,20170802,210512000,3511.0,4562,114772,160258540.0,3511.0,7,3510.0,9
rb1805,20170803,20170802,210512500,3510.0,4564,114772,160328740.0,3511.0,7,3510.0,8
rb1805,20170803,20170802,210514500,3510.0,4572,114780,160609540.0,3511.0,12,3510.0,4
rb1805,20170803,20170802,210515000,3510.0,4580,114780,160890340.0,3510.0,13,3509.0,60
rb1805,20170803,20170802,210515500,3510.0,4580,114780,160890340.0,3510.0,5,3509.0,58
rb1805,20170803,20170802,210516000,3510.0,4580,114780,160890340.0,3510.0,10,3509.0,58
rb1805,20170803,20170802,210517000,3510.0,4580,114780,160890340.0,3510.0,10,3509.0,58
rb1805,20170803,20170802,210517500,3510.0,4586,114780,161100940.0,3510.0,10,3509.0,61
rb1805,20170803,20170802,210518000,3510.0,4586,114780,161100940.0,3510.0,7,3509.0,58
rb1805,20170803,20170802,210518500,3510.0,4586,114780,161100940.0,3510.0,4,3509.0,58
rb1805,20170803,20170802,210520000,3510.0,4586,114780,161100940.0,3510.0,4,3509.0,58
rb1805,20170803,20170802,210521000,3510.0,4586,114780,161100940.0,3510.0,4,3509.0,58
rb1805,20170803,20170802,210521500,3510.0,4586,114780,161100940.0,3510.0,24,3509.0,58
rb1805,20170803,20170802,210522000,3510.0,4586,114780,161100940.0,3510.0,29,3509.0,58
rb1805,20170803,20170802,210523500,3510.0,4586,114780,161100940.0,3510.0,29,3509.0,53
rb1805,20170803,20170802,210524000,3509.0,4686,114784,164609940.0,3510.0,29,3509.0,3
rb1805,20170803,20170802,210524500,3509.0,4692,114782,164820480.0,3509.0,3,3508.0,32
rb1805,20170803,20170802,210525000,3508.0,4762,114772,167276140.0,3508.0,18,3507.0,12
rb1805,20170803,20170802,210525500,3508.0,4798,114770,168539020.0,3510.0,24,3508.0,7
rb1805,20170803,20170802,210526000,3510.0,4800,114770,168609220.0,3510.0,23,3507.0,15
rb1805,20170803,20170802,210526500,3510.0,4800,114770,168609220.0,3510.0,28,3508.0,2
rb1805,20170803,20170802,210527000,3509.0,4804,114770,168749580.0,3509.0,2,3508.0,2
rb1805,20170803,20170802,210527500,3509.0,4804,114770,168749580.0,3509.0,2,3508.0,2
rb1805,20170803,20170802,210528000,3508.0,4806,114768,168819740.0,3509.0,2,3508.0,1
rb1805,20170803,20170802,210529500,3508.0,4806,114768,168819740.0,3509.0,12,3508.0,1
rb1805,20170803,20170802,210530000,3508.0,4806,114768,168819740.0,3509.0,12,3508.0,1
rb1805,20170803,20170802,210531000,3508.0,4808,114766,168889900.0,3509.0,12,3507.0,17
rb1805,20170803,20170802,210531500,3508.0,4808,114766,168889900.0,3508.0,3,3507.0,17
rb1805,20170803,20170802,210532000,3508.0,4814,114772,169100380.0,3509.0,12,3508.0,4
rb1805,20170803,20170802,210532500,3508.0,4814,114772,169100380.0,3509.0,12,3507.0,20
rb1805,20170803,20170802,210533000,3508.0,4814,114772,169100380.0,3509.0,12,3507.0,21
rb1805,20170803,20170802,210534000,3508.0,4814,114772,169100380.0,3509.0,12,3507.0,21
rb1805,20170803,20170802,210534500,3508.0,4814,114772,169100380.0,3509.0,12,3507.0,17
rb1805,20170803,20170802,210535500,3508.0,4814,114772,169100380.0,3509.0,12,3507.0,22
rb1805,20170803,20170802,210536000,3508.0,4814,114772,169100380.0,3509.0,12,3507.0,22
rb1805,20170803,20170802,210536500,3508.0,4814,114772,169100380.0,3509.0,14,3507.0,22
rb1805,20170803,20170802,210537000,3509.0,4816,114772,169170560.0,3509.0,13,3508.0,3
rb1805,20170803,20170802,210537500,3509.0,4816,114772,169170560.0,3509.0,13,3507.0,22
rb1805,20170803,20170802,210539000,3509.0,4816,114772,169170560.0,3508.0,1,3507.0,22
rb1805,20170803,20170802,210539500,3509.0,4816,114772,169170560.0,3508.0,1,3507.0,17
rb1805,20170803,20170802,210540000,3509.0,4816,114772,169170560.0,3508.0,1,3507.0,20
rb1805,20170803,20170802,210541000,3509.0,4816,114772,169170560.0,3508.0,1,3507.0,20
rb1805,20170803,20170802,210541500,3509.0,4816,114772,169170560.0,3508.0,1,3507.0,20
rb1805,20170803,20170802,210542500,3508.0,4818,114770,169240720.0,3509.0,13,3507.0,20
rb1805,20170803,20170802,210543000,3508.0,4818,114770,169240720.0,3509.0,13,3507.0,17
rb1805,20170803,20170802,210543500,3508.0,4818,114770,169240720.0,3509.0,16,3507.0,17
rb1805,20170803,20170802,210544000,3508.0,4818,114770,169240720.0,3509.0,13,3507.0,17
rb1805,20170803,20170802,210544500,3508.0,4818,114770,169240720.0,3509.0,13,3507.0,17
rb1805,20170803,20170802,210545000,3508.0,4818,114770,169240720.0,3509.0,12,3507.0,23
rb1805,20170803,20170802,210545500,3508.0,4818,114770,169240720.0,3508.0,1,3507.0,23
rb1805,20170803,20170802,210546000,3508.0,4822,114772,169381040.0,3509.0,13,3508.0,2
rb1805,20170803,20170802,210546500,3508.0,4822,114772,169381040.0,3509.0,14,3507.0,25
rb1805,20170803,20170802,210547000,3508.0,4822,114772,169381040.0,3509.0,14,3507.0,25
rb1805,20170803,20170802,210547500,3508.0,4822,114772,169381040.0,3509.0,13,3507.0,26
rb1805,20170803,20170802,210549000,3508.0,4822,114772,169381040.0,3509.0,13,3507.0,26
rb1805,20170803,20170802,210550500,3508.0,4822,114772,169381040.0,3509.0,13,3508.0,5
rb1805,20170803,20170802,210551000,3508.0,4822,114772,169381040.0,3509.0,13,3508.0,6
rb1805,20170803,20170802,210551500,3508.0,4822,114772,169381040.0,3509.0,14,3508.0,6
rb1805,20170803,20170802,210552000,3508.0,4822,114772,169381040.0,3509.0,14,3508.0,5
rb1805,20170803,20170802,210553500,3508.0,4822,114772,169381040.0,3509.0,14,3508.0,5
rb1805,20170803,20170802,210554000,3508.0,4822,114772,169381040.0,3509.0,14,3508.0,6
rb1805,20170803,20170802,210554500,3508.0,4822,114772,169381040.0,3509.0,18,3508.0,6
rb1805,20170803,20170802,210555500,3508.0,4822,114772,169381040.0,3509.0,18,3508.0,6
rb1805,20170803,20170802,210556000,3508.0,4824,114772,169451200.0,3509.0,18,3508.0,5
rb1805,20170803,20170802,210556500,3508.0,4824,114772,169451200.0,3509.0,13,3508.0,5
rb1805,20170803,20170802,210557000,3508.0,4824,114772,169451200.0,3509.0,14,3508.0,5
rb1805,20170803,20170802,210557500,3508.0,4824,114772,169451200.0,3509.0,14,3508.0,5
rb1805,20170803,20170802,210600000,3508.0,4824,114772,169451200.0,3509.0,17,3508.0,5
rb1805,20170803,20170802,210601000,3508.0,4824,114772,169451200.0,3509.0,14,3508.0,5
rb1805,20170803,20170802,210601500,3508.0,4824,114772,169451200.0,3509.0,19,3508.0,4
rb1805,20170803,20170802,210602000,3509.0,4826,114774,169521380.0,3509.0,18,3508.0,4
rb1805,20170803,20170802,210602500,3509.0,4826,114774,169521380.0,3509.0,21,3508.0,4
rb1805,20170803,20170802,210603000,3508.0,4834,114774,169802020.0,3508.0,1,3507.0,29
rb1805,20170803,20170802,210603500,3508.0,4836,114774,169872180.0,3509.0,21,3507.0,25
rb1805,20170803,20170802,210604000,3508.0,4836,114774,169872180.0,3509.0,21,3507.0,22
rb1805,20170803,20170802,210604500,3508.0,4836,114774,169872180.0,3509.0,21,3507.0,22
rb1805,20170803,20170802,210605000,3508.0,4836,114774,169872180.0,3509.0,21,3507.0,22
rb1805,20170803,20170802,210605500,3508.0,4836,114774,169872180.0,3509.0,21,3507.0,22
rb1805,20170803,20170802,210606000,3509.0,4838,114776,169942360.0,3509.0,20,3508.0,30
rb1805,20170803,20170802,210606500,3508.0,4892,114722,171836680.0,3509.0,20,3508.0,3
rb1805,20170803,20170802,210607000,3508.0,4892,114722,171836680.0,3509.0,21,3508.0,3
rb1805,20170803,20170802,210608000,3508.0,4892,114722,171836680.0,3509.0,21,3508.0,3
rb1805,20170803,20170802,210608500,3508.0,4900,114724,172117320.0,3509.0,21,3507.0,33
rb1805,20170803,20170802,210609000,3508.0,4900,114724,172117320.0,3509.0,21,3508.0,2
rb1805,20170803,20170802,210609500,3508.0,4900,114724,172117320.0,3509.0,21,3508.0,1
rb1805,20170803,20170802,210610000,3508.0,4902,114726,172187480.0,3509.0,21,3507.0,33
rb1805,20170803,20170802,210610500,3508.0,4902,114726,172187480.0,3509.0,26,3507.0,34
rb1805,20170803,20170802,210612000,3509.0,4904,114728,172257660.0,3509.0,25,3507.0,34
rb1805,20170803,20170802,210613500,3509.0,4904,114728,172257660.0,3509.0,25,3508.0,1
rb1805,20170803,20170802,210614000,3508.0,4908,114730,172397980.0,3509.0,25,3507.0,33
rb1805,20170803,20170802,210615000,3509.0,4912,114734,172538340.0,3509.0,23,3507.0,33
rb1805,20170803,20170802,210616000,3509.0,4912,114734,172538340.0,3508.0,3,3507.0,33
rb1805,20170803,20170802,210616500,3509.0,4952,114710,173941940.0,3509.0,6,3508.0,3
rb1805,20170803,20170802,210617000,3509.0,4952,114710,173941940.0,3509.0,6,3507.0,33
rb1805,20170803,20170802,210617500,3509.0,4952,114710,173941940.0,3509.0,6,3507.0,36
rb1805,20170803,20170802,210618000,3509.0,4952,114710,173941940.0,3509.0,6,3507.0,41
rb1805,20170803,20170802,210618500,3509.0,4952,114710,173941940.0,3509.0,6,3507.0,41
rb1805,20170803,20170802,210619000,3509.0,4966,114696,174433200.0,3510.0,30,3509.0,13
rb1805,20170803,20170802,210619500,3509.0,4992,114670,175345540.0,3509.0,4,3507.0,41
rb1805,20170803,20170802,210620000,3509.0,4992,114670,175345540.0,3509.0,4,3507.0,38
rb1805,20170803,20170802,210620500,3507.0,5004,114668,175766380.0,3509.0,4,3507.0,32
rb1805,20170803,20170802,210621000,3507.0,5006,114668,175836520.0,3509.0,4,3507.0,31
rb1805,20170803,20170802,210622000,3509.0,5016,114658,176187420.0,3510.0,35,3509.0,15
rb1805,20170803,20170802,210622500,3509.0,5026,114658,176538320.0,3510.0,35,3509.0,10
rb1805,20170803,20170802,210623000,3509.0,5026,114658,176538320.0,3510.0,30,3509.0,10
rb1805,20170803,20170802,210624000,3510.0,5070,114618,178082680.0,3510.0,10,3509.0,8
rb1805,20170803,20170802,210624500,3510.0,5070,114618,178082680.0,3510.0,10,3509.0,8
rb1805,20170803,20170802,210626000,3509.0,5072,114618,178152860.0,3510.0,11,3509.0,7
rb1805,20170803,20170802,210626500,3510.0,5098,114614,179065460.0,3511.0,12,3510.0,7
rb1805,20170803,20170802,210627000,3509.0,5126,114586,180048120.0,3510.0,7,3508.0,11
rb1805,20170803,20170802,210627500,3509.0,5126,114586,180048120.0,3511.0,13,3508.0,11
rb1805,20170803,20170802,210628000,3509.0,5126,114586,180048120.0,3510.0,2,3508.0,16
rb1805,20170803,20170802,210628500,3509.0,5126,114586,180048120.0,3510.0,2,3508.0,16
rb1805,20170803,20170802,210629000,3509.0,5126,114586,180048120.0,3510.0,2,3508.0,16
rb1805,20170803,20170802,210629500,3511.0,5156,114574,181101380.0,3512.0,8,3511.0,5
rb1805,20170803,20170802,210630000,3510.0,5172,114558,181663080.0,3510.0,3,3508.0,18
rb1805,20170803,20170802,210630500,3510.0,5172,114558,181663080.0,3511.0,1,3509.0,2
rb1805,20170803,20170802,210631000,3510.0,5172,114558,181663080.0,3511.0,6,3510.0,1
rb1805,20170803,20170802,210631500,3509.0,5176,114556,181803460.0,3510.0,6,3509.0,1
rb1805,20170803,20170802,210632000,3509.0,5176,114556,181803460.0,3510.0,1,3509.0,1
rb1805,20170803,20170802,210632500,3510.0,5178,114556,181873660.0,3511.0,1,3510.0,19
rb1805,20170803,20170802,210633000,3510.0,5200,114534,182645860.0,3511.0,6,3510.0,8
rb1805,20170803,20170802,210633500,3510.0,5200,114534,182645860.0,3511.0,6,3510.0,8
rb1805,20170803,20170802,210634000,3510.0,5216,114518,183207460.0,3510.0,21,3509.0,1
rb1805,20170803,20170802,210634500,3510.0,5216,114518,183207460.0,3510.0,5,3509.0,1
rb1805,20170803,20170802,210635000,3511.0,5218,114516,183277680.0,3512.0,8,3511.0,19
rb1805,20170803,20170802,210635500,3511.0,5256,114496,184611860.0,3511.0,1,3509.0,3
rb1805,20170803,20170802,210636000,3511.0,5258,114498,184682080.0,3511.0,1,3509.0,1
rb1805,20170803,20170802,210636500,3511.0,5258,114498,184682080.0,3511.0,2,3509.0,2
rb1805,20170803,20170802,210637000,3511.0,5258,114498,184682080.0,3511.0,3,3509.0,7
rb1805,20170803,20170802,210637500,3511.0,5260,114500,184752300.0,3511.0,3,3509.0,7
rb1805,20170803,20170802,210638000,3511.0,5266,114494,184962960.0,3512.0,7,3511.0,17
rb1805,20170803,20170802,210638500,3511.0,5280,114480,185454500.0,3512.0,7,3511.0,10
rb1805,20170803,20170802,210639000,3511.0,5292,114470,185875820.0,3512.0,7,3511.0,4
rb1805,20170803,20170802,210639500,3511.0,5292,114470,185875820.0,3512.0,7,3511.0,4
rb1805,20170803,20170802,210640000,3511.0,5292,114470,185875820.0,3512.0,7,3511.0,4
rb1805,20170803,20170802,210641000,3512.0,5306,114460,186367500.0,3513.0,3,3512.0,13
rb1805,20170803,20170802,210641500,3512.0,5332,114440,187280620.0,3512.0,8,3511.0,7
rb1805,20170803,20170802,210642000,3512.0,5332,114440,187280620.0,3512.0,8,3511.0,7
rb1805,20170803,20170802,210642500,3512.0,5334,114438,187350860.0,3512.0,6,3511.0,12
rb1805,20170803,20170802,210643000,3511.0,5336,114438,187421080.0,3512.0,6,3511.0,11
rb1805,20170803,20170802,210643500,3511.0,5336,114438,187421080.0,3512.0,6,3511.0,11
rb1805,20170803,20170802,210644000,3511.0,5348,114426,187842400.0,3513.0,3,3511.0,5
rb1805,20170803,20170802,210644500,3511.0,5348,114426,187842400.0,3513.0,3,3511.0,5
rb1805,20170803,20170802,210645000,3511.0,5348,114426,187842400.0,3513.0,3,3512.0,20
rb1805,20170803,20170802,210645500,3512.0,5374,114400,188755520.0,3513.0,3,3512.0,7
rb1805,20170803,20170802,210646500,3512.0,5374,114400,188755520.0,3513.0,3,3512.0,7
rb1805,20170803,20170802,210647500,3512.0,5374,114400,188755520.0,3513.0,3,3512.0,7
rb1805,20170803,20170802,210648000,3512.0,5374,114400,188755520.0,3513.0,3,3512.0,10
rb1805,20170803,20170802,210648500,3513.0,5382,114394,189036540.0,3514.0,25,3513.0,17
rb1805,20170803,20170802,210649000,3513.0,5386,114390,189177060.0,3514.0,25,3513.0,15
rb1805,20170803,20170802,210649500,3513.0,5388,114390,189247320.0,3514.0,25,3513.0,14
rb1805,20170803,20170802,210650000,3513.0,5388,114390,189247320.0,3514.0,35,3513.0,14
rb1805,20170803,20170802,210651000,3513.0,5408,114390,189949920.0,3514.0,35,3513.0,4
rb1805,20170803,20170802,210651500,3514.0,5448,114362,191355520.0,3514.0,15,3513.0,4
rb1805,20170803,20170802,210652000,3513.0,5456,114354,191636560.0,3514.0,15,3512.0,9
rb1805,20170803,20170802,210652500,3513.0,5456,114354,191636560.0,3514.0,15,3512.0,6
rb1805,20170803,20170802,210653000,3514.0,5460,114350,191777120.0,3513.0,1,3512.0,6
rb1805,20170803,20170802,210653500,3514.0,5460,114350,191777120.0,3513.0,1,3512.0,9
rb1805,20170803,20170802,210654000,3514.0,5460,114350,191777120.0,3513.0,1,3512.0,9
rb1805,20170803,20170802,210655000,3514.0,5460,114350,191777120.0,3513.0,1,3512.0,9
rb1805,20170803,20170802,210655500,3513.0,5462,114348,191847380.0,3514.0,13,3513.0,19
rb1805,20170803,20170802,210656000,3513.0,5462,114348,191847380.0,3514.0,13,3513.0,19
rb1805,20170803,20170802,210656500,3513.0,5462,114348,191847380.0,3514.0,13,3513.0,19
rb1805,20170803,20170802,210657000,3513.0,5462,114348,191847380.0,3514.0,13,3513.0,19
rb1805,20170803,20170802,210657500,3513.0,5462,114348,191847380.0,3514.0,3,3513.0,19
rb1805,20170803,20170802,210658000,3513.0,5462,114348,191847380.0,3514.0,3,3513.0,19
rb1805,20170803,20170802,210658500,3514.0,5468,114344,192058220.0,3515.0,13,3514.0,17
rb1805,20170803,20170802,210659000,3514.0,5496,114344,193042140.0,3515.0,13,3514.0,3
rb1805,20170803,20170802,210659500,3514.0,5502,114338,193252980.0,3514.0,5,3513.0,19
rb1805,20170803,20170802,210700000,3514.0,5502,114338,193252980.0,3515.0,13,3513.0,22
rb1805,20170803,20170802,210700500,3513.0,5504,114338,193323240.0,3515.0,13,3513.0,21
rb1805,20170803,20170802,210701000,3513.0,5504,114338,193323240.0,3514.0,2,3513.0,21
rb1805,20170803,20170802,210701500,3515.0,5536,114328,194448000.0,3516.0,10,3515.0,4
rb1805,20170803,20170802,210702000,3515.0,5544,114320,194729200.0,3515.0,11,3513.0,23
rb1805,20170803,20170802,210702500,3515.0,5546,114318,194799500.0,3515.0,2,3514.0,1
rb1805,20170803,20170802,210703000,3515.0,5546,114318,194799500.0,3515.0,2,3514.0,4
rb1805,20170803,20170802,210703500,3515.0,5550,114318,194940100.0,3516.0,10,3515.0,10
rb1805,20170803,20170802,210704000,3515.0,5550,114318,194940100.0,3516.0,7,3515.0,10
rb1805,20170803,20170802,210705000,3516.0,5560,114312,195291700.0,3516.0,2,3515.0,10
rb1805,20170803,20170802,210705500,3516.0,5564,114308,195432340.0,3517.0,4,3516.0,3
rb1805,20170803,20170802,210706000,3517.0,5574,114300,195784020.0,3518.0,57,3517.0,36
rb1805,20170803,20170802,210706500,3517.0,5646,114278,198316260.0,3517.0,2,3516.0,3
rb1805,20170803,20170802,210707000,3517.0,5654,114272,198597620.0,3518.0,57,3517.0,8
rb1805,20170803,20170802,210707500,3517.0,5654,114272,198597620.0,3518.0,57,3517.0,8
rb1805,20170803,20170802,210708000,3518.0,5658,114268,198738340.0,3518.0,55,3517.0,6
rb1805,20170803,20170802,210708500,3518.0,5662,114264,198879060.0,3518.0,63,3517.0,6
rb1805,20170803,20170802,210709000,3518.0,5662,114264,198879060.0,3518.0,63,3517.0,6
rb1805,20170803,20170802,210709500,3518.0,5672,114258,199230860.0,3518.0,58,3517.0,6
rb1805,20170803,20170802,210710000,3518.0,5684,114246,199653020.0,3518.0,52,3517.0,6
rb1805,20170803,20170802,210710500,3518.0,5692,114238,199934460.0,3518.0,48,3517.0,6
rb1805,20170803,20170802,210711000,3518.0,5706,114226,200426960.0,3518.0,42,3517.0,5
rb1805,20170803,20170802,210711500,3518.0,5716,114216,200778760.0,3518.0,37,3517.0,5
rb1805,20170803,20170802,210712000,3518.0,5728,114204,201200920.0,3518.0,31,3517.0,5
rb1805,20170803,20170802,210712500,3517.0,5738,114204,201552620.0,3517.0,5,3516.0,1
rb1805,20170803,20170802,210713000,3517.0,5748,114208,201904320.0,3518.0,31,3517.0,12
rb1805,20170803,20170802,210713500,3518.0,5750,114206,201974680.0,3518.0,30,3517.0,2
rb1805,20170803,20170802,210714000,3518.0,5764,114200,202467200.0,3518.0,25,3517.0,2
rb1805,20170803,20170802,210714500,3518.0,5772,114192,202748640.0,3518.0,21,3517.0,3
rb1805,20170803,20170802,210715000,3518.0,5814,114206,204226200.0,3519.0,19,3518.0,2
rb1805,20170803,20170802,210715500,3519.0,5830,114194,204789100.0,3519.0,27,3517.0,7
rb1805,20170803,20170802,210716000,3519.0,5834,114190,204929860.0,3519.0,25,3517.0,7
rb1805,20170803,20170802,210716500,3517.0,5838,114186,205070540.0,3519.0,25,3517.0,10
rb1805,20170803,20170802,210717000,3518.0,5840,114184,205140900.0,3518.0,9,3517.0,10
rb1805,20170803,20170802,210717500,3518.0,5858,114184,205774140.0,3519.0,25,3517.0,10
rb1805,20170803,20170802,210718000,3518.0,5858,114184,205774140.0,3519.0,15,3517.0,10
rb1805,20170803,20170802,210718500,3518.0,5858,114184,205774140.0,3519.0,16,3517.0,10
rb1805,20170803,20170802,210720000,3518.0,5858,114184,205774140.0,3518.0,2,3517.0,10
rb1805,20170803,20170802,210720500,3519.0,5864,114184,205985240.0,3519.0,15,3517.0,5
rb1805,20170803,20170802,210721500,3519.0,5874,114190,206337140.0,3519.0,10,3517.0,5
rb1805,20170803,20170802,210723000,3517.0,5878,114188,206477820.0,3519.0,10,3517.0,3
rb1805,20170803,20170802,210725000,3517.0,5878,114188,206477820.0,3519.0,10,3517.0,3
rb1805,20170803,20170802,210725500,3517.0,5878,114188,206477820.0,3519.0,5,3518.0,1
rb1805,20170803,20170802,210726000,3517.0,5878,114188,206477820.0,3519.0,5,3518.0,1
rb1805,20170803,20170802,210726500,3519.0,5882,114188,206618580.0,3519.0,3,3517.0,3
rb1805,20170803,20170802,210727000,3519.0,5882,114188,206618580.0,3519.0,3,3517.0,4
rb1805,20170803,20170802,210727500,3519.0,5882,114188,206618580.0,3519.0,3,3517.0,7
rb1805,20170803,20170802,210728000,3519.0,5882,114188,206618580.0,3519.0,3,3517.0,7
rb1805,20170803,20170802,210728500,3519.0,5886,114192,206759340.0,3519.0,1,3517.0,7
rb1805,20170803,20170802,210729000,3519.0,5886,114192,206759340.0,3519.0,1,3517.0,7
rb1805,20170803,20170802,210729500,3519.0,5886,114192,206759340.0,3519.0,1,3517.0,7
rb1805,20170803,20170802,210730000,3519.0,5886,114192,206759340.0,3519.0,1,3518.0,2
rb1805,20170803,20170802,210730500,3519.0,5886,114192,206759340.0,3519.0,1,3518.0,2
rb1805,20170803,20170802,210731000,3519.0,5886,114192,206759340.0,3519.0,1,3518.0,2
rb1805,20170803,20170802,210731500,3519.0,5888,114190,206829720.0,3520.0,19,3518.0,2
rb1805,20170803,20170802,210732000,3518.0,5896,114186,207111160.0,3518.0,26,3517.0,13
rb1805,20170803,20170802,210732500,3518.0,5902,114186,207322240.0,3518.0,23,3517.0,8
rb1805,20170803,20170802,210733500,3518.0,5902,114186,207322240.0,3518.0,23,3517.0,8
rb1805,20170803,20170802,210734000,3518.0,5902,114186,207322240.0,3518.0,24,3517.0,8
rb1805,20170803,20170802,210734500,3517.0,5906,114182,207462920.0,3518.0,24,3517.0,6
rb1805,20170803,20170802,210735000,3517.0,5906,114182,207462920.0,3518.0,24,3517.0,5
rb1805,20170803,20170802,210736000,3517.0,5908,114182,207533260.0,3518.0,24,3517.0,4
rb1805,20170803,20170802,210737000,3517.0,5908,114182,207533260.0,3518.0,24,3517.0,4
rb1805,20170803,20170802,210737500,3517.0,5908,114182,207533260.0,3518.0,24,3517.0,1
rb1805,20170803,20170802,210738000,3517.0,5908,114182,207533260.0,3518.0,24,3517.0,3
rb1805,20170803,20170802,210738500,3518.0,5910,114182,207603620.0,3518.0,23,3517.0,3
rb1805,20170803,20170802,210739000,3518.0,5910,114182,207603620.0,3518.0,23,3517.0,3
rb1805,20170803,20170802,210741000,3517.0,5912,114182,207673960.0,3518.0,23,3517.0,2
rb1805,20170803,20170802,210741500,3517.0,5912,114182,207673960.0,3518.0,33,3517.0,2
rb1805,20170803,20170802,210742000,3517.0,5912,114182,207673960.0,3518.0,43,3517.0,2
rb1805,20170803,20170802,210742500,3517.0,5912,114182,207673960.0,3518.0,43,3517.0,2
rb1805,20170803,20170802,210743000,3517.0,5912,114182,207673960.0,3518.0,43,3517.0,2
rb1805,20170803,20170802,210743500,3517.0,5912,114182,207673960.0,3518.0,33,3517.0,2
rb1805,20170803,20170802,210744000,3517.0,5916,114180,207814640.0,3517.0,8,3516.0,10
rb1805,20170803,20170802,210744500,3517.0,5932,114180,208377360.0,3518.0,33,3516.0,14
rb1805,20170803,20170802,210745000,3517.0,5932,114180,208377360.0,3518.0,33,3517.0,6
rb1805,20170803,20170802,210746000,3518.0,5942,114170,208729160.0,3518.0,28,3517.0,6
rb1805,20170803,20170802,210746500,3518.0,5942,114170,208729160.0,3518.0,27,3517.0,6
rb1805,20170803,20170802,210747000,3518.0,5944,114170,208799520.0,3518.0,26,3517.0,6
rb1805,20170803,20170802,210748500,3518.0,5946,114170,208869880.0,3518.0,25,3517.0,6
rb1805,20170803,20170802,210749000,3518.0,5946,114170,208869880.0,3518.0,26,3517.0,6
rb1805,20170803,20170802,210749500,3518.0,5946,114170,208869880.0,3518.0,26,3517.0,6
rb1805,20170803,20170802,210750000,3518.0,5946,114170,208869880.0,3518.0,26,3517.0,6
rb1805,20170803,20170802,210750500,3517.0,5960,114170,209362260.0,3517.0,53,3516.0,14
rb1805,20170803,20170802,210751000,3517.0,5962,114170,209432600.0,3517.0,52,3516.0,13
rb1805,20170803,20170802,210751500,3517.0,5964,114172,209502940.0,3517.0,51,3516.0,13
rb1805,20170803,20170802,210753000,3517.0,5974,114172,209854640.0,3517.0,46,3516.0,13
rb1805,20170803,20170802,210753500,3517.0,5974,114172,209854640.0,3517.0,47,3516.0,13
rb1805,20170803,20170802,210754500,3517.0,5978,114176,209995320.0,3517.0,45,3516.0,13
rb1805,20170803,20170802,210755000,3517.0,5978,114176,209995320.0,3517.0,48,3516.0,8
rb1805,20170803,20170802,210757500,3517.0,5986,114176,210276680.0,3517.0,44,3516.0,8
rb1805,20170803,20170802,210758000,3517.0,5998,114176,210698720.0,3517.0,38,3516.0,8
rb1805,20170803,20170802,210758500,3516.0,6000,114178,210769040.0,3517.0,35,3516.0,7
rb1805,20170803,20170802,210759500,3517.0,6008,114178,211050400.0,3517.0,31,3516.0,7
rb1805,20170803,20170802,210800000,3517.0,6016,114178,211331760.0,3517.0,27,3516.0,7
rb1805,20170803,20170802,210800500,3517.0,6016,114178,211331760.0,3517.0,27,3516.0,7
rb1805,20170803,20170802,210801500,3517.0,6020,114178,211472440.0,3517.0,25,3516.0,7
rb1805,20170803,20170802,210802000,3517.0,6068,114198,213160600.0,3517.0,1,3516.0,28
rb1805,20170803,20170802,210802500,3517.0,6070,114196,213230940.0,3518.0,17,3517.0,1
rb1805,20170803,20170802,210803000,3517.0,6070,114196,213230940.0,3518.0,17,3517.0,1
rb1805,20170803,20170802,210804500,3517.0,6070,114196,213230940.0,3518.0,17,3517.0,1
rb1805,20170803,20170802,210805000,3517.0,6070,114196,213230940.0,3518.0,17,3517.0,1
rb1805,20170803,20170802,210806500,3517.0,6070,114196,213230940.0,3518.0,17,3517.0,1
rb1805,20170803,20170802,210807000,3517.0,6070,114196,213230940.0,3518.0,20,3517.0,1
rb1805,20170803,20170802,210808000,3517.0,6070,114196,213230940.0,3518.0,20,3517.0,1
rb1805,20170803,20170802,210808500,3517.0,6070,114196,213230940.0,3518.0,20,3517.0,1
rb1805,20170803,20170802,210809000,3517.0,6070,114196,213230940.0,3518.0,20,3517.0,1
rb1805,20170803,20170802,210809500,3517.0,6070,114196,213230940.0,3518.0,20,3517.0,6
rb1805,20170803,20170802,210810000,3517.0,6080,114196,213582640.0,3518.0,20,3517.0,1
rb1805,20170803,20170802,210810500,3517.0,6082,114196,213652980.0,3517.0,6,3516.0,29
rb1805,20170803,20170802,210811000,3517.0,6094,114208,214075020.0,3518.0,20,3517.0,1
rb1805,20170803,20170802,210811500,3517.0,6094,114208,214075020.0,3518.0,20,3517.0,1
rb1805,20170803,20170802,210812000,3517.0,6094,114208,214075020.0,3518.0,20,3517.0,1
rb1805,20170803,20170802,210812500,3517.0,6094,114208,214075020.0,3518.0,20,3517.0,1
rb1805,20170803,20170802,210813000,3517.0,6094,114208,214075020.0,3518.0,20,3517.0,1
rb1805,20170803,20170802,210814000,3517.0,6094,114208,214075020.0,3518.0,20,3517.0,1
rb1805,20170803,20170802,210817000,3518.0,6114,114208,214778620.0,3518.0,10,3517.0,1
rb1805,20170803,20170802,210817500,3518.0,6114,114208,214778620.0,3518.0,7,3517.0,1
rb1805,20170803,20170802,210819000,3517.0,6116,114210,214848960.0,3518.0,7,3516.0,32
rb1805,20170803,20170802,210819500,3517.0,6116,114210,214848960.0,3518.0,7,3516.0,32
rb1805,20170803,20170802,210820000,3517.0,6116,114210,214848960.0,3518.0,17,3516.0,29
rb1805,20170803,20170802,210820500,3517.0,6116,114210,214848960.0,3517.0,2,3516.0,29
rb1805,20170803,20170802,210821000,3517.0,6120,114214,214989640.0,3518.0,15,3516.0,29
rb1805,20170803,20170802,210821500,3517.0,6120,114214,214989640.0,3518.0,7,3516.0,29
rb1805,20170803,20170802,210822000,3518.0,6154,114182,216185760.0,3519.0,15,3518.0,83
rb1805,20170803,20170802,210822500,3518.0,6182,114170,217170800.0,3519.0,19,3518.0,69
rb1805,20170803,20170802,210823000,3518.0,6182,114170,217170800.0,3519.0,19,3518.0,69
rb1805,20170803,20170802,210823500,3518.0,6182,114170,217170800.0,3519.0,19,3518.0,70
rb1805,20170803,20170802,210824000,3518.0,6184,114168,217241160.0,3519.0,19,3518.0,69
rb1805,20170803,20170802,210824500,3519.0,6186,114168,217311540.0,3519.0,18,3518.0,69
rb1805,20170803,20170802,210825000,3519.0,6186,114168,217311540.0,3519.0,18,3518.0,69
rb1805,20170803,20170802,210825500,3519.0,6186,114168,217311540.0,3519.0,18,3518.0,74
rb1805,20170803,20170802,210826000,3518.0,6190,114168,217452260.0,3519.0,18,3518.0,72
rb1805,20170803,20170802,210826500,3518.0,6190,114168,217452260.0,3519.0,4,3518.0,67
rb1805,20170803,20170802,210827000,3518.0,6190,114168,217452260.0,3519.0,14,3518.0,67
rb1805,20170803,20170802,210827500,3518.0,6190,114168,217452260.0,3519.0,14,3518.0,67
rb1805,20170803,20170802,210828000,3518.0,6194,114164,217593000.0,3519.0,13,3518.0,66
rb1805,20170803,20170802,210828500,3518.0,6194,114164,217593000.0,3519.0,13,3518.0,66
rb1805,20170803,20170802,210829000,3518.0,6194,114164,217593000.0,3519.0,23,3518.0,66
rb1805,20170803,20170802,210830000,3518.0,6194,114164,217593000.0,3519.0,23,3518.0,66
rb1805,20170803,20170802,210830500,3518.0,6194,114164,217593000.0,3519.0,23,3518.0,66
rb1805,20170803,20170802,210831000,3518.0,6194,114164,217593000.0,3519.0,25,3518.0,66
rb1805,20170803,20170802,210831500,3518.0,6196,114164,217663360.0,3519.0,25,3518.0,65
rb1805,20170803,20170802,210833000,3518.0,6196,114164,217663360.0,3519.0,25,3518.0,65
rb1805,20170803,20170802,210833500,3518.0,6226,114134,218718760.0,3519.0,19,3518.0,50
rb1805,20170803,20170802,210834000,3518.0,6256,114124,219774160.0,3519.0,19,3518.0,35
rb1805,20170803,20170802,210834500,3518.0,6256,114124,219774160.0,3519.0,28,3518.0,35
rb1805,20170803,20170802,210835000,3518.0,6296,114084,221181360.0,3519.0,28,3518.0,15
rb1805,20170803,20170802,210835500,3518.0,6328,114088,222307120.0,3518.0,6,3517.0,6
rb1805,20170803,20170802,210836000,3518.0,6328,114088,222307120.0,3518.0,6,3517.0,6
rb1805,20170803,20170802,210836500,3519.0,6408,114008,225122200.0,3520.0,23,3519.0,60
rb1805,20170803,20170802,210837000,3519.0,6458,114004,226881700.0,3520.0,26,3519.0,35
rb1805,20170803,20170802,210837500,3518.0,6534,113980,229556080.0,3518.0,62,3517.0,9
rb1805,20170803,20170802,210838000,3518.0,6534,113980,229556080.0,3518.0,62,3517.0,6
rb1805,20170803,20170802,210838500,3518.0,6540,113986,229767160.0,3518.0,59,3517.0,6
rb1805,20170803,20170802,210839000,3517.0,6544,113986,229907840.0,3518.0,59,3517.0,4
rb1805,20170803,20170802,210839500,3517.0,6544,113986,229907840.0,3518.0,59,3517.0,4
rb1805,20170803,20170802,210840500,3517.0,6552,113986,230189200.0,3517.0,16,3516.0,28
rb1805,20170803,20170802,210841000,3517.0,6552,113986,230189200.0,3517.0,16,3516.0,34
rb1805,20170803,20170802,210841500,3517.0,6578,113984,231103620.0,3517.0,3,3516.0,34
rb1805,20170803,20170802,210842000,3517.0,6584,113984,231314640.0,3518.0,59,3517.0,29
rb1805,20170803,20170802,210842500,3517.0,6584,113984,231314640.0,3518.0,59,3517.0,29
rb1805,20170803,20170802,210843000,3518.0,6590,113984,231525720.0,3518.0,56,3517.0,26
rb1805,20170803,20170802,210843500,3518.0,6590,113984,231525720.0,3518.0,61,3517.0,26
rb1805,20170803,20170802,210846000,3518.0,6590,113984,231525720.0,3518.0,61,3517.0,77
rb1805,20170803,20170802,210846500,3518.0,6590,113984,231525720.0,3518.0,61,3517.0,77
rb1805,20170803,20170802,210847000,3518.0,6620,114014,232581120.0,3518.0,46,3517.0,80
rb1805,20170803,20170802,210847500,3518.0,6620,114014,232581120.0,3518.0,46,3517.0,80
rb1805,20170803,20170802,210848000,3518.0,6620,114014,232581120.0,3518.0,46,3517.0,80
rb1805,20170803,20170802,210848500,3518.0,6620,114014,232581120.0,3518.0,47,3517.0,80
rb1805,20170803,20170802,210849000,3518.0,6620,114014,232581120.0,3518.0,42,3517.0,80
rb1805,20170803,20170802,210850000,3518.0,6620,114014,232581120.0,3518.0,43,3517.0,80
rb1805,20170803,20170802,210851500,3518.0,6620,114014,232581120.0,3518.0,43,3517.0,80
rb1805,20170803,20170802,210852000,3518.0,6620,114014,232581120.0,3518.0,43,3517.0,80
rb1805,20170803,20170802,210853500,3518.0,6620,114014,232581120.0,3518.0,43,3517.0,80
rb1805,20170803,20170802,210856000,3518.0,6620,114014,232581120.0,3518.0,43,3517.0,80
rb1805,20170803,20170802,210856500,3518.0,6620,114014,232581120.0,3518.0,43,3517.0,77
rb1805,20170803,20170802,210857000,3518.0,6620,114014,232581120.0,3518.0,43,3517.0,77
rb1805,20170803,20170802,210858000,3518.0,6620,114014,232581120.0,3518.0,43,3517.0,82
rb1805,20170803,20170802,210859500,3518.0,6620,114014,232581120.0,3518.0,43,3517.0,82
rb1805,20170803,20170802,210900500,3518.0,6706,114100,235606600.0,3519.0,1,3518.0,57
rb1805,20170803,20170802,210902500,3518.0,6716,114100,235958400.0,3519.0,1,3518.0,52
rb1805,20170803,20170802,210903000,3518.0,6762,114100,237576680.0,3519.0,1,3518.0,29
rb1805,20170803,20170802,210904000,3518.0,6762,114100,237576680.0,3519.0,2,3518.0,29
rb1805,20170803,20170802,210904500,3518.0,6762,114100,237576680.0,3519.0,4,3518.0,29
rb1805,20170803,20170802,210905000,3519.0,6764,114098,237647060.0,3519.0,3,3518.0,29
rb1805,20170803,20170802,210905500,3519.0,6764,114098,237647060.0,3519.0,4,3518.0,29
rb1805,20170803,20170802,210906000,3519.0,6764,114098,237647060.0,3519.0,4,3518.0,30
rb1805,20170803,20170802,210906500,3519.0,6764,114098,237647060.0,3519.0,5,3518.0,33
rb1805,20170803,20170802,210907000,3519.0,6764,114098,237647060.0,3519.0,5,3518.0,33
rb1805,20170803,20170802,210907500,3519.0,6764,114098,237647060.0,3519.0,5,3518.0,33
rb1805,20170803,20170802,210908500,3519.0,6764,114098,237647060.0,3519.0,5,3518.0,33
rb1805,20170803,20170802,210909500,3519.0,6766,114100,237717440.0,3519.0,4,3518.0,33
rb1805,20170803,20170802,210911000,3519.0,6766,114100,237717440.0,3519.0,4,3518.0,33
rb1805,20170803,20170802,210911500,3519.0,6766,114100,237717440.0,3519.0,4,3518.0,38
rb1805,20170803,20170802,210912000,3518.0,6876,114130,241588060.0,3520.0,25,3518.0,24
rb1805,20170803,20170802,210912500,3518.0,6876,114130,241588060.0,3520.0,22,3518.0,27
rb1805,20170803,20170802,210913000,3518.0,6876,114130,241588060.0,3519.0,1,3518.0,24
rb1805,20170803,20170802,210913500,3518.0,6876,114130,241588060.0,3519.0,1,3518.0,24
rb1805,20170803,20170802,210914000,3518.0,6876,114130,241588060.0,3519.0,2,3518.0,24
rb1805,20170803,20170802,210914500,3519.0,6878,114132,241658440.0,3519.0,1,3518.0,24
rb1805,20170803,20170802,210915500,3519.0,6878,114132,241658440.0,3519.0,1,3518.0,24
rb1805,20170803,20170802,210916000,3518.0,6926,114174,243347080.0,3518.0,36,3517.0,82
rb1805,20170803,20170802,210916500,3518.0,6926,114174,243347080.0,3518.0,36,3517.0,77
rb1805,20170803,20170802,210917000,3518.0,6926,114174,243347080.0,3518.0,36,3517.0,77
rb1805,20170803,20170802,210918000,3518.0,6926,114174,243347080.0,3518.0,36,3517.0,80
rb1805,20170803,20170802,210918500,3518.0,6926,114174,243347080.0,3518.0,46,3517.0,81
rb1805,20170803,20170802,210919000,3518.0,6926,114174,243347080.0,3518.0,46,3517.0,81
rb1805,20170803,20170802,210919500,3518.0,6926,114174,243347080.0,3518.0,46,3517.0,81
rb1805,20170803,20170802,210920000,3518.0,6928,114176,243417440.0,3518.0,20,3517.0,81
rb1805,20170803,20170802,210921500,3518.0,6928,114176,243417440.0,3518.0,20,3517.0,81
rb1805,20170803,20170802,210922500,3518.0,6928,114176,243417440.0,3518.0,20,3517.0,81
rb1805,20170803,20170802,210923000,3518.0,6930,114178,243487800.0,3518.0,19,3517.0,81
rb1805,20170803,20170802,210924500,3518.0,6930,114178,243487800.0,3518.0,19,3517.0,81
rb1805,20170803,20170802,210925000,3518.0,6934,114182,243628520.0,3518.0,17,3517.0,81
rb1805,20170803,20170802,210926500,3518.0,6968,114182,244824640.0,3519.0,4,3518.0,158
rb1805,20170803,20170802,210927000,3519.0,6970,114182,244895020.0,3520.0,27,3519.0,1
rb1805,20170803,20170802,210927500,3519.0,6972,114180,244965400.0,3519.0,1,3518.0,158
rb1805,20170803,20170802,210928000,3520.0,6976,114176,245106180.0,3520.0,28,3518.0,158
rb1805,20170803,20170802,210928500,3520.0,6976,114176,245106180.0,3520.0,25,3519.0,2
rb1805,20170803,20170802,210929000,3520.0,6976,114176,245106180.0,3520.0,28,3519.0,7
rb1805,20170803,20170802,210929500,3520.0,6980,114174,245246980.0,3520.0,23,3519.0,7
rb1805,20170803,20170802,210930000,3520.0,6980,114174,245246980.0,3520.0,23,3519.0,7
rb1805,20170803,20170802,210930500,3520.0,6982,114174,245317380.0,3520.0,22,3519.0,7
rb1805,20170803,20170802,210931500,3520.0,6982,114174,245317380.0,3520.0,22,3519.0,7
rb1805,20170803,20170802,210932000,3520.0,6982,114174,245317380.0,3520.0,22,3519.0,7
rb1805,20170803,20170802,210932500,3520.0,6990,114170,245598960.0,3520.0,19,3519.0,5
rb1805,20170803,20170802,210933000,3520.0,6990,114170,245598960.0,3520.0,19,3519.0,5
rb1805,20170803,20170802,210933500,3520.0,6994,114168,245739760.0,3520.0,17,3519.0,5
rb1805,20170803,20170802,210934000,3520.0,7002,114160,246021360.0,3520.0,13,3519.0,8
rb1805,20170803,20170802,210934500,3520.0,7004,114160,246091760.0,3520.0,12,3519.0,8
rb1805,20170803,20170802,210935500,3520.0,7008,114158,246232560.0,3520.0,10,3519.0,9
rb1805,20170803,20170802,210936000,3520.0,7028,114162,246936560.0,3521.0,7,3520.0,2
rb1805,20170803,20170802,210936500,3520.0,7028,114162,246936560.0,3521.0,7,3520.0,10
rb1805,20170803,20170802,210937000,3521.0,7036,114166,247218240.0,3521.0,3,3520.0,11
rb1805,20170803,20170802,210937500,3521.0,7042,114166,247429500.0,3522.0,3,3521.0,7
rb1805,20170803,20170802,210938000,3521.0,7042,114166,247429500.0,3522.0,3,3521.0,7
rb1805,20170803,20170802,210939000,3521.0,7044,114166,247499920.0,3522.0,3,3521.0,6
rb1805,20170803,20170802,210939500,3522.0,7050,114170,247711240.0,3523.0,2,3521.0,6
rb1805,20170803,20170802,210940000,3522.0,7050,114170,247711240.0,3523.0,2,3521.0,11
rb1805,20170803,20170802,210941000,3522.0,7050,114170,247711240.0,3523.0,2,3521.0,12
rb1805,20170803,20170802,210941500,3522.0,7050,114170,247711240.0,3523.0,2,3521.0,12
rb1805,20170803,20170802,210942000,3521.0,7056,114172,247922580.0,3524.0,7,3521.0,11
rb1805,20170803,20170802,210942500,3521.0,7056,114172,247922580.0,3524.0,12,3523.0,1
rb1805,20170803,20170802,210943000,3523.0,7058,114172,247993040.0,3523.0,2,3521.0,13
rb1805,20170803,20170802,210943500,3524.0,7066,114170,248274940.0,3524.0,4,3523.0,3
rb1805,20170803,20170802,210944000,3522.0,7074,114170,248556820.0,3523.0,61,3522.0,4
rb1805,20170803,20170802,210944500,3523.0,7128,114120,250459240.0,3523.0,34,3522.0,9
rb1805,20170803,20170802,210945000,3523.0,7128,114120,250459240.0,3523.0,34,3522.0,9
rb1805,20170803,20170802,210945500,3523.0,7130,114118,250529700.0,3523.0,33,3522.0,9
rb1805,20170803,20170802,210947000,3523.0,7138,114118,250811540.0,3523.0,30,3522.0,9
rb1805,20170803,20170802,210948000,3522.0,7146,114118,251093300.0,3523.0,30,3522.0,5
rb1805,20170803,20170802,210948500,3522.0,7146,114118,251093300.0,3523.0,30,3521.0,6
rb1805,20170803,20170802,210949000,3522.0,7146,114118,251093300.0,3523.0,31,3521.0,6
rb1805,20170803,20170802,210949500,3523.0,7150,114118,251234220.0,3523.0,29,3521.0,7
rb1805,20170803,20170802,210950000,3523.0,7150,114118,251234220.0,3523.0,29,3522.0,5
rb1805,20170803,20170802,210950500,3523.0,7152,114118,251304680.0,3523.0,28,3522.0,5
rb1805,20170803,20170802,210951000,3523.0,7152,114118,251304680.0,3523.0,28,3521.0,6
rb1805,20170803,20170802,210951500,3523.0,7152,114118,251304680.0,3523.0,28,3522.0,5
rb1805,20170803,20170802,210952500,3523.0,7152,114118,251304680.0,3523.0,28,3522.0,5
rb1805,20170803,20170802,210953000,3523.0,7174,114120,252079720.0,3523.0,19,3522.0,4
rb1805,20170803,20170802,210953500,3523.0,7174,114120,252079720.0,3523.0,19,3522.0,4
rb1805,20170803,20170802,210954000,3523.0,7174,114120,252079720.0,3523.0,19,3522.0,6
rb1805,20170803,20170802,210955000,3523.0,7174,114120,252079720.0,3523.0,20,3522.0,6
rb1805,20170803,20170802,210955500,3523.0,7180,114120,252291100.0,3523.0,18,3522.0,4
rb1805,20170803,20170802,210956500,3523.0,7182,114120,252361560.0,3523.0,17,3522.0,5
rb1805,20170803,20170802,210957000,3523.0,7182,114120,252361560.0,3523.0,17,3521.0,22
rb1805,20170803,20170802,210957500,3523.0,7182,114120,252361560.0,3523.0,22,3522.0,6
rb1805,20170803,20170802,210958000,3523.0,7182,114120,252361560.0,3523.0,17,3522.0,6
rb1805,20170803,20170802,210958500,3523.0,7182,114120,252361560.0,3523.0,17,3522.0,6
rb1805,20170803,20170802,210959000,3523.0,7182,114120,252361560.0,3523.0,17,3522.0,10
rb1805,20170803,20170802,210959500,3523.0,7184,114120,252432020.0,3523.0,16,3522.0,10
rb1805,20170803,20170802,211000000,3523.0,7184,114120,252432020.0,3523.0,17,3522.0,10
rb1805,20170803,20170802,211001000,3522.0,7198,114120,252925100.0,3522.0,10,3521.0,23
rb1805,20170803,20170802,211001500,3522.0,7218,114110,253629500.0,3523.0,17,3522.0,5
rb1805,20170803,20170802,211002000,3522.0,7226,114110,253911260.0,3523.0,17,3521.0,23
rb1805,20170803,20170802,211002500,3523.0,7228,114110,253981720.0,3523.0,16,3522.0,5
rb1805,20170803,20170802,211003000,3523.0,7228,114110,253981720.0,3523.0,16,3522.0,5
rb1805,20170803,20170802,211003500,3523.0,7228,114110,253981720.0,3523.0,16,3522.0,11
rb1805,20170803,20170802,211004000,3523.0,7228,114110,253981720.0,3523.0,21,3522.0,11
rb1805,20170803,20170802,211004500,3523.0,7228,114110,253981720.0,3523.0,23,3522.0,12
rb1805,20170803,20170802,211006000,3523.0,7228,114110,253981720.0,3523.0,24,3522.0,8
rb1805,20170803,20170802,211006500,3522.0,7230,114110,254052160.0,3523.0,24,3522.0,7
rb1805,20170803,20170802,211007000,3523.0,7286,114086,256024960.0,3524.0,9,3523.0,26
rb1805,20170803,20170802,211007500,3523.0,7322,114062,257293240.0,3524.0,15,3523.0,8
rb1805,20170803,20170802,211008000,3522.0,7344,114046,258068240.0,3522.0,49,3521.0,24
rb1805,20170803,20170802,211008500,3522.0,7344,114046,258068240.0,3522.0,49,3521.0,24
rb1805,20170803,20170802,211009000,3522.0,7344,114046,258068240.0,3522.0,49,3521.0,24
rb1805,20170803,20170802,211009500,3522.0,7344,114046,258068240.0,3522.0,49,3521.0,24
rb1805,20170803,20170802,211010000,3522.0,7344,114046,258068240.0,3522.0,49,3521.0,19
rb1805,20170803,20170802,211010500,3522.0,7366,114044,258843080.0,3522.0,38,3521.0,19
rb1805,20170803,20170802,211011000,3522.0,7366,114044,258843080.0,3522.0,38,3521.0,19
rb1805,20170803,20170802,211011500,3522.0,7366,114044,258843080.0,3522.0,38,3521.0,19
rb1805,20170803,20170802,211012000,3522.0,7366,114044,258843080.0,3522.0,38,3521.0,19
rb1805,20170803,20170802,211012500,3522.0,7366,114044,258843080.0,3522.0,38,3521.0,18
rb1805,20170803,20170802,211013000,3521.0,7390,114044,259688120.0,3522.0,41,3521.0,6
rb1805,20170803,20170802,211013500,3522.0,7512,113956,263984680.0,3524.0,19,3522.0,35
rb1805,20170803,20170802,211014000,3522.0,7512,113956,263984680.0,3523.0,10,3522.0,35
rb1805,20170803,20170802,211014500,3522.0,7512,113956,263984680.0,3523.0,9,3522.0,35
rb1805,20170803,20170802,211015000,3522.0,7512,113956,263984680.0,3523.0,2,3522.0,35
rb1805,20170803,20170802,211015500,3522.0,7512,113956,263984680.0,3523.0,2,3522.0,40
rb1805,20170803,20170802,211017000,3522.0,7512,113956,263984680.0,3523.0,2,3522.0,90
rb1805,20170803,20170802,211017500,3523.0,7522,113960,264336980.0,3524.0,17,3523.0,1
rb1805,20170803,20170802,211018000,3523.0,7522,113960,264336980.0,3524.0,9,3523.0,5
rb1805,20170803,20170802,211018500,3524.0,7532,113960,264689380.0,3524.0,4,3523.0,5
rb1805,20170803,20170802,211019500,3524.0,7532,113960,264689380.0,3524.0,9,3523.0,5
rb1805,20170803,20170802,211021000,3524.0,7532,113960,264689380.0,3523.0,21,3522.0,90
rb1805,20170803,20170802,211021500,3523.0,7552,113962,265393980.0,3523.0,11,3522.0,85
rb1805,20170803,20170802,211023500,3523.0,7552,113962,265393980.0,3523.0,11,3522.0,85
rb1805,20170803,20170802,211024500,3523.0,7558,113962,265605360.0,3523.0,8,3522.0,85
rb1805,20170803,20170802,211025000,3523.0,7558,113962,265605360.0,3523.0,8,3522.0,85
rb1805,20170803,20170802,211026000,3523.0,7558,113962,265605360.0,3523.0,8,3522.0,85
rb1805,20170803,20170802,211026500,3523.0,7568,113962,265957660.0,3523.0,3,3522.0,85
rb1805,20170803,20170802,211027000,3523.0,7572,113958,266098580.0,3523.0,1,3522.0,85
rb1805,20170803,20170802,211027500,3523.0,7572,113958,266098580.0,3523.0,1,3522.0,85
rb1805,20170803,20170802,211028000,3523.0,7574,113958,266169040.0,3524.0,9,3523.0,1
rb1805,20170803,20170802,211028500,3524.0,7578,113954,266310000.0,3524.0,10,3523.0,5
rb1805,20170803,20170802,211029000,3524.0,7578,113954,266310000.0,3524.0,7,3523.0,5
rb1805,20170803,20170802,211029500,3524.0,7582,113950,266450960.0,3524.0,5,3523.0,5
rb1805,20170803,20170802,211030000,3524.0,7586,113950,266591920.0,3524.0,3,3523.0,5
rb1805,20170803,20170802,211030500,3524.0,7592,113950,266803360.0,3525.0,8,3524.0,22
rb1805,20170803,20170802,211031000,3524.0,7592,113950,266803360.0,3525.0,10,3524.0,22
rb1805,20170803,20170802,211031500,3524.0,7592,113950,266803360.0,3525.0,15,3524.0,22
rb1805,20170803,20170802,211032000,3525.0,7596,113948,266944360.0,3525.0,13,3524.0,20
rb1805,20170803,20170802,211032500,3524.0,7602,113942,267155840.0,3525.0,11,3524.0,19
rb1805,20170803,20170802,211033000,3524.0,7604,113940,267226320.0,3525.0,11,3524.0,18
rb1805,20170803,20170802,211033500,3524.0,7604,113940,267226320.0,3525.0,14,3524.0,18
rb1805,20170803,20170802,211034000,3525.0,7606,113942,267296820.0,3525.0,10,3524.0,18
rb1805,20170803,20170802,211034500,3524.0,7608,113942,267367300.0,3525.0,3,3524.0,17
rb1805,20170803,20170802,211035000,3524.0,7614,113938,267578780.0,3525.0,8,3524.0,16
rb1805,20170803,20170802,211035500,3525.0,7618,113934,267719780.0,3525.0,6,3524.0,16
rb1805,20170803,20170802,211036000,3525.0,7634,113918,268283780.0,3526.0,3,3525.0,42
rb1805,20170803,20170802,211036500,3525.0,7652,113902,268918280.0,3526.0,7,3525.0,38
rb1805,20170803,20170802,211037000,3525.0,7668,113902,269482280.0,3526.0,12,3525.0,30
rb1805,20170803,20170802,211037500,3526.0,7678,113896,269834880.0,3526.0,7,3525.0,30
rb1805,20170803,20170802,211038000,3526.0,7678,113896,269834880.0,3526.0,7,3525.0,30
rb1805,20170803,20170802,211038500,3525.0,7726,113900,271526960.0,3526.0,3,3525.0,10
rb1805,20170803,20170802,211039000,3525.0,7762,113880,272796060.0,3525.0,7,3524.0,16
rb1805,20170803,20170802,211039500,3525.0,7762,113880,272796060.0,3525.0,7,3524.0,17
rb1805,20170803,20170802,211040000,3525.0,7764,113880,272866560.0,3525.0,6,3524.0,19
rb1805,20170803,20170802,211041000,3525.0,7764,113880,272866560.0,3525.0,6,3524.0,22
rb1805,20170803,20170802,211042500,3525.0,7776,113868,273289560.0,3526.0,1,3525.0,8
rb1805,20170803,20170802,211043000,3526.0,7778,113868,273360080.0,3527.0,6,3526.0,4
rb1805,20170803,20170802,211043500,3526.0,7790,113864,273783200.0,3526.0,3,3525.0,8
rb1805,20170803,20170802,211044000,3526.0,7792,113862,273853720.0,3527.0,9,3526.0,1
rb1805,20170803,20170802,211044500,3526.0,7796,113862,273994760.0,3527.0,9,3525.0,8
rb1805,20170803,20170802,211045000,3526.0,7796,113862,273994760.0,3527.0,9,3526.0,2
rb1805,20170803,20170802,211045500,3527.0,7820,113868,274841180.0,3528.0,6,3527.0,12
rb1805,20170803,20170802,211046000,3527.0,7828,113876,275123340.0,3528.0,6,3527.0,6
rb1805,20170803,20170802,211046500,3527.0,7844,113876,275687740.0,3528.0,2,3527.0,2
rb1805,20170803,20170802,211047000,3527.0,7848,113876,275828820.0,3528.0,2,3526.0,3
rb1805,20170803,20170802,211047500,3527.0,7848,113876,275828820.0,3528.0,2,3527.0,1
rb1805,20170803,20170802,211048000,3528.0,7852,113872,275969940.0,3529.0,1,3527.0,1
rb1805,20170803,20170802,211048500,3530.0,7892,113840,277381920.0,3530.0,2,3527.0,1
rb1805,20170803,20170802,211049000,3527.0,7912,113842,278087500.0,3527.0,13,3526.0,3
rb1805,20170803,20170802,211049500,3525.0,7932,113822,278792560.0,3527.0,13,3525.0,6
rb1805,20170803,20170802,211050000,3525.0,7932,113822,278792560.0,3527.0,13,3525.0,9
rb1805,20170803,20170802,211050500,3525.0,7932,113822,278792560.0,3527.0,13,3525.0,10
rb1805,20170803,20170802,211051500,3527.0,7934,113824,278863100.0,3527.0,22,3525.0,10
rb1805,20170803,20170802,211052000,3527.0,7934,113824,278863100.0,3527.0,22,3526.0,1
rb1805,20170803,20170802,211052500,3527.0,7936,113826,278933640.0,3527.0,24,3525.0,7
rb1805,20170803,20170802,211053000,3527.0,7936,113826,278933640.0,3527.0,21,3526.0,3
rb1805,20170803,20170802,211053500,3527.0,7936,113826,278933640.0,3527.0,22,3526.0,7
rb1805,20170803,20170802,211054000,3527.0,7938,113828,279004180.0,3527.0,21,3526.0,13
rb1805,20170803,20170802,211054500,3526.0,7940,113826,279074700.0,3527.0,21,3526.0,12
rb1805,20170803,20170802,211055500,3526.0,7960,113840,279779900.0,3527.0,24,3526.0,2
rb1805,20170803,20170802,211056000,3527.0,7964,113842,279920960.0,3527.0,24,3526.0,1
rb1805,20170803,20170802,211056500,3527.0,7976,113840,280344180.0,3527.0,19,3525.0,17
rb1805,20170803,20170802,211057000,3527.0,7976,113840,280344180.0,3527.0,16,3525.0,18
rb1805,20170803,20170802,211057500,3526.0,7980,113844,280485240.0,3527.0,15,3526.0,4
rb1805,20170803,20170802,211058000,3526.0,7982,113844,280555760.0,3527.0,15,3526.0,5
rb1805,20170803,20170802,211058500,3526.0,7984,113846,280626280.0,3527.0,15,3526.0,2
rb1805,20170803,20170802,211059000,3527.0,7988,113846,280767360.0,3527.0,13,3526.0,2
rb1805,20170803,20170802,211059500,3527.0,7998,113838,281120060.0,3527.0,8,3526.0,2
rb1805,20170803,20170802,211100000,3527.0,7998,113838,281120060.0,3527.0,9,3526.0,2
rb1805,20170803,20170802,211100500,3527.0,8016,113824,281754920.0,3529.0,4,3527.0,41
rb1805,20170803,20170802,211101000,3527.0,8016,113824,281754920.0,3528.0,3,3527.0,41
rb1805,20170803,20170802,211101500,3527.0,8020,113824,281896000.0,3528.0,3,3527.0,39
rb1805,20170803,20170802,211102000,3527.0,8020,113824,281896000.0,3528.0,4,3527.0,39
rb1805,20170803,20170802,211102500,3527.0,8020,113824,281896000.0,3528.0,4,3527.0,39
rb1805,20170803,20170802,211103000,3527.0,8020,113824,281896000.0,3528.0,4,3527.0,39
rb1805,20170803,20170802,211103500,3527.0,8020,113824,281896000.0,3528.0,4,3527.0,42
rb1805,20170803,20170802,211104000,3527.0,8020,113824,281896000.0,3528.0,4,3527.0,42
rb1805,20170803,20170802,211104500,3527.0,8022,113822,281966540.0,3528.0,4,3527.0,41
rb1805,20170803,20170802,211105000,3527.0,8022,113822,281966540.0,3528.0,4,3527.0,41
rb1805,20170803,20170802,211105500,3527.0,8022,113822,281966540.0,3528.0,4,3527.0,41
rb1805,20170803,20170802,211106000,3527.0,8026,113822,282107620.0,3528.0,34,3527.0,1
rb1805,20170803,20170802,211106500,3527.0,8026,113822,282107620.0,3528.0,37,3527.0,6
rb1805,20170803,20170802,211107000,3527.0,8028,113822,282178160.0,3528.0,37,3527.0,5
rb1805,20170803,20170802,211108000,3527.0,8030,113822,282248700.0,3528.0,37,3527.0,4
rb1805,20170803,20170802,211108500,3528.0,8058,113822,283236460.0,3528.0,27,3526.0,6
rb1805,20170803,20170802,211109000,3528.0,8058,113822,283236460.0,3528.0,30,3526.0,6
rb1805,20170803,20170802,211109500,3528.0,8058,113822,283236460.0,3528.0,32,3526.0,6
rb1805,20170803,20170802,211110000,3528.0,8058,113822,283236460.0,3528.0,32,3526.0,6
rb1805,20170803,20170802,211110500,3528.0,8058,113822,283236460.0,3528.0,32,3526.0,6
rb1805,20170803,20170802,211111000,3528.0,8058,113822,283236460.0,3528.0,32,3526.0,6
rb1805,20170803,20170802,211111500,3528.0,8058,113822,283236460.0,3528.0,32,3526.0,6
rb1805,20170803,20170802,211112000,3528.0,8058,113822,283236460.0,3527.0,3,3526.0,6
rb1805,20170803,20170802,211112500,3528.0,8058,113822,283236460.0,3527.0,3,3526.0,6
rb1805,20170803,20170802,211113000,3528.0,8058,113822,283236460.0,3527.0,5,3526.0,6
rb1805,20170803,20170802,211114000,3526.0,8060,113822,283306980.0,3527.0,5,3526.0,5
rb1805,20170803,20170802,211114500,3527.0,8066,113828,283518600.0,3527.0,5,3526.0,5
rb1805,20170803,20170802,211115000,3527.0,8066,113828,283518600.0,3527.0,5,3526.0,5
rb1805,20170803,20170802,211116000,3527.0,8066,113828,283518600.0,3527.0,25,3526.0,5
rb1805,20170803,20170802,211116500,3527.0,8066,113828,283518600.0,3527.0,26,3526.0,6
rb1805,20170803,20170802,211117000,3526.0,8070,113828,283659640.0,3527.0,26,3526.0,4
rb1805,20170803,20170802,211117500,3526.0,8070,113828,283659640.0,3527.0,26,3526.0,4
rb1805,20170803,20170802,211118500,3526.0,8070,113828,283659640.0,3527.0,27,3526.0,4
rb1805,20170803,20170802,211119000,3526.0,8072,113828,283730160.0,3527.0,27,3526.0,3
rb1805,20170803,20170802,211119500,3526.0,8072,113828,283730160.0,3527.0,27,3526.0,3
rb1805,20170803,20170802,211120000,3526.0,8072,113828,283730160.0,3527.0,29,3526.0,3
rb1805,20170803,20170802,211120500,3527.0,8082,113832,284082860.0,3527.0,25,3526.0,3
rb1805,20170803,20170802,211121500,3527.0,8082,113832,284082860.0,3527.0,25,3526.0,3
rb1805,20170803,20170802,211122500,3526.0,8086,113832,284223900.0,3527.0,25,3526.0,1
rb1805,20170803,20170802,211123000,3526.0,8086,113832,284223900.0,3527.0,28,3526.0,1
rb1805,20170803,20170802,211123500,3526.0,8086,113832,284223900.0,3527.0,29,3526.0,1
rb1805,20170803,20170802,211124000,3526.0,8086,113832,284223900.0,3527.0,29,3526.0,1
rb1805,20170803,20170802,211124500,3526.0,8088,113834,284294420.0,3526.0,2,3525.0,18
rb1805,20170803,20170802,211125000,3526.0,8088,113834,284294420.0,3526.0,2,3525.0,20
rb1805,20170803,20170802,211126000,3526.0,8092,113834,284435460.0,3527.0,29,3525.0,20
rb1805,20170803,20170802,211126500,3526.0,8094,113832,284505980.0,3527.0,26,3526.0,1
rb1805,20170803,20170802,211127000,3526.0,8096,113832,284576500.0,3527.0,27,3525.0,20
rb1805,20170803,20170802,211127500,3526.0,8098,113832,284647020.0,3526.0,9,3525.0,21
rb1805,20170803,20170802,211128500,3526.0,8104,113832,284858580.0,3526.0,6,3525.0,26
rb1805,20170803,20170802,211129000,3526.0,8120,113844,285422720.0,3527.0,30,3525.0,24
rb1805,20170803,20170802,211129500,3526.0,8120,113844,285422720.0,3527.0,27,3526.0,2
rb1805,20170803,20170802,211131500,3527.0,8170,113840,287186180.0,3527.0,4,3525.0,24
rb1805,20170803,20170802,211132000,3527.0,8190,113834,287891580.0,3527.0,5,3525.0,25
rb1805,20170803,20170802,211132500,3527.0,8190,113834,287891580.0,3527.0,5,3526.0,2
rb1805,20170803,20170802,211133000,3527.0,8190,113834,287891580.0,3527.0,5,3526.0,2
rb1805,20170803,20170802,211133500,3526.0,8196,113834,288103140.0,3526.0,1,3525.0,24
rb1805,20170803,20170802,211134000,3526.0,8196,113834,288103140.0,3526.0,1,3525.0,25
rb1805,20170803,20170802,211134500,3526.0,8196,113834,288103140.0,3526.0,1,3525.0,25
rb1805,20170803,20170802,211135000,3526.0,8196,113834,288103140.0,3526.0,1,3525.0,25
rb1805,20170803,20170802,211135500,3526.0,8196,113834,288103140.0,3526.0,3,3525.0,25
rb1805,20170803,20170802,211137000,3526.0,8196,113834,288103140.0,3526.0,3,3525.0,25
rb1805,20170803,20170802,211138000,3526.0,8196,113834,288103140.0,3526.0,3,3525.0,25
rb1805,20170803,20170802,211138500,3526.0,8198,113834,288173660.0,3526.0,2,3525.0,25
rb1805,20170803,20170802,211140000,3525.0,8202,113834,288314660.0,3526.0,2,3525.0,23
rb1805,20170803,20170802,211140500,3525.0,8206,113834,288455660.0,3526.0,6,3525.0,17
rb1805,20170803,20170802,211141000,3525.0,8206,113834,288455660.0,3526.0,3,3525.0,17
rb1805,20170803,20170802,211141500,3525.0,8206,113834,288455660.0,3526.0,8,3525.0,17
rb1805,20170803,20170802,211142000,3525.0,8206,113834,288455660.0,3526.0,8,3525.0,17
rb1805,20170803,20170802,211142500,3527.0,8236,113812,289513600.0,3528.0,60,3527.0,7
rb1805,20170803,20170802,211143000,3527.0,8250,113812,290007380.0,3527.0,24,3525.0,19
rb1805,20170803,20170802,211143500,3527.0,8250,113812,290007380.0,3527.0,8,3525.0,16
rb1805,20170803,20170802,211144000,3527.0,8266,113796,290571700.0,3528.0,60,3527.0,4
rb1805,20170803,20170802,211144500,3527.0,8276,113796,290924400.0,3527.0,13,3526.0,6
rb1805,20170803,20170802,211145000,3527.0,8276,113796,290924400.0,3527.0,3,3526.0,5
rb1805,20170803,20170802,211145500,3527.0,8276,113796,290924400.0,3528.0,60,3526.0,9
rb1805,20170803,20170802,211146000,3528.0,8296,113776,291630000.0,3528.0,50,3526.0,9
rb1805,20170803,20170802,211146500,3528.0,8296,113776,291630000.0,3528.0,50,3527.0,2
rb1805,20170803,20170802,211147000,3527.0,8300,113772,291771080.0,3528.0,50,3526.0,7
rb1805,20170803,20170802,211147500,3527.0,8304,113770,291912160.0,3527.0,1,3526.0,7
rb1805,20170803,20170802,211148000,3526.0,8306,113770,291982680.0,3528.0,49,3526.0,5
rb1805,20170803,20170802,211148500,3526.0,8306,113770,291982680.0,3528.0,49,3527.0,2
rb1805,20170803,20170802,211149000,3527.0,8310,113766,292123760.0,3528.0,49,3526.0,2
rb1805,20170803,20170802,211149500,3527.0,8310,113766,292123760.0,3528.0,49,3526.0,2
rb1805,20170803,20170802,211150500,3527.0,8310,113766,292123760.0,3528.0,49,3526.0,2
rb1805,20170803,20170802,211151000,3527.0,8314,113766,292264840.0,3528.0,43,3526.0,5
rb1805,20170803,20170802,211151500,3527.0,8314,113766,292264840.0,3528.0,43,3526.0,5
rb1805,20170803,20170802,211152000,3527.0,8314,113766,292264840.0,3528.0,43,3527.0,2
rb1805,20170803,20170802,211152500,3527.0,8316,113764,292335380.0,3528.0,43,3527.0,4
rb1805,20170803,20170802,211153000,3527.0,8316,113764,292335380.0,3528.0,44,3527.0,4
rb1805,20170803,20170802,211154000,3527.0,8322,113760,292547040.0,3528.0,42,3527.0,2
rb1805,20170803,20170802,211154500,3527.0,8326,113764,292688120.0,3528.0,42,3526.0,5
rb1805,20170803,20170802,211155000,3527.0,8326,113764,292688120.0,3528.0,42,3527.0,2
rb1805,20170803,20170802,211155500,3528.0,8330,113760,292829240.0,3528.0,43,3526.0,9
rb1805,20170803,20170802,211156000,3528.0,8390,113734,294946040.0,3528.0,10,3526.0,9
rb1805,20170803,20170802,211156500,3528.0,8410,113734,295651640.0,3529.0,8,3528.0,6
