instrument,tradingday,calendarday,time,lastp,volume,openinterest,turnover,ask1,asksz1,bid1,bidsz1
rb1805,20171017,20171016,183112500,3661.0,0,600870,0.0,0.0,0,0.0,0
rb1805,20171017,20171016,205900500,3660.0,226,600988,8271600.0,3661.0,5,3660.0,13
rb1805,20171017,20171016,210000500,3664.0,674,601124,24684220.0,3665.0,14,3664.0,207
rb1805,20171017,20171016,210001000,3665.0,806,601184,29522320.0,3667.0,17,3665.0,197
rb1805,20171017,20171016,210001500,3667.0,868,601212,31795540.0,3668.0,53,3667.0,39
rb1805,20171017,20171016,210002000,3665.0,1102,601370,40375760.0,3668.0,12,3665.0,168
rb1805,20171017,20171016,210002500,3665.0,1288,601376,47193100.0,3666.0,1,3665.0,84
rb1805,20171017,20171016,210003000,3666.0,1566,601358,57383640.0,3668.0,10,3666.0,3
rb1805,20171017,20171016,210003500,3666.0,1596,601378,58483420.0,3667.0,1,3666.0,46
rb1805,20171017,20171016,210004000,3667.0,1640,601402,60097380.0,3670.0,30,3667.0,3
rb1805,20171017,20171016,210004500,3667.0,1684,601442,61710900.0,3669.0,19,3667.0,4
rb1805,20171017,20171016,210005000,3667.0,1706,601460,62517760.0,3667.0,10,3666.0,41
rb1805,20171017,20171016,210005500,3668.0,1752,601450,64204740.0,3668.0,8,3667.0,37
rb1805,20171017,20171016,210006000,3665.0,2108,601458,77258000.0,3665.0,48,3664.0,195
rb1805,20171017,20171016,210006500,3667.0,2256,601570,82683300.0,3668.0,1,3667.0,3
rb1805,20171017,20171016,210007000,3668.0,2296,601556,84150180.0,3668.0,33,3667.0,10
rb1805,20171017,20171016,210007500,3668.0,2392,601540,87671460.0,3669.0,7,3667.0,20
rb1805,20171017,20171016,210008000,3669.0,2424,601548,88845260.0,3669.0,12,3668.0,4
rb1805,20171017,20171016,210008500,3668.0,2454,601558,89945780.0,3669.0,6,3668.0,3
rb1805,20171017,20171016,210009000,3668.0,2498,601564,91559620.0,3669.0,7,3668.0,7
rb1805,20171017,20171016,210009500,3670.0,2526,601568,92586720.0,3670.0,83,3669.0,197
rb1805,20171017,20171016,210010000,3669.0,2602,601614,95375280.0,3670.0,77,3669.0,165
rb1805,20171017,20171016,210010500,3670.0,2758,601670,101099120.0,3670.0,69,3669.0,111
rb1805,20171017,20171016,210011000,3669.0,2792,601704,102346580.0,3670.0,70,3669.0,99
rb1805,20171017,20171016,210011500,3669.0,2956,601724,108365140.0,3671.0,5,3670.0,1
rb1805,20171017,20171016,210012000,3671.0,3010,601746,110346780.0,3671.0,10,3670.0,2
rb1805,20171017,20171016,210012500,3670.0,3048,601750,111741280.0,3671.0,26,3670.0,10
rb1805,20171017,20171016,210013000,3671.0,3078,601756,112842300.0,3671.0,27,3670.0,24
rb1805,20171017,20171016,210013500,3671.0,3166,601810,116072700.0,3672.0,50,3671.0,14
rb1805,20171017,20171016,210014000,3670.0,3216,601824,117907980.0,3672.0,51,3670.0,29
rb1805,20171017,20171016,210014500,3671.0,3228,601818,118348440.0,3672.0,53,3670.0,27
rb1805,20171017,20171016,210015000,3670.0,3344,601756,122605620.0,3670.0,72,3669.0,100
rb1805,20171017,20171016,210015500,3670.0,3396,601742,124514000.0,3670.0,48,3669.0,100
rb1805,20171017,20171016,210016000,3670.0,3428,601738,125688300.0,3670.0,62,3669.0,94
rb1805,20171017,20171016,210016500,3669.0,3430,601738,125761680.0,3670.0,77,3669.0,92
rb1805,20171017,20171016,210017000,3670.0,3634,601890,133246420.0,3670.0,81,3668.0,3
rb1805,20171017,20171016,210017500,3670.0,3658,601894,134127220.0,3669.0,13,3668.0,14
rb1805,20171017,20171016,210018000,3669.0,3704,601858,135814980.0,3669.0,7,3668.0,14
rb1805,20171017,20171016,210018500,3668.0,3798,601862,139263160.0,3669.0,7,3668.0,4
rb1805,20171017,20171016,210019000,3668.0,3890,601886,142638520.0,3670.0,115,3668.0,3
rb1805,20171017,20171016,210019500,3668.0,3906,601880,143225320.0,3668.0,64,3667.0,16
rb1805,20171017,20171016,210020000,3667.0,3978,601912,145865240.0,3667.0,5,3665.0,27
rb1805,20171017,20171016,210020500,3665.0,4038,601872,148064400.0,3666.0,7,3665.0,14
rb1805,20171017,20171016,210021000,3664.0,4128,601864,151362720.0,3666.0,17,3664.0,181
rb1805,20171017,20171016,210021500,3666.0,4130,601866,151436040.0,3666.0,22,3665.0,11
rb1805,20171017,20171016,210022000,3665.0,4182,601852,153341720.0,3665.0,34,3664.0,175
rb1805,20171017,20171016,210022500,3665.0,4362,601780,159939700.0,3667.0,33,3665.0,24
rb1805,20171017,20171016,210023000,3664.0,4418,601804,161992700.0,3665.0,10,3664.0,177
rb1805,20171017,20171016,210023500,3664.0,4474,601858,164044540.0,3665.0,30,3664.0,154
rb1805,20171017,20171016,210024000,3664.0,4506,601866,165217060.0,3665.0,42,3664.0,197
rb1805,20171017,20171016,210024500,3665.0,4556,601914,167049100.0,3665.0,49,3664.0,177
rb1805,20171017,20171016,210025000,3665.0,4644,601978,170273540.0,3665.0,34,3664.0,164
rb1805,20171017,20171016,210025500,3664.0,4656,601978,170713280.0,3665.0,30,3664.0,158
rb1805,20171017,20171016,210026000,3668.0,5100,602234,186994140.0,3669.0,46,3668.0,81
rb1805,20171017,20171016,210026500,3664.0,5708,602142,209279980.0,3664.0,153,3663.0,2
rb1805,20171017,20171016,210027000,3664.0,5862,602108,214922500.0,3663.0,23,3662.0,14
rb1805,20171017,20171016,210027500,3663.0,5892,602086,216021380.0,3663.0,8,3662.0,22
rb1805,20171017,20171016,210028000,3664.0,5912,602102,216754020.0,3663.0,1,3662.0,33
rb1805,20171017,20171016,210028500,3664.0,5920,602104,217047100.0,3664.0,79,3663.0,1
rb1805,20171017,20171016,210029000,3664.0,5926,602106,217266920.0,3664.0,82,3663.0,4
rb1805,20171017,20171016,210029500,3663.0,6130,601948,224739380.0,3663.0,123,3662.0,47
rb1805,20171017,20171016,210030000,3662.0,6152,601932,225545220.0,3663.0,115,3662.0,39
rb1805,20171017,20171016,210030500,3663.0,6194,601918,227083520.0,3663.0,105,3662.0,37
rb1805,20171017,20171016,210031000,3663.0,6216,601914,227889280.0,3663.0,99,3662.0,36
rb1805,20171017,20171016,210031500,3663.0,6222,601912,228109060.0,3663.0,98,3662.0,59
rb1805,20171017,20171016,210032000,3663.0,6302,601864,231039420.0,3663.0,81,3662.0,57
rb1805,20171017,20171016,210032500,3663.0,6480,601870,237559560.0,3664.0,80,3663.0,70
rb1805,20171017,20171016,210033000,3663.0,6666,601712,244374460.0,3666.0,57,3663.0,56
rb1805,20171017,20171016,210033500,3663.0,6802,601748,249356140.0,3663.0,34,3662.0,81
rb1805,20171017,20171016,210034000,3664.0,6894,601788,252726120.0,3665.0,15,3664.0,8
rb1805,20171017,20171016,210034500,3663.0,6954,601758,254924460.0,3665.0,26,3663.0,4
rb1805,20171017,20171016,210035000,3663.0,6960,601754,255144240.0,3665.0,36,3663.0,44
rb1805,20171017,20171016,210035500,3663.0,6962,601756,255217500.0,3665.0,28,3664.0,3
rb1805,20171017,20171016,210036000,3663.0,6974,601760,255657120.0,3665.0,93,3663.0,60
rb1805,20171017,20171016,210036500,3665.0,6978,601760,255803680.0,3664.0,1,3663.0,60
rb1805,20171017,20171016,210037000,3663.0,7074,601702,259320200.0,3665.0,95,3663.0,23
rb1805,20171017,20171016,210037500,3663.0,7090,601688,259906300.0,3664.0,2,3663.0,14
rb1805,20171017,20171016,210038000,3663.0,7092,601686,259979560.0,3664.0,70,3663.0,17
rb1805,20171017,20171016,210038500,3663.0,7092,601686,259979560.0,3664.0,71,3663.0,18
rb1805,20171017,20171016,210039000,3664.0,7112,601690,260712280.0,3664.0,66,3663.0,19
rb1805,20171017,20171016,210039500,3664.0,7140,601702,261737940.0,3664.0,67,3663.0,42
rb1805,20171017,20171016,210040000,3663.0,7176,601696,263056620.0,3664.0,75,3663.0,24
rb1805,20171017,20171016,210040500,3663.0,7202,601674,264009020.0,3664.0,75,3663.0,13
rb1805,20171017,20171016,210041000,3664.0,7224,601674,264814900.0,3664.0,75,3663.0,3
rb1805,20171017,20171016,210041500,3663.0,7258,601652,266060180.0,3663.0,5,3662.0,46
rb1805,20171017,20171016,210042000,3663.0,7300,601626,267598660.0,3664.0,68,3663.0,3
rb1805,20171017,20171016,210042500,3663.0,7312,601626,268038180.0,3663.0,27,3662.0,48
rb1805,20171017,20171016,210043000,3662.0,7420,601602,271993060.0,3662.0,1,3661.0,6
rb1805,20171017,20171016,210043500,3662.0,7434,601598,272505760.0,3662.0,6,3661.0,30
rb1805,20171017,20171016,210044000,3663.0,7456,601602,273311460.0,3663.0,35,3662.0,19
rb1805,20171017,20171016,210044500,3662.0,7482,601614,274263620.0,3662.0,2,3661.0,30
rb1805,20171017,20171016,210045000,3662.0,7510,601622,275289120.0,3663.0,42,3662.0,1
rb1805,20171017,20171016,210045500,3663.0,7516,601622,275508900.0,3662.0,1,3661.0,30
rb1805,20171017,20171016,210046000,3663.0,7580,601622,277852780.0,3663.0,31,3662.0,43
rb1805,20171017,20171016,210046500,3663.0,7590,601626,278219040.0,3663.0,31,3662.0,41
rb1805,20171017,20171016,210047000,3662.0,7592,601628,278292280.0,3663.0,41,3662.0,30
rb1805,20171017,20171016,210047500,3663.0,7596,601628,278438800.0,3663.0,53,3662.0,31
rb1805,20171017,20171016,210048000,3662.0,7682,601616,281588120.0,3662.0,18,3661.0,14
rb1805,20171017,20171016,210048500,3662.0,7682,601616,281588120.0,3662.0,28,3661.0,14
rb1805,20171017,20171016,210049000,3662.0,7756,601656,284297400.0,3662.0,18,3660.0,30
rb1805,20171017,20171016,210049500,3660.0,7768,601656,284736760.0,3662.0,34,3660.0,45
rb1805,20171017,20171016,210050000,3660.0,7782,601660,285249200.0,3662.0,42,3661.0,1
rb1805,20171017,20171016,210050500,3662.0,7980,601638,292499520.0,3663.0,48,3662.0,110
rb1805,20171017,20171016,210051000,3662.0,8206,601468,300775640.0,3662.0,25,3660.0,22
rb1805,20171017,20171016,210051500,3662.0,8212,601466,300995360.0,3661.0,85,3660.0,23
rb1805,20171017,20171016,210052000,3660.0,8274,601448,303264440.0,3660.0,5,3658.0,25
rb1805,20171017,20171016,210052500,3660.0,8280,601450,303484000.0,3660.0,14,3658.0,24
rb1805,20171017,20171016,210053000,3658.0,8294,601450,303996320.0,3660.0,23,3658.0,28
rb1805,20171017,20171016,210053500,3658.0,8352,601446,306118000.0,3658.0,21,3657.0,7
rb1805,20171017,20171016,210054000,3657.0,8398,601438,307800400.0,3657.0,450,3656.0,34
rb1805,20171017,20171016,210054500,3656.0,8434,601424,309116820.0,3657.0,438,3656.0,45
rb1805,20171017,20171016,210055000,3654.0,8560,601358,313723060.0,3655.0,7,3654.0,12
rb1805,20171017,20171016,210055500,3652.0,8812,601212,322933900.0,3655.0,13,3652.0,11
rb1805,20171017,20171016,210056000,3652.0,9060,601086,331988740.0,3652.0,1,3650.0,31
rb1805,20171017,20171016,210056500,3651.0,9100,601100,333449280.0,3652.0,6,3651.0,19
rb1805,20171017,20171016,210057000,3652.0,9282,601118,340098860.0,3654.0,1,3652.0,38
rb1805,20171017,20171016,210057500,3654.0,9356,601098,342802160.0,3655.0,4,3654.0,3
rb1805,20171017,20171016,210058000,3652.0,9432,601062,345578820.0,3653.0,2,3652.0,38
rb1805,20171017,20171016,210058500,3655.0,9526,601004,349013180.0,3654.0,25,3653.0,12
rb1805,20171017,20171016,210059000,3654.0,9616,600960,352301660.0,3655.0,9,3654.0,21
rb1805,20171017,20171016,210059500,3655.0,9642,600966,353251800.0,3655.0,1,3654.0,23
rb1805,20171017,20171016,210100000,3654.0,9692,600964,355079200.0,3655.0,5,3654.0,24
rb1805,20171017,20171016,210100500,3654.0,9710,600970,355736960.0,3655.0,5,3654.0,88
rb1805,20171017,20171016,210101000,3655.0,9748,600962,357126000.0,3656.0,94,3655.0,2
rb1805,20171017,20171016,210101500,3654.0,9796,600942,358880080.0,3655.0,2,3654.0,85
rb1805,20171017,20171016,210102000,3656.0,9822,600938,359830420.0,3656.0,91,3655.0,8
rb1805,20171017,20171016,210102500,3654.0,9862,600934,361292260.0,3655.0,47,3654.0,22
rb1805,20171017,20171016,210103000,3655.0,9900,600922,362681020.0,3655.0,42,3654.0,15
rb1805,20171017,20171016,210103500,3654.0,9916,600926,363265760.0,3655.0,42,3654.0,16
rb1805,20171017,20171016,210104000,3654.0,9962,600944,364946660.0,3655.0,50,3653.0,23
rb1805,20171017,20171016,210104500,3654.0,9978,600942,365531300.0,3654.0,16,3653.0,23
rb1805,20171017,20171016,210105000,3654.0,10118,600946,370646980.0,3655.0,44,3654.0,9
rb1805,20171017,20171016,210105500,3655.0,10228,600868,374665840.0,3655.0,34,3653.0,3
rb1805,20171017,20171016,210106000,3655.0,10270,600878,376200800.0,3655.0,29,3654.0,36
rb1805,20171017,20171016,210106500,3654.0,10330,600904,378393780.0,3655.0,13,3654.0,84
rb1805,20171017,20171016,210107000,3655.0,10372,600906,379928880.0,3656.0,46,3655.0,52
rb1805,20171017,20171016,210107500,3655.0,10398,600928,380879360.0,3656.0,37,3655.0,57
rb1805,20171017,20171016,210108000,3655.0,10464,600942,383291760.0,3656.0,34,3655.0,19
rb1805,20171017,20171016,210108500,3655.0,10486,600942,384095880.0,3656.0,42,3655.0,1
rb1805,20171017,20171016,210109000,3654.0,10712,600958,392354740.0,3654.0,11,3653.0,56
rb1805,20171017,20171016,210109500,3656.0,10742,600938,393451040.0,3656.0,37,3655.0,15
rb1805,20171017,20171016,210110000,3655.0,10754,600944,393889720.0,3656.0,18,3655.0,18
rb1805,20171017,20171016,210110500,3655.0,10764,600952,394255220.0,3656.0,12,3655.0,17
rb1805,20171017,20171016,210111000,3656.0,10802,600948,395644320.0,3656.0,2,3655.0,9
rb1805,20171017,20171016,210111500,3656.0,10818,600944,396229280.0,3657.0,441,3656.0,196
rb1805,20171017,20171016,210112000,3657.0,10968,600988,401713340.0,3657.0,451,3656.0,124
rb1805,20171017,20171016,210112500,3656.0,11096,601012,406393020.0,3657.0,451,3656.0,64
rb1805,20171017,20171016,210113000,3656.0,11128,601040,407562940.0,3657.0,449,3656.0,54
rb1805,20171017,20171016,210113500,3656.0,11152,601048,408440380.0,3657.0,449,3656.0,61
rb1805,20171017,20171016,210114000,3656.0,11156,601052,408586620.0,3657.0,444,3656.0,65
rb1805,20171017,20171016,210114500,3657.0,11162,601050,408806020.0,3657.0,432,3656.0,65
rb1805,20171017,20171016,210115000,3657.0,11162,601050,408806020.0,3657.0,432,3656.0,65
rb1805,20171017,20171016,210115500,3656.0,11182,601054,409537320.0,3657.0,427,3656.0,56
rb1805,20171017,20171016,210116000,3657.0,11186,601056,409683580.0,3657.0,426,3656.0,61
rb1805,20171017,20171016,210116500,3657.0,11190,601056,409829860.0,3657.0,425,3656.0,59
rb1805,20171017,20171016,210117000,3657.0,11748,600912,430235820.0,3657.0,157,3656.0,71
rb1805,20171017,20171016,210117500,3657.0,12062,600922,441718800.0,3658.0,68,3657.0,105
rb1805,20171017,20171016,210118000,3657.0,12064,600924,441791940.0,3658.0,28,3657.0,100
rb1805,20171017,20171016,210118500,3658.0,12088,600924,442669820.0,3658.0,15,3657.0,79
rb1805,20171017,20171016,210119000,3657.0,12138,600928,444498600.0,3658.0,1,3657.0,68
rb1805,20171017,20171016,210119500,3657.0,12150,600936,444937440.0,3658.0,10,3657.0,63
rb1805,20171017,20171016,210120000,3658.0,12180,600910,446034840.0,3658.0,25,3657.0,65
rb1805,20171017,20171016,210120500,3657.0,12216,600930,447351360.0,3658.0,35,3657.0,39
rb1805,20171017,20171016,210121000,3658.0,12232,600918,447936640.0,3658.0,33,3657.0,39
rb1805,20171017,20171016,210121500,3658.0,12324,600882,451301120.0,3658.0,39,3656.0,68
rb1805,20171017,20171016,210122000,3657.0,12326,600882,451374260.0,3658.0,56,3656.0,70
rb1805,20171017,20171016,210122500,3657.0,12334,600884,451666840.0,3657.0,1,3656.0,69
rb1805,20171017,20171016,210123000,3658.0,12342,600890,451959460.0,3657.0,8,3656.0,69
rb1805,20171017,20171016,210123500,3657.0,12348,600896,452178880.0,3657.0,5,3656.0,69
rb1805,20171017,20171016,210124000,3657.0,12372,600900,453056560.0,3657.0,20,3656.0,69
rb1805,20171017,20171016,210124500,3657.0,12414,600940,454592500.0,3658.0,48,3657.0,8
rb1805,20171017,20171016,210125000,3657.0,12418,600942,454738780.0,3658.0,45,3657.0,12
rb1805,20171017,20171016,210125500,3657.0,12418,600942,454738780.0,3658.0,31,3657.0,18
rb1805,20171017,20171016,210126000,3657.0,12422,600946,454885060.0,3658.0,31,3657.0,16
rb1805,20171017,20171016,210126500,3658.0,12436,600956,455397080.0,3658.0,27,3657.0,14
rb1805,20171017,20171016,210127000,3658.0,12436,600956,455397080.0,3658.0,27,3657.0,16
rb1805,20171017,20171016,210127500,3658.0,12488,600948,457299040.0,3658.0,24,3657.0,4
rb1805,20171017,20171016,210128000,3657.0,12500,600958,457737900.0,3658.0,54,3657.0,29
rb1805,20171017,20171016,210128500,3658.0,12514,600960,458250000.0,3658.0,54,3657.0,35
rb1805,20171017,20171016,210129000,3658.0,12518,600964,458396320.0,3658.0,49,3657.0,35
rb1805,20171017,20171016,210129500,3658.0,12522,600964,458542640.0,3658.0,50,3657.0,34
rb1805,20171017,20171016,210130000,3658.0,12524,600964,458615800.0,3658.0,53,3657.0,35
rb1805,20171017,20171016,210130500,3658.0,12524,600964,458615800.0,3658.0,54,3657.0,37
rb1805,20171017,20171016,210131000,3658.0,12524,600964,458615800.0,3658.0,53,3657.0,37
rb1805,20171017,20171016,210131500,3658.0,12538,600954,459127920.0,3658.0,47,3657.0,43
rb1805,20171017,20171016,210132000,3658.0,12556,600956,459786220.0,3658.0,53,3657.0,37
rb1805,20171017,20171016,210132500,3657.0,12638,600912,462784940.0,3657.0,74,3656.0,64
rb1805,20171017,20171016,210133000,3656.0,12750,600884,466879660.0,3656.0,194,3655.0,65
rb1805,20171017,20171016,210133500,3655.0,12806,600912,468926520.0,3655.0,35,3654.0,84
rb1805,20171017,20171016,210134000,3654.0,12934,601038,473603640.0,3655.0,45,3654.0,20
rb1805,20171017,20171016,210134500,3654.0,12986,601048,475503720.0,3654.0,88,3653.0,63
rb1805,20171017,20171016,210135000,3654.0,12996,601048,475869120.0,3654.0,89,3653.0,20
rb1805,20171017,20171016,210135500,3653.0,13038,601036,477403380.0,3653.0,52,3652.0,65
rb1805,20171017,20171016,210136000,3653.0,13060,601030,478206920.0,3653.0,59,3652.0,61
rb1805,20171017,20171016,210136500,3653.0,13072,601034,478645240.0,3653.0,77,3652.0,58
rb1805,20171017,20171016,210137000,3652.0,13222,601138,484123460.0,3653.0,69,3651.0,13
rb1805,20171017,20171016,210137500,3652.0,13234,601140,484561680.0,3652.0,18,3651.0,21
rb1805,20171017,20171016,210138000,3651.0,13362,601092,489235000.0,3651.0,189,3650.0,141
rb1805,20171017,20171016,210138500,3650.0,13410,601066,490987040.0,3651.0,213,3650.0,147
rb1805,20171017,20171016,210139000,3651.0,13664,600954,500259340.0,3651.0,158,3650.0,86
rb1805,20171017,20171016,210139500,3651.0,13706,600972,501792400.0,3651.0,158,3650.0,70
rb1805,20171017,20171016,210140000,3650.0,14022,601084,513328040.0,3651.0,77,3650.0,19
rb1805,20171017,20171016,210140500,3651.0,14086,601110,515664140.0,3651.0,72,3650.0,16
rb1805,20171017,20171016,210141000,3650.0,14094,601114,515956160.0,3651.0,111,3650.0,190
rb1805,20171017,20171016,210141500,3650.0,14196,601162,519679180.0,3651.0,111,3650.0,145
rb1805,20171017,20171016,210142000,3650.0,14226,601190,520774180.0,3651.0,112,3650.0,130
rb1805,20171017,20171016,210142500,3651.0,14268,601170,522307460.0,3651.0,99,3650.0,122
rb1805,20171017,20171016,210143000,3650.0,14284,601178,522891460.0,3651.0,99,3650.0,104
rb1805,20171017,20171016,210143500,3650.0,14560,601226,532965440.0,3650.0,98,3649.0,18
rb1805,20171017,20171016,210144000,3650.0,14574,601220,533476440.0,3650.0,97,3649.0,18
rb1805,20171017,20171016,210144500,3650.0,14606,601188,534644440.0,3650.0,52,3649.0,27
rb1805,20171017,20171016,210145000,3650.0,14670,601172,536980420.0,3650.0,25,3649.0,28
rb1805,20171017,20171016,210145500,3650.0,14764,601192,540411140.0,3651.0,150,3650.0,149
rb1805,20171017,20171016,210146000,3650.0,14782,601206,541068140.0,3651.0,149,3650.0,144
rb1805,20171017,20171016,210146500,3650.0,14972,601322,548004660.0,3651.0,73,3650.0,139
rb1805,20171017,20171016,210147000,3650.0,15330,601244,561071920.0,3650.0,30,3649.0,35
rb1805,20171017,20171016,210147500,3650.0,15410,601212,563991740.0,3651.0,61,3650.0,8
rb1805,20171017,20171016,210148000,3650.0,15446,601230,565305780.0,3651.0,70,3650.0,33
rb1805,20171017,20171016,210148500,3651.0,15468,601246,566108860.0,3651.0,65,3650.0,40
rb1805,20171017,20171016,210149000,3650.0,15492,601242,566984960.0,3651.0,64,3650.0,28
rb1805,20171017,20171016,210149500,3650.0,15550,601262,569102140.0,3651.0,55,3650.0,10
rb1805,20171017,20171016,210150000,3650.0,15556,601264,569321160.0,3651.0,58,3650.0,27
rb1805,20171017,20171016,210150500,3651.0,15578,601278,570124300.0,3651.0,52,3650.0,35
rb1805,20171017,20171016,210151000,3650.0,15636,601294,572241380.0,3651.0,47,3650.0,19
rb1805,20171017,20171016,210151500,3650.0,15700,601302,574577900.0,3651.0,23,3650.0,48
rb1805,20171017,20171016,210152000,3650.0,15740,601294,576038000.0,3651.0,16,3650.0,53
rb1805,20171017,20171016,210152500,3651.0,15784,601320,577644200.0,3651.0,66,3650.0,52
rb1805,20171017,20171016,210153000,3650.0,15812,601326,578666440.0,3651.0,51,3650.0,64
rb1805,20171017,20171016,210153500,3651.0,15858,601370,580345460.0,3651.0,52,3650.0,43
rb1805,20171017,20171016,210154000,3650.0,15966,601312,584287560.0,3650.0,75,3649.0,49
rb1805,20171017,20171016,210154500,3650.0,15972,601310,584506560.0,3650.0,80,3649.0,37
rb1805,20171017,20171016,210155000,3650.0,16004,601298,585674520.0,3650.0,78,3649.0,35
rb1805,20171017,20171016,210155500,3649.0,16034,601282,586769340.0,3650.0,74,3649.0,26
rb1805,20171017,20171016,210156000,3649.0,16102,601304,589250800.0,3649.0,11,3648.0,27
rb1805,20171017,20171016,210156500,3649.0,16124,601292,590053440.0,3649.0,12,3648.0,36
rb1805,20171017,20171016,210157000,3648.0,16168,601302,591658900.0,3649.0,47,3648.0,16
rb1805,20171017,20171016,210157500,3649.0,16418,601334,600776280.0,3649.0,37,3648.0,1
rb1805,20171017,20171016,210158000,3648.0,16428,601328,601141020.0,3648.0,18,3647.0,3
rb1805,20171017,20171016,210158500,3648.0,16476,601326,602892060.0,3648.0,8,3647.0,1
rb1805,20171017,20171016,210159000,3649.0,16508,601318,604059500.0,3649.0,70,3647.0,8
rb1805,20171017,20171016,210159500,3647.0,16520,601320,604497200.0,3648.0,5,3647.0,23
rb1805,20171017,20171016,210200000,3648.0,16552,601294,605664300.0,3648.0,12,3647.0,51
rb1805,20171017,20171016,210200500,3648.0,16584,601288,606831640.0,3649.0,93,3648.0,1
rb1805,20171017,20171016,210201000,3647.0,16646,601312,609093260.0,3648.0,40,3647.0,5
rb1805,20171017,20171016,210201500,3648.0,16658,601320,609531020.0,3648.0,48,3647.0,12
rb1805,20171017,20171016,210202000,3647.0,16726,601300,612011220.0,3647.0,4,3646.0,48
rb1805,20171017,20171016,210202500,3647.0,16808,601260,615001400.0,3647.0,8,3645.0,34
rb1805,20171017,20171016,210203000,3645.0,16840,601258,616168140.0,3646.0,9,3645.0,30
rb1805,20171017,20171016,210203500,3647.0,16996,601168,621856080.0,3647.0,64,3645.0,53
rb1805,20171017,20171016,210204000,3646.0,17034,601182,623241820.0,3647.0,52,3646.0,3
rb1805,20171017,20171016,210204500,3645.0,17138,601172,627033100.0,3646.0,2,3645.0,38
rb1805,20171017,20171016,210205000,3645.0,17204,601140,629438900.0,3645.0,2,3644.0,44
rb1805,20171017,20171016,210205500,3644.0,17234,601134,630532200.0,3645.0,2,3644.0,48
rb1805,20171017,20171016,210206000,3645.0,17262,601132,631552680.0,3645.0,2,3644.0,37
rb1805,20171017,20171016,210206500,3644.0,17270,601130,631844220.0,3645.0,8,3644.0,38
rb1805,20171017,20171016,210207000,3644.0,17308,601106,633228980.0,3645.0,87,3644.0,20
rb1805,20171017,20171016,210207500,3644.0,17364,601084,635269620.0,3644.0,42,3643.0,75
rb1805,20171017,20171016,210208000,3644.0,17446,601050,638257380.0,3644.0,20,3643.0,70
rb1805,20171017,20171016,210208500,3644.0,17482,601024,639569200.0,3644.0,23,3643.0,72
rb1805,20171017,20171016,210209000,3644.0,17592,601044,643577320.0,3645.0,46,3644.0,21
rb1805,20171017,20171016,210209500,3644.0,17616,601038,644451920.0,3645.0,47,3644.0,29
rb1805,20171017,20171016,210210000,3644.0,17656,601016,645909660.0,3645.0,19,3643.0,66
rb1805,20171017,20171016,210210500,3645.0,17694,601036,647294640.0,3645.0,10,3644.0,33
rb1805,20171017,20171016,210211000,3645.0,17728,601048,648533860.0,3646.0,71,3645.0,12
rb1805,20171017,20171016,210211500,3645.0,17860,601168,653345260.0,3646.0,71,3645.0,16
rb1805,20171017,20171016,210212000,3645.0,18026,601138,659396980.0,3645.0,36,3644.0,139
rb1805,20171017,20171016,210212500,3645.0,18096,601108,661948040.0,3645.0,26,3644.0,130
rb1805,20171017,20171016,210213000,3645.0,18188,601110,665301120.0,3646.0,20,3645.0,215
rb1805,20171017,20171016,210213500,3646.0,18198,601106,665665660.0,3646.0,78,3645.0,225
rb1805,20171017,20171016,210214000,3645.0,18202,601108,665811460.0,3646.0,78,3645.0,224
rb1805,20171017,20171016,210214500,3646.0,18206,601108,665957280.0,3646.0,77,3645.0,225
rb1805,20171017,20171016,210215000,3645.0,18208,601110,666030180.0,3646.0,69,3645.0,238
rb1805,20171017,20171016,210215500,3645.0,18234,601114,666978100.0,3646.0,58,3645.0,257
rb1805,20171017,20171016,210216000,3646.0,18352,601102,671280380.0,3647.0,35,3646.0,8
rb1805,20171017,20171016,210216500,3647.0,18362,601108,671645020.0,3647.0,40,3646.0,61
rb1805,20171017,20171016,210217000,3646.0,18462,601082,675291780.0,3648.0,35,3646.0,79
rb1805,20171017,20171016,210217500,3648.0,18476,601084,675802360.0,3648.0,12,3646.0,110
rb1805,20171017,20171016,210218000,3647.0,18478,601086,675875300.0,3648.0,12,3647.0,5
rb1805,20171017,20171016,210218500,3648.0,18498,601098,676604880.0,3648.0,20,3647.0,25
rb1805,20171017,20171016,210219000,3648.0,18510,601100,677042620.0,3648.0,66,3647.0,30
rb1805,20171017,20171016,210219500,3648.0,18578,601134,679523240.0,3648.0,35,3647.0,39
rb1805,20171017,20171016,210220000,3648.0,18682,601182,683316820.0,3649.0,50,3648.0,12
rb1805,20171017,20171016,210220500,3648.0,18708,601160,684265320.0,3649.0,31,3648.0,3
rb1805,20171017,20171016,210221000,3648.0,18724,601164,684849040.0,3649.0,42,3648.0,5
rb1805,20171017,20171016,210221500,3649.0,18740,601170,685432660.0,3649.0,41,3648.0,2
rb1805,20171017,20171016,210222000,3647.0,18770,601178,686527000.0,3648.0,126,3647.0,129
rb1805,20171017,20171016,210222500,3647.0,18786,601192,687110620.0,3648.0,126,3647.0,76
rb1805,20171017,20171016,210223000,3648.0,18800,601196,687621280.0,3648.0,121,3647.0,113
rb1805,20171017,20171016,210223500,3648.0,18806,601196,687840140.0,3648.0,120,3647.0,112
rb1805,20171017,20171016,210224000,3647.0,18822,601196,688423720.0,3648.0,118,3647.0,108
rb1805,20171017,20171016,210224500,3648.0,18972,601310,693894700.0,3648.0,91,3647.0,67
rb1805,20171017,20171016,210225000,3648.0,19084,601410,697979440.0,3648.0,88,3647.0,28
rb1805,20171017,20171016,210225500,3647.0,19096,601418,698417080.0,3648.0,90,3647.0,29
rb1805,20171017,20171016,210226000,3648.0,19288,601412,705421240.0,3648.0,2,3647.0,44
rb1805,20171017,20171016,210226500,3648.0,19308,601396,706150840.0,3649.0,89,3648.0,45
rb1805,20171017,20171016,210227000,3648.0,19320,601390,706588640.0,3649.0,83,3648.0,39
rb1805,20171017,20171016,210227500,3648.0,19398,601428,709434080.0,3649.0,84,3647.0,41
rb1805,20171017,20171016,210228000,3647.0,19412,601438,709944660.0,3649.0,104,3648.0,20
rb1805,20171017,20171016,210228500,3648.0,19452,601438,711403860.0,3649.0,104,3648.0,2
rb1805,20171017,20171016,210229000,3648.0,19560,601342,715343700.0,3648.0,1,3647.0,29
rb1805,20171017,20171016,210229500,3649.0,19644,601296,718407920.0,3649.0,100,3648.0,69
rb1805,20171017,20171016,210230000,3648.0,19782,601286,723442160.0,3648.0,35,3647.0,23
rb1805,20171017,20171016,210230500,3648.0,19798,601292,724025820.0,3648.0,29,3647.0,30
rb1805,20171017,20171016,210231000,3648.0,19818,601294,724755380.0,3648.0,14,3647.0,28
rb1805,20171017,20171016,210231500,3648.0,19826,601302,725047220.0,3648.0,31,3647.0,29
rb1805,20171017,20171016,210232000,3648.0,19852,601314,725995520.0,3648.0,46,3647.0,26
rb1805,20171017,20171016,210232500,3647.0,19914,601358,728256660.0,3647.0,52,3646.0,91
rb1805,20171017,20171016,210233000,3647.0,19932,601358,728913120.0,3647.0,98,3646.0,103
rb1805,20171017,20171016,210233500,3646.0,19938,601358,729131920.0,3647.0,127,3646.0,103
rb1805,20171017,20171016,210234000,3647.0,19952,601356,729642500.0,3647.0,121,3646.0,96
rb1805,20171017,20171016,210234500,3646.0,20132,601366,736205400.0,3647.0,39,3646.0,13
rb1805,20171017,20171016,210235000,3646.0,20206,601316,738903620.0,3646.0,32,3645.0,260
rb1805,20171017,20171016,210235500,3646.0,20298,601290,742257960.0,3646.0,450,3645.0,260
rb1805,20171017,20171016,210236000,3646.0,20342,601310,743861880.0,3646.0,446,3645.0,244
rb1805,20171017,20171016,210236500,3645.0,20704,601376,757056800.0,3646.0,448,3645.0,64
rb1805,20171017,20171016,210237000,3645.0,20838,601286,761941100.0,3645.0,159,3644.0,161
rb1805,20171017,20171016,210237500,3645.0,20838,601286,761941100.0,3645.0,153,3644.0,160
rb1805,20171017,20171016,210238000,3644.0,20850,601290,762378460.0,3645.0,152,3644.0,158
rb1805,20171017,20171016,210238500,3645.0,20854,601294,762524260.0,3645.0,150,3644.0,164
rb1805,20171017,20171016,210239000,3644.0,20886,601304,763690500.0,3645.0,161,3644.0,157
rb1805,20171017,20171016,210239500,3644.0,21094,601348,771271520.0,3645.0,87,3644.0,129
rb1805,20171017,20171016,210240000,3645.0,21268,601364,777612260.0,3645.0,84,3644.0,49
rb1805,20171017,20171016,210240500,3644.0,21380,601370,781693540.0,3644.0,76,3643.0,51
rb1805,20171017,20171016,210241000,3644.0,21386,601366,781912160.0,3644.0,55,3643.0,50
rb1805,20171017,20171016,210241500,3644.0,21448,601356,784170840.0,3644.0,87,3643.0,21
rb1805,20171017,20171016,210242000,3643.0,21508,601352,786356640.0,3643.0,19,3642.0,60
rb1805,20171017,20171016,210242500,3640.0,21882,601186,799973760.0,3642.0,64,3640.0,41
rb1805,20171017,20171016,210243000,3642.0,22090,601134,807545560.0,3642.0,57,3639.0,120
rb1805,20171017,20171016,210243500,3639.0,22308,601110,815479620.0,3640.0,54,3639.0,63
rb1805,20171017,20171016,210244000,3642.0,22664,601098,828439000.0,3642.0,37,3640.0,5
rb1805,20171017,20171016,210244500,3641.0,22684,601102,829167200.0,3641.0,16,3640.0,57
rb1805,20171017,20171016,210245000,3640.0,22738,601094,831133060.0,3641.0,14,3640.0,82
rb1805,20171017,20171016,210245500,3642.0,22822,601054,834190980.0,3642.0,10,3640.0,63
rb1805,20171017,20171016,210246000,3640.0,22944,601004,838631920.0,3642.0,21,3640.0,52
rb1805,20171017,20171016,210246500,3642.0,22968,601012,839505560.0,3642.0,20,3640.0,55
rb1805,20171017,20171016,210247000,3640.0,23006,601034,840889040.0,3642.0,35,3640.0,48
rb1805,20171017,20171016,210247500,3640.0,23082,601054,843656400.0,3642.0,71,3640.0,40
rb1805,20171017,20171016,210248000,3640.0,23174,600972,847005240.0,3640.0,3,3639.0,76
rb1805,20171017,20171016,210248500,3641.0,23220,600974,848679960.0,3640.0,6,3639.0,78
rb1805,20171017,20171016,210249000,3642.0,23340,601012,853049640.0,3642.0,33,3640.0,4
rb1805,20171017,20171016,210249500,3640.0,23356,601002,853632100.0,3641.0,6,3640.0,5
rb1805,20171017,20171016,210250000,3639.0,23382,600996,854578480.0,3640.0,2,3639.0,137
rb1805,20171017,20171016,210250500,3640.0,23406,601004,855452100.0,3641.0,20,3640.0,2
rb1805,20171017,20171016,210251000,3640.0,23464,601000,857563300.0,3640.0,22,3639.0,139
rb1805,20171017,20171016,210251500,3640.0,23522,601000,859674060.0,3640.0,36,3639.0,119
rb1805,20171017,20171016,210252000,3640.0,23694,600930,865933240.0,3640.0,56,3639.0,38
rb1805,20171017,20171016,210252500,3639.0,23798,600858,869717780.0,3639.0,99,3638.0,91
rb1805,20171017,20171016,210253000,3639.0,23954,600784,875393620.0,3639.0,30,3638.0,41
rb1805,20171017,20171016,210253500,3638.0,23984,600788,876485220.0,3639.0,27,3638.0,36
rb1805,20171017,20171016,210254000,3639.0,24102,600834,880778800.0,3640.0,61,3639.0,11
rb1805,20171017,20171016,210254500,3639.0,24130,600858,881797700.0,3639.0,66,3638.0,18
rb1805,20171017,20171016,210255000,3638.0,24196,600876,884198780.0,3638.0,84,3637.0,50
rb1805,20171017,20171016,210255500,3638.0,24256,600902,886381520.0,3638.0,65,3637.0,42
rb1805,20171017,20171016,210256000,3637.0,24384,600964,891037100.0,3638.0,48,3637.0,7
rb1805,20171017,20171016,210256500,3638.0,24564,600898,897582820.0,3638.0,75,3636.0,22
rb1805,20171017,20171016,210257000,3636.0,24792,601028,905872080.0,3637.0,76,3636.0,66
rb1805,20171017,20171016,210257500,3636.0,24978,601106,912634960.0,3636.0,57,3635.0,8
rb1805,20171017,20171016,210258000,3635.0,25020,601088,914161820.0,3636.0,53,3635.0,16
rb1805,20171017,20171016,210258500,3635.0,25300,601074,924342820.0,3637.0,25,3635.0,57
rb1805,20171017,20171016,210259000,3636.0,25446,601010,929652120.0,3638.0,69,3636.0,9
rb1805,20171017,20171016,210259500,3637.0,25458,601006,930088620.0,3638.0,66,3636.0,107
rb1805,20171017,20171016,210300000,3638.0,25598,601052,935181840.0,3639.0,62,3638.0,15
rb1805,20171017,20171016,210300500,3639.0,25762,601002,941149820.0,3640.0,40,3639.0,9
rb1805,20171017,20171016,210301000,3640.0,25854,601002,944498000.0,3640.0,23,3639.0,41
rb1805,20171017,20171016,210301500,3640.0,26020,601092,950538580.0,3640.0,15,3639.0,31
rb1805,20171017,20171016,210302000,3641.0,26090,601060,953086680.0,3641.0,44,3640.0,108
rb1805,20171017,20171016,210302500,3641.0,26152,601094,955344040.0,3641.0,20,3640.0,130
rb1805,20171017,20171016,210303000,3640.0,26222,601116,957892340.0,3641.0,21,3640.0,117
rb1805,20171017,20171016,210303500,3640.0,26440,601112,965827760.0,3641.0,27,3640.0,29
rb1805,20171017,20171016,210304000,3640.0,26482,601104,967356800.0,3641.0,26,3640.0,21
rb1805,20171017,20171016,210304500,3641.0,26536,601114,969322860.0,3641.0,9,3640.0,20
rb1805,20171017,20171016,210305000,3641.0,26560,601114,970196620.0,3641.0,36,3640.0,49
rb1805,20171017,20171016,210305500,3640.0,26578,601112,970851900.0,3641.0,35,3640.0,107
rb1805,20171017,20171016,210306000,3641.0,26616,601094,972235240.0,3641.0,89,3640.0,106
rb1805,20171017,20171016,210306500,3640.0,26880,601102,981844840.0,3640.0,43,3639.0,48
rb1805,20171017,20171016,210307000,3640.0,26914,601104,983082420.0,3640.0,24,3639.0,17
rb1805,20171017,20171016,210307500,3640.0,27078,600992,989051520.0,3641.0,68,3640.0,15
rb1805,20171017,20171016,210308000,3640.0,27144,600992,991453920.0,3640.0,120,3638.0,48
rb1805,20171017,20171016,210308500,3640.0,27162,600992,992109060.0,3640.0,56,3639.0,3
rb1805,20171017,20171016,210309000,3639.0,27198,600992,993419360.0,3639.0,2,3638.0,71
rb1805,20171017,20171016,210309500,3640.0,27248,601022,995239300.0,3641.0,120,3640.0,9
rb1805,20171017,20171016,210310000,3640.0,27276,601040,996258460.0,3640.0,72,3639.0,5
rb1805,20171017,20171016,210310500,3639.0,27300,601052,997131860.0,3639.0,23,3638.0,65
rb1805,20171017,20171016,210311000,3638.0,27346,601060,998805780.0,3639.0,2,3638.0,54
rb1805,20171017,20171016,210311500,3639.0,27358,601060,999242440.0,3639.0,40,3638.0,54
rb1805,20171017,20171016,210312000,3639.0,27414,601060,1001280140.0,3639.0,87,3638.0,47
rb1805,20171017,20171016,210312500,3638.0,27524,601108,1005282000.0,3639.0,90,3638.0,3
rb1805,20171017,20171016,210313000,3638.0,27542,601106,1005936840.0,3638.0,32,3637.0,94
rb1805,20171017,20171016,210313500,3637.0,27560,601100,1006591580.0,3638.0,29,3637.0,92
rb1805,20171017,20171016,210314000,3638.0,27592,601096,1007755740.0,3638.0,14,3637.0,143
rb1805,20171017,20171016,210314500,3638.0,27626,601082,1008992620.0,3638.0,9,3637.0,98
rb1805,20171017,20171016,210315000,3637.0,27646,601084,1009720100.0,3639.0,172,3637.0,96
rb1805,20171017,20171016,210315500,3637.0,27658,601096,1010156620.0,3638.0,34,3637.0,91
rb1805,20171017,20171016,210316000,3638.0,27772,601134,1014303280.0,3638.0,64,3637.0,61
rb1805,20171017,20171016,210316500,3637.0,27898,601130,1018885940.0,3637.0,17,3636.0,152
rb1805,20171017,20171016,210317000,3637.0,27958,601104,1021067620.0,3637.0,40,3636.0,139
rb1805,20171017,20171016,210317500,3637.0,28024,601058,1023467560.0,3637.0,68,3636.0,115
rb1805,20171017,20171016,210318000,3636.0,28238,600906,1031248880.0,3637.0,69,3636.0,23
rb1805,20171017,20171016,210318500,3636.0,28318,600876,1034158060.0,3637.0,71,3636.0,4
rb1805,20171017,20171016,210319000,3636.0,28388,600882,1036703380.0,3636.0,38,3635.0,170
rb1805,20171017,20171016,210319500,3636.0,28496,600896,1040630280.0,3637.0,49,3636.0,27
rb1805,20171017,20171016,210320000,3636.0,28562,600878,1043030660.0,3638.0,48,3636.0,41
rb1805,20171017,20171016,210320500,3638.0,28574,600886,1043467100.0,3638.0,46,3637.0,1
rb1805,20171017,20171016,210321000,3637.0,28598,600882,1044339880.0,3638.0,52,3637.0,1
rb1805,20171017,20171016,210321500,3638.0,28674,600852,1047103740.0,3638.0,21,3637.0,11
rb1805,20171017,20171016,210322000,3637.0,28728,600852,1049067640.0,3637.0,37,3636.0,33
rb1805,20171017,20171016,210322500,3637.0,28742,600846,1049576800.0,3637.0,21,3636.0,37
rb1805,20171017,20171016,210323000,3637.0,28748,600846,1049795020.0,3637.0,19,3636.0,36
rb1805,20171017,20171016,210323500,3638.0,28814,600882,1052195360.0,3638.0,31,3637.0,28
rb1805,20171017,20171016,210324000,3637.0,28822,600884,1052486340.0,3638.0,82,3637.0,29
rb1805,20171017,20171016,210324500,3638.0,28944,600870,1056924300.0,3638.0,41,3637.0,10
rb1805,20171017,20171016,210325000,3637.0,28970,600872,1057870160.0,3638.0,33,3637.0,21
rb1805,20171017,20171016,210325500,3638.0,28986,600860,1058452100.0,3638.0,36,3637.0,20
rb1805,20171017,20171016,210326000,3637.0,29004,600868,1059106880.0,3638.0,30,3637.0,119
rb1805,20171017,20171016,210326500,3637.0,29014,600872,1059470620.0,3638.0,21,3637.0,123
rb1805,20171017,20171016,210327000,3637.0,29056,600876,1060998240.0,3638.0,29,3637.0,118
rb1805,20171017,20171016,210327500,3638.0,29164,600924,1064926800.0,3639.0,110,3638.0,470
rb1805,20171017,20171016,210328000,3638.0,29166,600926,1064999560.0,3639.0,112,3638.0,474
rb1805,20171017,20171016,210328500,3638.0,29192,600936,1065945480.0,3639.0,110,3638.0,469
rb1805,20171017,20171016,210329000,3638.0,29338,601022,1071257100.0,3639.0,93,3638.0,409
rb1805,20171017,20171016,210329500,3638.0,29386,601064,1073003380.0,3639.0,91,3638.0,401
rb1805,20171017,20171016,210330000,3639.0,29390,601068,1073148940.0,3639.0,92,3638.0,402
rb1805,20171017,20171016,210330500,3639.0,29458,601094,1075623460.0,3639.0,68,3638.0,402
rb1805,20171017,20171016,210331000,3640.0,29646,601068,1082464980.0,3640.0,74,3639.0,1
rb1805,20171017,20171016,210331500,3639.0,29650,601068,1082610540.0,3640.0,103,3639.0,10
rb1805,20171017,20171016,210332000,3639.0,29688,601086,1083993400.0,3640.0,104,3639.0,21
rb1805,20171017,20171016,210332500,3640.0,29754,601072,1086395160.0,3640.0,104,3639.0,23
rb1805,20171017,20171016,210333000,3640.0,29794,601110,1087851160.0,3640.0,84,3639.0,26
rb1805,20171017,20171016,210333500,3640.0,29816,601114,1088651860.0,3640.0,78,3639.0,21
rb1805,20171017,20171016,210334000,3640.0,29820,601116,1088797460.0,3640.0,76,3639.0,25
rb1805,20171017,20171016,210334500,3640.0,29922,601168,1092510260.0,3640.0,28,3639.0,30
rb1805,20171017,20171016,210335000,3639.0,29952,601172,1093602140.0,3640.0,29,3639.0,32
rb1805,20171017,20171016,210335500,3640.0,29964,601176,1094038900.0,3640.0,26,3639.0,32
rb1805,20171017,20171016,210336000,3640.0,29970,601180,1094257280.0,3640.0,24,3639.0,36
rb1805,20171017,20171016,210336500,3639.0,29972,601180,1094330060.0,3640.0,26,3639.0,35
rb1805,20171017,20171016,210337000,3639.0,30004,601178,1095494840.0,3640.0,8,3639.0,31
rb1805,20171017,20171016,210337500,3640.0,30010,601174,1095713240.0,3640.0,26,3639.0,28
rb1805,20171017,20171016,210338000,3639.0,30024,601178,1096222820.0,3640.0,18,3639.0,20
rb1805,20171017,20171016,210338500,3640.0,30050,601180,1097169140.0,3640.0,12,3639.0,24
rb1805,20171017,20171016,210339000,3639.0,30074,601174,1098042560.0,3640.0,27,3639.0,90
rb1805,20171017,20171016,210339500,3640.0,30082,601172,1098333720.0,3640.0,30,3639.0,95
rb1805,20171017,20171016,210340000,3640.0,30088,601168,1098552120.0,3640.0,31,3639.0,98
rb1805,20171017,20171016,210340500,3640.0,30108,601164,1099279980.0,3640.0,30,3639.0,92
rb1805,20171017,20171016,210341000,3640.0,30110,601164,1099352780.0,3640.0,31,3639.0,93
rb1805,20171017,20171016,210341500,3639.0,30114,601168,1099498360.0,3640.0,30,3639.0,92
rb1805,20171017,20171016,210342000,3640.0,30128,601172,1100007920.0,3640.0,37,3639.0,98
rb1805,20171017,20171016,210342500,3640.0,30144,601170,1100590280.0,3640.0,45,3639.0,97
rb1805,20171017,20171016,210343000,3640.0,30198,601162,1102555740.0,3640.0,9,3639.0,93
rb1805,20171017,20171016,210343500,3640.0,30250,601194,1104448540.0,3641.0,142,3640.0,8
rb1805,20171017,20171016,210344000,3639.0,30468,601126,1112384920.0,3640.0,2,3639.0,96
rb1805,20171017,20171016,210344500,3640.0,30488,601134,1113112880.0,3640.0,11,3639.0,95
rb1805,20171017,20171016,210345000,3640.0,30492,601138,1113258480.0,3640.0,31,3639.0,96
rb1805,20171017,20171016,210345500,3640.0,30614,601170,1117699280.0,3641.0,124,3640.0,443
rb1805,20171017,20171016,210346000,3640.0,30982,601360,1131094520.0,3641.0,92,3640.0,262
rb1805,20171017,20171016,210346500,3640.0,30990,601362,1131385720.0,3641.0,117,3640.0,266
rb1805,20171017,20171016,210347000,3641.0,31106,601478,1135608160.0,3641.0,90,3640.0,213
rb1805,20171017,20171016,210347500,3640.0,31536,601470,1151260160.0,3640.0,274,3639.0,119
rb1805,20171017,20171016,210348000,3640.0,31594,601440,1153371360.0,3640.0,256,3639.0,124
rb1805,20171017,20171016,210348500,3640.0,31730,601372,1158321620.0,3640.0,196,3639.0,118
rb1805,20171017,20171016,210349000,3641.0,32146,601330,1173464060.0,3641.0,101,3640.0,156
rb1805,20171017,20171016,210349500,3640.0,32408,601314,1183003360.0,3642.0,74,3640.0,171
rb1805,20171017,20171016,210350000,3640.0,32408,601314,1183003360.0,3642.0,70,3640.0,185
rb1805,20171017,20171016,210350500,3640.0,32412,601312,1183148960.0,3642.0,148,3640.0,136
rb1805,20171017,20171016,210351000,3640.0,32412,601312,1183148960.0,3642.0,149,3641.0,3
rb1805,20171017,20171016,210351500,3641.0,32436,601314,1184022740.0,3641.0,11,3640.0,158
rb1805,20171017,20171016,210352000,3640.0,32438,601312,1184095540.0,3641.0,36,3640.0,160
rb1805,20171017,20171016,210352500,3641.0,32522,601254,1187154060.0,3642.0,164,3641.0,10
rb1805,20171017,20171016,210353000,3642.0,32536,601252,1187663880.0,3642.0,158,3641.0,18
rb1805,20171017,20171016,210353500,3641.0,32586,601236,1189484380.0,3641.0,85,3640.0,55
rb1805,20171017,20171016,210354000,3641.0,32614,601236,1190503840.0,3641.0,55,3640.0,64
rb1805,20171017,20171016,210354500,3641.0,32630,601248,1191086380.0,3641.0,39,3640.0,65
rb1805,20171017,20171016,210355000,3642.0,32748,601320,1195382960.0,3642.0,160,3641.0,3
rb1805,20171017,20171016,210355500,3642.0,32770,601342,1196184160.0,3642.0,161,3641.0,14
rb1805,20171017,20171016,210356000,3642.0,32822,601328,1198077600.0,3642.0,150,3641.0,1
rb1805,20171017,20171016,210356500,3641.0,32826,601326,1198223240.0,3642.0,151,3641.0,2
rb1805,20171017,20171016,210357000,3642.0,32864,601358,1199606520.0,3642.0,150,3640.0,56
rb1805,20171017,20171016,210357500,3642.0,32876,601364,1200043520.0,3642.0,148,3640.0,60
rb1805,20171017,20171016,210358000,3642.0,32890,601374,1200553360.0,3642.0,147,3640.0,60
rb1805,20171017,20171016,210358500,3641.0,32894,601372,1200699020.0,3642.0,147,3641.0,1
rb1805,20171017,20171016,210359000,3642.0,32914,601366,1201427280.0,3642.0,148,3640.0,68
rb1805,20171017,20171016,210359500,3641.0,32942,601368,1202446740.0,3641.0,2,3640.0,67
rb1805,20171017,20171016,210400000,3640.0,32952,601370,1202810840.0,3642.0,146,3640.0,64
rb1805,20171017,20171016,210400500,3641.0,32970,601384,1203466220.0,3641.0,52,3640.0,66
rb1805,20171017,20171016,210401000,3641.0,32978,601392,1203757500.0,3641.0,55,3640.0,66
rb1805,20171017,20171016,210401500,3640.0,32984,601390,1203975920.0,3641.0,59,3640.0,64
rb1805,20171017,20171016,210402000,3641.0,33016,601394,1205141040.0,3641.0,69,3640.0,66
rb1805,20171017,20171016,210402500,3640.0,33030,601398,1205650700.0,3641.0,72,3640.0,66
rb1805,20171017,20171016,210403000,3641.0,33178,601480,1211039400.0,3642.0,147,3641.0,289
rb1805,20171017,20171016,210403500,3642.0,33310,601394,1215846720.0,3642.0,33,3641.0,341
rb1805,20171017,20171016,210404000,3642.0,33396,601384,1218978840.0,3643.0,186,3642.0,68
rb1805,20171017,20171016,210404500,3643.0,33470,601428,1221674520.0,3643.0,151,3642.0,79
rb1805,20171017,20171016,210405000,3643.0,33480,601434,1222038800.0,3643.0,145,3642.0,93
rb1805,20171017,20171016,210405500,3643.0,33514,601406,1223277420.0,3643.0,129,3642.0,121
rb1805,20171017,20171016,210406000,3643.0,33576,601396,1225536080.0,3643.0,98,3642.0,127
rb1805,20171017,20171016,210406500,3643.0,33776,601394,1232822080.0,3644.0,67,3643.0,18
rb1805,20171017,20171016,210407000,3642.0,33842,601432,1235226340.0,3643.0,33,3642.0,119
rb1805,20171017,20171016,210407500,3643.0,33932,601434,1238505040.0,3643.0,3,3642.0,119
rb1805,20171017,20171016,210408000,3643.0,33950,601444,1239160680.0,3643.0,77,3642.0,114
rb1805,20171017,20171016,210408500,3643.0,33982,601432,1240326240.0,3643.0,80,3642.0,103
rb1805,20171017,20171016,210409000,3643.0,34016,601432,1241564540.0,3643.0,82,3642.0,88
rb1805,20171017,20171016,210409500,3642.0,34194,601482,1248047300.0,3642.0,86,3641.0,390
rb1805,20171017,20171016,210410000,3642.0,34224,601488,1249139660.0,3642.0,85,3641.0,378
rb1805,20171017,20171016,210410500,3642.0,34568,601512,1261665760.0,3642.0,45,3641.0,266
rb1805,20171017,20171016,210411000,3642.0,35056,601698,1279434040.0,3642.0,40,3641.0,33
rb1805,20171017,20171016,210411500,3641.0,35126,601720,1281982740.0,3641.0,79,3640.0,81
rb1805,20171017,20171016,210412000,3640.0,35320,601784,1289044520.0,3640.0,3,3639.0,93
rb1805,20171017,20171016,210412500,3640.0,35328,601790,1289335700.0,3640.0,99,3639.0,81
rb1805,20171017,20171016,210413000,3639.0,35426,601748,1292901920.0,3640.0,181,3639.0,43
rb1805,20171017,20171016,210413500,3640.0,35714,601940,1303381520.0,3639.0,34,3638.0,1
rb1805,20171017,20171016,210414000,3639.0,35720,601936,1303599900.0,3639.0,36,3638.0,1
rb1805,20171017,20171016,210414500,3639.0,35738,601938,1304254860.0,3639.0,45,3638.0,7
rb1805,20171017,20171016,210415000,3639.0,35742,601936,1304400420.0,3639.0,74,3638.0,7
rb1805,20171017,20171016,210415500,3638.0,35750,601940,1304691480.0,3639.0,79,3637.0,71
rb1805,20171017,20171016,210416000,3639.0,35778,601916,1305710360.0,3639.0,81,3637.0,70
rb1805,20171017,20171016,210416500,3639.0,35794,601912,1306292600.0,3638.0,15,3637.0,70
rb1805,20171017,20171016,210417000,3638.0,35910,601878,1310512900.0,3638.0,23,3637.0,86
rb1805,20171017,20171016,210417500,3637.0,35932,601892,1311313080.0,3638.0,28,3637.0,76
rb1805,20171017,20171016,210418000,3638.0,35940,601896,1311604100.0,3638.0,27,3637.0,76
rb1805,20171017,20171016,210418500,3637.0,35966,601910,1312549840.0,3638.0,29,3637.0,70
rb1805,20171017,20171016,210419000,3638.0,35974,601916,1312840860.0,3638.0,36,3637.0,79
rb1805,20171017,20171016,210419500,3637.0,36018,601936,1314441520.0,3638.0,18,3637.0,77
rb1805,20171017,20171016,210420000,3638.0,36056,601954,1315823960.0,3639.0,45,3638.0,31
rb1805,20171017,20171016,210420500,3638.0,36122,601934,1318225240.0,3639.0,35,3638.0,25
rb1805,20171017,20171016,210421000,3638.0,36210,601890,1321426700.0,3639.0,34,3638.0,11
rb1805,20171017,20171016,210421500,3638.0,36222,601900,1321863280.0,3639.0,34,3638.0,9
rb1805,20171017,20171016,210422000,3638.0,36226,601900,1322008800.0,3639.0,34,3638.0,11
rb1805,20171017,20171016,210422500,3639.0,36332,601906,1325866140.0,3640.0,176,3639.0,1
rb1805,20171017,20171016,210423000,3638.0,36434,601916,1329577040.0,3639.0,1,3638.0,28
rb1805,20171017,20171016,210423500,3639.0,36480,601880,1331250960.0,3639.0,12,3638.0,42
rb1805,20171017,20171016,210424000,3639.0,36592,601872,1335326640.0,3640.0,69,3639.0,10
rb1805,20171017,20171016,210424500,3639.0,36620,601880,1336345560.0,3640.0,69,3639.0,15
rb1805,20171017,20171016,210425000,3640.0,36652,601888,1337510140.0,3640.0,64,3639.0,13
rb1805,20171017,20171016,210425500,3639.0,36656,601888,1337655720.0,3640.0,27,3639.0,23
rb1805,20171017,20171016,210426000,3639.0,36670,601894,1338165180.0,3640.0,27,3639.0,17
rb1805,20171017,20171016,210426500,3639.0,36698,601876,1339184320.0,3640.0,16,3639.0,21
rb1805,20171017,20171016,210427000,3639.0,36742,601844,1340785480.0,3640.0,24,3639.0,5
rb1805,20171017,20171016,210427500,3640.0,36806,601820,1343115120.0,3641.0,71,3640.0,5
rb1805,20171017,20171016,210428000,3640.0,36822,601818,1343697500.0,3640.0,77,3639.0,18
rb1805,20171017,20171016,210428500,3639.0,36864,601852,1345225880.0,3639.0,18,3638.0,28
rb1805,20171017,20171016,210429000,3638.0,36912,601840,1346972140.0,3639.0,28,3638.0,5
rb1805,20171017,20171016,210429500,3639.0,36964,601858,1348864260.0,3639.0,27,3638.0,5
rb1805,20171017,20171016,210430000,3638.0,36976,601860,1349300820.0,3638.0,22,3637.0,196
rb1805,20171017,20171016,210430500,3638.0,37086,601968,1353302620.0,3638.0,3,3637.0,196
rb1805,20171017,20171016,210431000,3638.0,37140,601968,1355266620.0,3638.0,16,3637.0,170
rb1805,20171017,20171016,210431500,3638.0,37156,601982,1355848660.0,3638.0,51,3637.0,167
rb1805,20171017,20171016,210432000,3638.0,37156,601982,1355848660.0,3638.0,89,3637.0,158
rb1805,20171017,20171016,210432500,3638.0,37348,602110,1362832420.0,3638.0,68,3637.0,98
rb1805,20171017,20171016,210433000,3637.0,37372,602132,1363705300.0,3638.0,68,3637.0,87
rb1805,20171017,20171016,210433500,3638.0,37522,602234,1369162300.0,3639.0,94,3638.0,27
rb1805,20171017,20171016,210434000,3638.0,37580,602288,1371272360.0,3639.0,88,3638.0,1
rb1805,20171017,20171016,210434500,3637.0,37588,602290,1371563380.0,3639.0,89,3638.0,62
rb1805,20171017,20171016,210435000,3638.0,37736,602314,1376946160.0,3638.0,2,3637.0,90
rb1805,20171017,20171016,210435500,3637.0,37750,602328,1377455340.0,3638.0,13,3637.0,83
rb1805,20171017,20171016,210436000,3638.0,37760,602332,1377819140.0,3638.0,8,3637.0,86
rb1805,20171017,20171016,210436500,3637.0,37800,602354,1379274140.0,3639.0,114,3638.0,2
rb1805,20171017,20171016,210437000,3639.0,38026,602412,1387497880.0,3639.0,24,3638.0,14
rb1805,20171017,20171016,210437500,3639.0,38046,602406,1388225680.0,3640.0,46,3639.0,14
rb1805,20171017,20171016,210438000,3638.0,38084,602414,1389608220.0,3640.0,37,3638.0,21
rb1805,20171017,20171016,210438500,3638.0,38106,602410,1390408640.0,3639.0,8,3638.0,17
rb1805,20171017,20171016,210439000,3638.0,38122,602416,1390990820.0,3639.0,6,3638.0,25
rb1805,20171017,20171016,210439500,3638.0,38138,602416,1391572900.0,3639.0,6,3638.0,22
rb1805,20171017,20171016,210440000,3638.0,38138,602416,1391572900.0,3639.0,22,3638.0,24
rb1805,20171017,20171016,210440500,3638.0,38176,602418,1392955500.0,3639.0,32,3638.0,12
rb1805,20171017,20171016,210441000,3639.0,38186,602420,1393319400.0,3639.0,28,3638.0,13
rb1805,20171017,20171016,210441500,3639.0,38220,602402,1394556340.0,3639.0,32,3638.0,1
rb1805,20171017,20171016,210442000,3638.0,38234,602398,1395065660.0,3639.0,31,3637.0,233
rb1805,20171017,20171016,210442500,3638.0,38238,602398,1395211180.0,3639.0,31,3637.0,232
rb1805,20171017,20171016,210443000,3638.0,38238,602398,1395211180.0,3638.0,5,3637.0,232
rb1805,20171017,20171016,210443500,3638.0,38254,602396,1395793240.0,3638.0,7,3637.0,231
rb1805,20171017,20171016,210444000,3638.0,38292,602376,1397175640.0,3639.0,95,3638.0,42
rb1805,20171017,20171016,210444500,3639.0,38308,602362,1397757760.0,3639.0,81,3638.0,36
rb1805,20171017,20171016,210445000,3638.0,38416,602342,1401687680.0,3639.0,44,3638.0,29
rb1805,20171017,20171016,210445500,3638.0,38728,602486,1413037780.0,3638.0,16,3637.0,120
rb1805,20171017,20171016,210446000,3637.0,38936,602472,1420603180.0,3639.0,44,3637.0,48
rb1805,20171017,20171016,210446500,3637.0,39044,602538,1424531140.0,3637.0,4,3636.0,82
rb1805,20171017,20171016,210447000,3637.0,39056,602546,1424967580.0,3638.0,37,3636.0,82
rb1805,20171017,20171016,210447500,3636.0,39060,602548,1425113040.0,3637.0,6,3636.0,82
rb1805,20171017,20171016,210448000,3637.0,39068,602554,1425403980.0,3637.0,17,3636.0,81
rb1805,20171017,20171016,210448500,3637.0,39078,602558,1425767600.0,3637.0,37,3636.0,78
rb1805,20171017,20171016,210449000,3636.0,39222,602586,1431003460.0,3637.0,67,3636.0,8
rb1805,20171017,20171016,210449500,3636.0,39344,602648,1435438360.0,3636.0,54,3635.0,149
rb1805,20171017,20171016,210450000,3635.0,39470,602668,1440018480.0,3636.0,51,3635.0,87
rb1805,20171017,20171016,210450500,3635.0,39506,602670,1441327200.0,3636.0,46,3635.0,78
rb1805,20171017,20171016,210451000,3635.0,39534,602658,1442345020.0,3636.0,21,3635.0,65
rb1805,20171017,20171016,210451500,3635.0,39570,602680,1443653940.0,3636.0,30,3635.0,65
rb1805,20171017,20171016,210452000,3636.0,39586,602690,1444235660.0,3636.0,26,3635.0,63
rb1805,20171017,20171016,210452500,3635.0,39600,602698,1444744600.0,3636.0,2,3635.0,58
rb1805,20171017,20171016,210453000,3636.0,39616,602702,1445326260.0,3636.0,24,3635.0,57
rb1805,20171017,20171016,210453500,3636.0,39644,602702,1446344300.0,3637.0,31,3636.0,10
rb1805,20171017,20171016,210454000,3635.0,39752,602698,1450270640.0,3637.0,52,3636.0,60
rb1805,20171017,20171016,210454500,3636.0,39784,602688,1451434200.0,3637.0,50,3636.0,47
rb1805,20171017,20171016,210455000,3636.0,39788,602688,1451579640.0,3637.0,49,3636.0,93
rb1805,20171017,20171016,210455500,3637.0,39808,602692,1452306960.0,3637.0,42,3636.0,99
rb1805,20171017,20171016,210456000,3637.0,39916,602742,1456234920.0,3638.0,21,3637.0,95
rb1805,20171017,20171016,210456500,3637.0,39956,602734,1457689920.0,3638.0,38,3637.0,89
rb1805,20171017,20171016,210457000,3637.0,39962,602734,1457908140.0,3638.0,38,3637.0,79
rb1805,20171017,20171016,210457500,3637.0,40056,602720,1461326800.0,3637.0,36,3636.0,109
rb1805,20171017,20171016,210458000,3636.0,40098,602696,1462853940.0,3637.0,44,3636.0,112
rb1805,20171017,20171016,210458500,3637.0,40120,602692,1463654060.0,3637.0,33,3636.0,111
rb1805,20171017,20171016,210459000,3637.0,40126,602692,1463872240.0,3637.0,32,3636.0,112
rb1805,20171017,20171016,210459500,3637.0,40292,602662,1469908680.0,3637.0,13,3636.0,55
rb1805,20171017,20171016,210500000,3636.0,40298,602656,1470126860.0,3637.0,26,3636.0,53
rb1805,20171017,20171016,210500500,3636.0,40464,602636,1476162860.0,3636.0,20,3635.0,33
rb1805,20171017,20171016,210501000,3635.0,40538,602654,1478852800.0,3635.0,6,3634.0,49
rb1805,20171017,20171016,210501500,3634.0,40572,602642,1480088700.0,3635.0,5,3634.0,58
rb1805,20171017,20171016,210502000,3634.0,40742,602604,1486266780.0,3634.0,26,3633.0,334
rb1805,20171017,20171016,210502500,3635.0,40826,602592,1489319380.0,3636.0,11,3634.0,21
rb1805,20171017,20171016,210503000,3636.0,40836,602596,1489682920.0,3636.0,11,3634.0,49
rb1805,20171017,20171016,210503500,3634.0,40852,602598,1490264400.0,3636.0,11,3634.0,130
rb1805,20171017,20171016,210504000,3634.0,40854,602596,1490337080.0,3636.0,11,3635.0,33
rb1805,20171017,20171016,210504500,3636.0,40866,602606,1490773400.0,3636.0,6,3635.0,36
rb1805,20171017,20171016,210505000,3636.0,40902,602604,1492082360.0,3636.0,3,3635.0,98
rb1805,20171017,20171016,210505500,3636.0,40924,602620,1492882280.0,3637.0,14,3636.0,9
rb1805,20171017,20171016,210506000,3636.0,41032,602616,1496809020.0,3637.0,14,3636.0,2
rb1805,20171017,20171016,210506500,3636.0,41046,602622,1497318060.0,3637.0,24,3636.0,31
rb1805,20171017,20171016,210507000,3636.0,41068,602628,1498118160.0,3637.0,40,3636.0,60
rb1805,20171017,20171016,210507500,3637.0,41074,602632,1498336340.0,3637.0,49,3636.0,78
rb1805,20171017,20171016,210508000,3637.0,41316,602724,1507136660.0,3638.0,43,3637.0,40
rb1805,20171017,20171016,210508500,3636.0,41472,602836,1512810040.0,3637.0,75,3636.0,8
rb1805,20171017,20171016,210509000,3635.0,41556,602848,1515864400.0,3636.0,14,3635.0,142
rb1805,20171017,20171016,210509500,3637.0,41632,602884,1518627900.0,3637.0,21,3636.0,4
rb1805,20171017,20171016,210510000,3637.0,41654,602894,1519428020.0,3637.0,3,3636.0,41
rb1805,20171017,20171016,210510500,3637.0,41686,602922,1520591860.0,3638.0,45,3637.0,2
rb1805,20171017,20171016,210511000,3637.0,41716,602916,1521683160.0,3637.0,1,3636.0,47
rb1805,20171017,20171016,210511500,3637.0,41934,602902,1529611400.0,3638.0,46,3637.0,6
rb1805,20171017,20171016,210512000,3637.0,41994,602880,1531793560.0,3638.0,37,3637.0,45
rb1805,20171017,20171016,210512500,3637.0,42012,602892,1532448260.0,3638.0,35,3637.0,94
rb1805,20171017,20171016,210513000,3637.0,42018,602896,1532666500.0,3638.0,36,3637.0,103
rb1805,20171017,20171016,210513500,3638.0,42030,602894,1533102980.0,3638.0,33,3637.0,101
rb1805,20171017,20171016,210514000,3638.0,42158,602818,1537759620.0,3639.0,50,3638.0,13
rb1805,20171017,20171016,210514500,3638.0,42166,602816,1538050660.0,3639.0,50,3638.0,35
rb1805,20171017,20171016,210515000,3638.0,42170,602812,1538196180.0,3639.0,65,3638.0,50
rb1805,20171017,20171016,210515500,3639.0,42172,602812,1538268960.0,3639.0,65,3638.0,50
rb1805,20171017,20171016,210516000,3639.0,42188,602802,1538851100.0,3639.0,62,3638.0,48
rb1805,20171017,20171016,210516500,3639.0,42206,602806,1539505980.0,3639.0,59,3638.0,43
rb1805,20171017,20171016,210517000,3638.0,42208,602806,1539578740.0,3639.0,59,3638.0,42
rb1805,20171017,20171016,210517500,3638.0,42208,602806,1539578740.0,3639.0,59,3638.0,48
rb1805,20171017,20171016,210518000,3639.0,42250,602824,1541107120.0,3639.0,39,3638.0,45
rb1805,20171017,20171016,210518500,3639.0,42280,602802,1542198760.0,3639.0,30,3638.0,44
rb1805,20171017,20171016,210519000,3638.0,42308,602790,1543217660.0,3639.0,18,3638.0,49
rb1805,20171017,20171016,210519500,3639.0,42318,602780,1543581560.0,3639.0,13,3638.0,54
rb1805,20171017,20171016,210520000,3639.0,42344,602764,1544527700.0,3640.0,184,3639.0,12
rb1805,20171017,20171016,210520500,3639.0,42416,602750,1547147360.0,3639.0,32,3638.0,29
rb1805,20171017,20171016,210521000,3639.0,42434,602762,1547802320.0,3639.0,51,3638.0,23
rb1805,20171017,20171016,210521500,3639.0,42514,602730,1550713460.0,3639.0,14,3638.0,25
rb1805,20171017,20171016,210522000,3639.0,42622,602624,1554643580.0,3639.0,16,3638.0,38
rb1805,20171017,20171016,210522500,3639.0,42660,602626,1556026400.0,3640.0,156,3639.0,98
rb1805,20171017,20171016,210523000,3639.0,42682,602630,1556826980.0,3640.0,151,3639.0,91
rb1805,20171017,20171016,210523500,3639.0,42686,602634,1556972540.0,3640.0,153,3639.0,104
rb1805,20171017,20171016,210524000,3639.0,42844,602694,1562722040.0,3639.0,32,3638.0,53
rb1805,20171017,20171016,210524500,3639.0,42928,602666,1565778800.0,3640.0,160,3639.0,36
rb1805,20171017,20171016,210525000,3639.0,42930,602666,1565851580.0,3640.0,166,3639.0,49
rb1805,20171017,20171016,210525500,3639.0,43078,602786,1571238760.0,3640.0,98,3639.0,22
rb1805,20171017,20171016,210526000,3639.0,43078,602786,1571238760.0,3640.0,98,3639.0,26
rb1805,20171017,20171016,210526500,3640.0,43196,602884,1575533920.0,3640.0,53,3639.0,6
rb1805,20171017,20171016,210527000,3638.0,43244,602884,1577280580.0,3640.0,44,3639.0,7
rb1805,20171017,20171016,210527500,3639.0,43266,602888,1578081120.0,3640.0,43,3639.0,1
rb1805,20171017,20171016,210528000,3640.0,43352,602938,1581211520.0,3641.0,98,3640.0,12
rb1805,20171017,20171016,210528500,3640.0,43356,602940,1581357120.0,3641.0,107,3640.0,10
rb1805,20171017,20171016,210529000,3640.0,43378,602958,1582157920.0,3641.0,108,3639.0,58
rb1805,20171017,20171016,210529500,3640.0,43392,602962,1582667620.0,3640.0,1,3639.0,59
rb1805,20171017,20171016,210530000,3640.0,43404,602970,1583104420.0,3640.0,141,3639.0,60
rb1805,20171017,20171016,210530500,3639.0,43418,602970,1583613900.0,3640.0,168,3639.0,47
rb1805,20171017,20171016,210531000,3640.0,43442,602994,1584487480.0,3640.0,159,3639.0,46
rb1805,20171017,20171016,210531500,3640.0,43498,603034,1586525700.0,3640.0,150,3639.0,37
rb1805,20171017,20171016,210532000,3640.0,43518,603054,1587253700.0,3640.0,142,3639.0,38
rb1805,20171017,20171016,210532500,3640.0,43562,603084,1588855080.0,3640.0,131,3639.0,27
rb1805,20171017,20171016,210533000,3639.0,43660,603064,1592421120.0,3639.0,27,3638.0,33
rb1805,20171017,20171016,210533500,3639.0,43672,603064,1592857800.0,3639.0,63,3638.0,33
rb1805,20171017,20171016,210534000,3639.0,43684,603064,1593294480.0,3639.0,73,3638.0,28
rb1805,20171017,20171016,210534500,3639.0,43686,603064,1593367260.0,3639.0,94,3638.0,28
rb1805,20171017,20171016,210535000,3638.0,43746,603062,1595550060.0,3638.0,37,3637.0,329
rb1805,20171017,20171016,210535500,3638.0,43794,603020,1597296740.0,3638.0,50,3637.0,331
rb1805,20171017,20171016,210536000,3638.0,43798,603024,1597442260.0,3638.0,63,3637.0,332
rb1805,20171017,20171016,210536500,3638.0,43812,603030,1597951580.0,3638.0,56,3637.0,330
rb1805,20171017,20171016,210537000,3637.0,43874,603052,1600206820.0,3638.0,42,3637.0,314
rb1805,20171017,20171016,210537500,3637.0,43912,603076,1601589040.0,3638.0,34,3637.0,303
rb1805,20171017,20171016,210538000,3637.0,43912,603076,1601589040.0,3638.0,50,3637.0,306
rb1805,20171017,20171016,210538500,3637.0,43912,603076,1601589040.0,3638.0,55,3637.0,307
rb1805,20171017,20171016,210539000,3638.0,43952,603072,1603044240.0,3638.0,35,3637.0,307
rb1805,20171017,20171016,210539500,3638.0,43962,603070,1603408040.0,3638.0,31,3637.0,307
rb1805,20171017,20171016,210540000,3638.0,43974,603070,1603844580.0,3638.0,34,3637.0,306
rb1805,20171017,20171016,210540500,3638.0,43992,603052,1604499420.0,3638.0,47,3637.0,347
rb1805,20171017,20171016,210541000,3638.0,44088,603100,1607991900.0,3639.0,60,3638.0,120
rb1805,20171017,20171016,210541500,3638.0,44090,603102,1608064660.0,3639.0,60,3638.0,59
rb1805,20171017,20171016,210542000,3638.0,44094,603104,1608210180.0,3639.0,60,3638.0,60
rb1805,20171017,20171016,210542500,3638.0,44118,603106,1609083320.0,3639.0,60,3638.0,50
rb1805,20171017,20171016,210543000,3638.0,44186,603052,1611557740.0,3639.0,31,3638.0,47
rb1805,20171017,20171016,210543500,3638.0,44218,603046,1612722120.0,3639.0,28,3638.0,53
rb1805,20171017,20171016,210544000,3638.0,44264,603062,1614396020.0,3639.0,7,3638.0,56
rb1805,20171017,20171016,210544500,3638.0,44276,603072,1614832600.0,3639.0,15,3638.0,52
rb1805,20171017,20171016,210545000,3638.0,44424,603176,1620216560.0,3638.0,3,3637.0,328
rb1805,20171017,20171016,210545500,3637.0,44710,603276,1630618400.0,3638.0,85,3637.0,186
rb1805,20171017,20171016,210546000,3637.0,45110,603518,1645166240.0,3637.0,2,3636.0,50
rb1805,20171017,20171016,210546500,3637.0,45118,603516,1645457180.0,3637.0,22,3636.0,44
rb1805,20171017,20171016,210547000,3636.0,45122,603514,1645602620.0,3637.0,32,3636.0,42
rb1805,20171017,20171016,210547500,3636.0,45168,603518,1647275180.0,3637.0,37,3636.0,19
rb1805,20171017,20171016,210548000,3638.0,45558,603762,1661461980.0,3639.0,40,3638.0,329
rb1805,20171017,20171016,210548500,3638.0,45856,603962,1672303260.0,3639.0,51,3638.0,205
rb1805,20171017,20171016,210549000,3638.0,45912,603996,1674340560.0,3639.0,74,3638.0,178
rb1805,20171017,20171016,210549500,3638.0,45920,604000,1674631600.0,3639.0,48,3638.0,174
rb1805,20171017,20171016,210550000,3638.0,45960,604028,1676086800.0,3639.0,52,3638.0,176
rb1805,20171017,20171016,210550500,3638.0,46216,604130,1685400100.0,3639.0,82,3638.0,41
rb1805,20171017,20171016,210551000,3636.0,46308,604088,1688746940.0,3637.0,59,3636.0,3
rb1805,20171017,20171016,210551500,3637.0,46430,604086,1693184080.0,3638.0,18,3637.0,1
rb1805,20171017,20171016,210552000,3636.0,46444,604088,1693693220.0,3638.0,20,3636.0,17
rb1805,20171017,20171016,210552500,3636.0,46518,604120,1696385080.0,3639.0,76,3638.0,1
rb1805,20171017,20171016,210553000,3636.0,46526,604122,1696676000.0,3638.0,3,3636.0,21
rb1805,20171017,20171016,210553500,3637.0,46536,604120,1697039680.0,3638.0,22,3636.0,35
rb1805,20171017,20171016,210554000,3637.0,46536,604120,1697039680.0,3638.0,41,3636.0,40
rb1805,20171017,20171016,210554500,3636.0,46546,604120,1697403280.0,3637.0,1,3636.0,37
rb1805,20171017,20171016,210555000,3637.0,46554,604122,1697694280.0,3638.0,60,3636.0,41
rb1805,20171017,20171016,210555500,3638.0,46556,604120,1697767040.0,3638.0,63,3637.0,1
rb1805,20171017,20171016,210556000,3638.0,46570,604114,1698276180.0,3638.0,58,3636.0,39
rb1805,20171017,20171016,210556500,3637.0,46580,604114,1698639920.0,3638.0,54,3637.0,25
rb1805,20171017,20171016,210557000,3637.0,46664,604088,1701695000.0,3638.0,54,3637.0,9
rb1805,20171017,20171016,210557500,3638.0,46778,604146,1705842320.0,3639.0,62,3638.0,5
rb1805,20171017,20171016,210558000,3638.0,46800,604140,1706642680.0,3639.0,63,3638.0,10
rb1805,20171017,20171016,210558500,3638.0,46808,604148,1706933720.0,3639.0,63,3638.0,77
rb1805,20171017,20171016,210559000,3638.0,46842,604160,1708170640.0,3639.0,64,3638.0,69
rb1805,20171017,20171016,210559500,3638.0,46860,604160,1708825480.0,3639.0,64,3638.0,62
rb1805,20171017,20171016,210600000,3639.0,46918,604106,1710935540.0,3639.0,75,3638.0,35
rb1805,20171017,20171016,210600500,3638.0,46924,604106,1711153820.0,3639.0,72,3638.0,32
rb1805,20171017,20171016,210601000,3639.0,47036,604094,1715228740.0,3639.0,67,3637.0,44
rb1805,20171017,20171016,210601500,3637.0,47042,604100,1715446960.0,3638.0,34,3637.0,55
rb1805,20171017,20171016,210602000,3637.0,47052,604096,1715810660.0,3638.0,41,3637.0,51
rb1805,20171017,20171016,210602500,3637.0,47052,604096,1715810660.0,3638.0,43,3637.0,47
rb1805,20171017,20171016,210603000,3637.0,47118,604094,1718211080.0,3638.0,53,3637.0,14
rb1805,20171017,20171016,210603500,3638.0,47142,604098,1719084000.0,3638.0,52,3637.0,4
rb1805,20171017,20171016,210604000,3637.0,47164,604110,1719884260.0,3637.0,8,3636.0,49
rb1805,20171017,20171016,210604500,3637.0,47196,604100,1721048100.0,3638.0,46,3637.0,5
rb1805,20171017,20171016,210605000,3637.0,47198,604100,1721120840.0,3638.0,49,3637.0,13
rb1805,20171017,20171016,210605500,3636.0,47276,604104,1723958080.0,3637.0,12,3636.0,58
rb1805,20171017,20171016,210606000,3637.0,47344,604088,1726431640.0,3638.0,5,3637.0,120
rb1805,20171017,20171016,210606500,3637.0,47366,604106,1727231820.0,3638.0,7,3637.0,86
rb1805,20171017,20171016,210607000,3637.0,47414,604094,1728977580.0,3638.0,8,3637.0,60
rb1805,20171017,20171016,210607500,3636.0,47568,603978,1734578120.0,3637.0,18,3636.0,42
rb1805,20171017,20171016,210608000,3637.0,47570,603976,1734650860.0,3637.0,11,3636.0,42
rb1805,20171017,20171016,210608500,3636.0,47572,603976,1734723580.0,3637.0,11,3636.0,41
rb1805,20171017,20171016,210609000,3637.0,47586,603966,1735232760.0,3637.0,26,3636.0,37
rb1805,20171017,20171016,210609500,3636.0,47592,603968,1735450940.0,3637.0,36,3636.0,35
rb1805,20171017,20171016,210610000,3637.0,47608,603970,1736032840.0,3637.0,30,3636.0,33
rb1805,20171017,20171016,210610500,3637.0,47618,603976,1736396480.0,3637.0,25,3636.0,52
rb1805,20171017,20171016,210611000,3636.0,47624,603972,1736614680.0,3637.0,23,3636.0,57
rb1805,20171017,20171016,210611500,3636.0,47628,603970,1736760120.0,3637.0,25,3636.0,56
rb1805,20171017,20171016,210612000,3637.0,47642,603964,1737269260.0,3637.0,23,3636.0,55
rb1805,20171017,20171016,210612500,3637.0,47692,603952,1739087700.0,3637.0,1,3636.0,54
rb1805,20171017,20171016,210613000,3637.0,47842,603870,1744543200.0,3637.0,27,3636.0,55
rb1805,20171017,20171016,210613500,3635.0,48004,603788,1750434400.0,3637.0,1,3636.0,5
rb1805,20171017,20171016,210614000,3637.0,48018,603792,1750943560.0,3638.0,24,3637.0,27
rb1805,20171017,20171016,210614500,3637.0,48064,603832,1752616600.0,3638.0,28,3637.0,18
rb1805,20171017,20171016,210615000,3638.0,48104,603816,1754071800.0,3638.0,8,3637.0,25
rb1805,20171017,20171016,210615500,3637.0,48144,603812,1755526680.0,3638.0,1,3637.0,27
rb1805,20171017,20171016,210616000,3637.0,48190,603806,1757199720.0,3639.0,55,3637.0,28
rb1805,20171017,20171016,210616500,3637.0,48202,603796,1757636160.0,3638.0,3,3637.0,22
rb1805,20171017,20171016,210617000,3637.0,48236,603792,1758872920.0,3638.0,1,3637.0,21
rb1805,20171017,20171016,210617500,3637.0,48238,603792,1758945660.0,3638.0,1,3637.0,39
rb1805,20171017,20171016,210618000,3637.0,48264,603772,1759891300.0,3638.0,24,3637.0,11
rb1805,20171017,20171016,210618500,3637.0,48286,603772,1760691440.0,3638.0,25,3636.0,117
rb1805,20171017,20171016,210619000,3637.0,48298,603772,1761127880.0,3637.0,4,3636.0,118
rb1805,20171017,20171016,210619500,3637.0,48324,603780,1762073500.0,3638.0,27,3637.0,36
rb1805,20171017,20171016,210620000,3637.0,48326,603780,1762146240.0,3638.0,27,3637.0,30
rb1805,20171017,20171016,210620500,3637.0,48334,603774,1762437200.0,3638.0,23,3637.0,51
rb1805,20171017,20171016,210621000,3638.0,48398,603814,1764765540.0,3639.0,56,3638.0,18
rb1805,20171017,20171016,210621500,3638.0,48410,603826,1765202100.0,3639.0,56,3638.0,17
rb1805,20171017,20171016,210622000,3638.0,48446,603828,1766511780.0,3639.0,59,3637.0,68
rb1805,20171017,20171016,210622500,3637.0,48468,603828,1767311920.0,3638.0,6,3637.0,57
rb1805,20171017,20171016,210623000,3639.0,48514,603832,1768985540.0,3639.0,55,3638.0,37
rb1805,20171017,20171016,210623500,3638.0,48548,603824,1770222460.0,3639.0,55,3638.0,9
rb1805,20171017,20171016,210624000,3638.0,48592,603818,1771823580.0,3639.0,40,3638.0,33
rb1805,20171017,20171016,210624500,3637.0,48672,603796,1774733840.0,3639.0,40,3638.0,5
rb1805,20171017,20171016,210625000,3638.0,48716,603796,1776334760.0,3639.0,35,3638.0,32
rb1805,20171017,20171016,210625500,3638.0,48722,603792,1776553080.0,3639.0,31,3638.0,64
rb1805,20171017,20171016,210626000,3639.0,48734,603792,1776989700.0,3639.0,28,3638.0,74
rb1805,20171017,20171016,210626500,3639.0,48742,603786,1777280820.0,3639.0,25,3638.0,74
rb1805,20171017,20171016,210627000,3639.0,48752,603782,1777644720.0,3639.0,20,3638.0,78
rb1805,20171017,20171016,210627500,3639.0,48794,603758,1779173100.0,3640.0,72,3639.0,46
rb1805,20171017,20171016,210628000,3639.0,48856,603720,1781429280.0,3640.0,74,3639.0,13
rb1805,20171017,20171016,210628500,3639.0,48886,603742,1782521080.0,3640.0,79,3639.0,15
rb1805,20171017,20171016,210629000,3639.0,48892,603744,1782739420.0,3640.0,77,3639.0,15
rb1805,20171017,20171016,210629500,3639.0,48898,603742,1782957780.0,3640.0,74,3639.0,60
rb1805,20171017,20171016,210630000,3639.0,48902,603746,1783103340.0,3640.0,73,3639.0,118
rb1805,20171017,20171016,210630500,3640.0,49024,603786,1787544140.0,3640.0,12,3639.0,62
rb1805,20171017,20171016,210631000,3640.0,49064,603778,1789000180.0,3641.0,82,3640.0,12
rb1805,20171017,20171016,210631500,3640.0,49140,603782,1791766380.0,3640.0,22,3639.0,50
rb1805,20171017,20171016,210632000,3639.0,49174,603784,1793003640.0,3640.0,22,3639.0,37
rb1805,20171017,20171016,210632500,3640.0,49178,603784,1793149240.0,3640.0,21,3639.0,28
rb1805,20171017,20171016,210633000,3640.0,49198,603796,1793877080.0,3640.0,29,3639.0,20
rb1805,20171017,20171016,210633500,3639.0,49214,603796,1794459400.0,3640.0,22,3639.0,16
rb1805,20171017,20171016,210634000,3639.0,49234,603798,1795187360.0,3640.0,14,3639.0,11
rb1805,20171017,20171016,210634500,3640.0,49256,603788,1795988160.0,3640.0,8,3639.0,13
rb1805,20171017,20171016,210635000,3640.0,49266,603792,1796352160.0,3640.0,11,3639.0,12
rb1805,20171017,20171016,210635500,3640.0,49322,603798,1798390160.0,3641.0,96,3640.0,45
rb1805,20171017,20171016,210636000,3640.0,49612,603642,1808944200.0,3640.0,7,3638.0,5
rb1805,20171017,20171016,210636500,3640.0,49704,603662,1812293000.0,3640.0,25,3639.0,3
rb1805,20171017,20171016,210637000,3640.0,49718,603662,1812802560.0,3640.0,95,3638.0,26
rb1805,20171017,20171016,210637500,3638.0,49720,603662,1812875320.0,3640.0,105,3638.0,26
rb1805,20171017,20171016,210638000,3640.0,49772,603622,1814768120.0,3640.0,92,3638.0,18
rb1805,20171017,20171016,210638500,3640.0,49794,603614,1815568920.0,3639.0,20,3638.0,21
rb1805,20171017,20171016,210639000,3638.0,49830,603620,1816878900.0,3639.0,18,3638.0,90
rb1805,20171017,20171016,210639500,3639.0,49872,603604,1818407280.0,3639.0,23,3638.0,89
rb1805,20171017,20171016,210640000,3639.0,49912,603564,1819862880.0,3639.0,3,3638.0,83
rb1805,20171017,20171016,210640500,3639.0,49918,603558,1820081220.0,3639.0,12,3638.0,23
rb1805,20171017,20171016,210641000,3639.0,49940,603556,1820881800.0,3639.0,40,3638.0,11
rb1805,20171017,20171016,210641500,3638.0,49968,603566,1821900460.0,3638.0,9,3637.0,72
rb1805,20171017,20171016,210642000,3638.0,50002,603554,1823137300.0,3638.0,7,3637.0,69
rb1805,20171017,20171016,210642500,3638.0,50010,603548,1823428340.0,3638.0,5,3637.0,69
rb1805,20171017,20171016,210643000,3638.0,50036,603544,1824374220.0,3638.0,20,3637.0,72
rb1805,20171017,20171016,210643500,3639.0,50098,603596,1826629800.0,3639.0,58,3638.0,42
rb1805,20171017,20171016,210644000,3638.0,50110,603596,1827066360.0,3639.0,60,3638.0,38
rb1805,20171017,20171016,210644500,3639.0,50114,603596,1827211900.0,3639.0,41,3638.0,38
rb1805,20171017,20171016,210645000,3638.0,50140,603616,1828157780.0,3639.0,43,3638.0,31
rb1805,20171017,20171016,210645500,3638.0,50142,603618,1828230540.0,3639.0,44,3638.0,32
rb1805,20171017,20171016,210646000,3639.0,50146,603618,1828376100.0,3639.0,42,3638.0,34
rb1805,20171017,20171016,210646500,3639.0,50156,603608,1828740000.0,3639.0,46,3638.0,47
rb1805,20171017,20171016,210647000,3638.0,50166,603612,1829103800.0,3639.0,48,3638.0,44
rb1805,20171017,20171016,210647500,3638.0,50190,603592,1829977140.0,3639.0,37,3638.0,45
rb1805,20171017,20171016,210648000,3639.0,50204,603596,1830486560.0,3639.0,33,3638.0,46
rb1805,20171017,20171016,210648500,3638.0,50268,603596,1832815500.0,3639.0,10,3638.0,45
rb1805,20171017,20171016,210649000,3639.0,50274,603598,1833033820.0,3639.0,17,3638.0,45
rb1805,20171017,20171016,210649500,3639.0,50286,603608,1833470500.0,3639.0,12,3638.0,50
rb1805,20171017,20171016,210650000,3639.0,50286,603608,1833470500.0,3639.0,20,3638.0,50
rb1805,20171017,20171016,210650500,3638.0,50310,603632,1834343640.0,3639.0,20,3638.0,41
rb1805,20171017,20171016,210651000,3638.0,50366,603648,1836380920.0,3639.0,37,3638.0,13
rb1805,20171017,20171016,210651500,3638.0,50366,603648,1836380920.0,3639.0,38,3638.0,14
rb1805,20171017,20171016,210652000,3638.0,50374,603648,1836672000.0,3639.0,53,3638.0,12
rb1805,20171017,20171016,210652500,3639.0,50380,603650,1836890340.0,3639.0,40,3638.0,15
rb1805,20171017,20171016,210653000,3639.0,50428,603636,1838636800.0,3639.0,27,3638.0,17
rb1805,20171017,20171016,210653500,3639.0,50434,603630,1838855140.0,3639.0,24,3638.0,19
rb1805,20171017,20171016,210654000,3639.0,50454,603624,1839582940.0,3639.0,14,3638.0,26
rb1805,20171017,20171016,210654500,3639.0,50484,603630,1840674640.0,3640.0,146,3639.0,6
rb1805,20171017,20171016,210655000,3640.0,50596,603628,1844751200.0,3640.0,104,3638.0,28
rb1805,20171017,20171016,210655500,3640.0,50600,603630,1844896800.0,3640.0,85,3638.0,28
rb1805,20171017,20171016,210656000,3640.0,50600,603630,1844896800.0,3639.0,3,3638.0,31
rb1805,20171017,20171016,210656500,3638.0,50602,603628,1844969560.0,3639.0,4,3638.0,44
rb1805,20171017,20171016,210657000,3639.0,50608,603632,1845187900.0,3639.0,2,3638.0,62
rb1805,20171017,20171016,210657500,3639.0,50608,603632,1845187900.0,3639.0,2,3638.0,64
rb1805,20171017,20171016,210658000,3639.0,50608,603632,1845187900.0,3639.0,22,3638.0,64
rb1805,20171017,20171016,210658500,3639.0,50616,603634,1845479020.0,3639.0,18,3638.0,58
rb1805,20171017,20171016,210659000,3638.0,50638,603640,1846279540.0,3639.0,12,3638.0,55
rb1805,20171017,20171016,210659500,3639.0,50660,603656,1847080120.0,3639.0,5,3638.0,51
rb1805,20171017,20171016,210700000,3639.0,50674,603668,1847589540.0,3639.0,8,3638.0,73
rb1805,20171017,20171016,210700500,3639.0,50716,603680,1849117720.0,3639.0,9,3638.0,64
rb1805,20171017,20171016,210701000,3639.0,50738,603682,1849918300.0,3640.0,81,3639.0,35
rb1805,20171017,20171016,210701500,3638.0,50918,603610,1856467420.0,3639.0,97,3638.0,6
rb1805,20171017,20171016,210702000,3638.0,50918,603610,1856467420.0,3639.0,72,3638.0,6
rb1805,20171017,20171016,210702500,3639.0,51000,603552,1859451360.0,3639.0,30,3638.0,4
rb1805,20171017,20171016,210703000,3639.0,51000,603552,1859451360.0,3639.0,32,3638.0,26
rb1805,20171017,20171016,210703500,3639.0,51002,603550,1859524140.0,3639.0,42,3638.0,35
rb1805,20171017,20171016,210704000,3638.0,51022,603548,1860251900.0,3639.0,19,3638.0,46
rb1805,20171017,20171016,210704500,3639.0,51036,603536,1860761360.0,3639.0,13,3638.0,47
rb1805,20171017,20171016,210705000,3639.0,51064,603544,1861780280.0,3640.0,89,3639.0,20
rb1805,20171017,20171016,210705500,3639.0,51084,603544,1862508080.0,3640.0,90,3639.0,17
rb1805,20171017,20171016,210706000,3639.0,51092,603546,1862799200.0,3640.0,90,3639.0,13
rb1805,20171017,20171016,210706500,3638.0,51242,603498,1868256540.0,3640.0,92,3639.0,3
rb1805,20171017,20171016,210707000,3639.0,51248,603498,1868474880.0,3639.0,12,3638.0,2
rb1805,20171017,20171016,210707500,3639.0,51254,603498,1868693220.0,3639.0,13,3638.0,21
rb1805,20171017,20171016,210708000,3639.0,51254,603498,1868693220.0,3639.0,14,3638.0,24
rb1805,20171017,20171016,210708500,3638.0,51256,603496,1868765980.0,3639.0,15,3638.0,27
rb1805,20171017,20171016,210709000,3639.0,51288,603518,1869930460.0,3639.0,2,3638.0,27
rb1805,20171017,20171016,210709500,3639.0,51306,603522,1870585480.0,3640.0,96,3639.0,10
rb1805,20171017,20171016,210710000,3640.0,51308,603522,1870658280.0,3640.0,95,3639.0,27
rb1805,20171017,20171016,210710500,3640.0,51308,603522,1870658280.0,3640.0,110,3639.0,61
rb1805,20171017,20171016,210711000,3640.0,51430,603628,1875099060.0,3640.0,50,3639.0,62
rb1805,20171017,20171016,210711500,3640.0,51542,603712,1879175860.0,3641.0,147,3640.0,54
rb1805,20171017,20171016,210712000,3640.0,51596,603750,1881141560.0,3641.0,142,3640.0,43
rb1805,20171017,20171016,210712500,3640.0,51596,603750,1881141560.0,3641.0,142,3640.0,51
rb1805,20171017,20171016,210713000,3640.0,51632,603770,1882451980.0,3641.0,141,3640.0,34
rb1805,20171017,20171016,210713500,3640.0,51700,603818,1884927180.0,3640.0,105,3639.0,66
rb1805,20171017,20171016,210714000,3638.0,51844,603780,1890167180.0,3640.0,109,3639.0,3
rb1805,20171017,20171016,210714500,3639.0,51850,603784,1890385520.0,3639.0,3,3638.0,33
rb1805,20171017,20171016,210715000,3639.0,51862,603778,1890822100.0,3639.0,14,3638.0,30
rb1805,20171017,20171016,210715500,3639.0,51874,603788,1891258780.0,3639.0,21,3638.0,27
rb1805,20171017,20171016,210716000,3639.0,51880,603794,1891477080.0,3639.0,24,3638.0,23
rb1805,20171017,20171016,210716500,3638.0,51894,603804,1891986500.0,3639.0,28,3638.0,25
rb1805,20171017,20171016,210717000,3638.0,51894,603804,1891986500.0,3639.0,24,3638.0,24
rb1805,20171017,20171016,210717500,3639.0,51896,603806,1892059280.0,3639.0,23,3638.0,24
rb1805,20171017,20171016,210718000,3639.0,51896,603806,1892059280.0,3639.0,28,3638.0,24
rb1805,20171017,20171016,210718500,3638.0,51902,603806,1892277600.0,3639.0,26,3638.0,23
rb1805,20171017,20171016,210719000,3639.0,51930,603814,1893296520.0,3639.0,33,3638.0,23
rb1805,20171017,20171016,210719500,3638.0,51946,603812,1893878600.0,3639.0,37,3638.0,15
rb1805,20171017,20171016,210720000,3638.0,51952,603806,1894096880.0,3639.0,35,3638.0,13
rb1805,20171017,20171016,210720500,3638.0,51976,603798,1894970020.0,3639.0,36,3638.0,4
rb1805,20171017,20171016,210721000,3638.0,51976,603798,1894970020.0,3639.0,36,3638.0,22
rb1805,20171017,20171016,210721500,3639.0,51998,603814,1895770580.0,3639.0,24,3638.0,30
rb1805,20171017,20171016,210722000,3639.0,52002,603814,1895916140.0,3639.0,21,3638.0,30
rb1805,20171017,20171016,210722500,3639.0,52038,603830,1897225960.0,3639.0,14,3638.0,19
rb1805,20171017,20171016,210723000,3639.0,52042,603830,1897371500.0,3639.0,13,3638.0,19
rb1805,20171017,20171016,210723500,3639.0,52042,603830,1897371500.0,3639.0,16,3638.0,19
rb1805,20171017,20171016,210724000,3639.0,52042,603830,1897371500.0,3639.0,22,3638.0,19
rb1805,20171017,20171016,210724500,3638.0,52046,603830,1897517040.0,3639.0,22,3638.0,24
rb1805,20171017,20171016,210725000,3638.0,52046,603830,1897517040.0,3639.0,21,3638.0,32
rb1805,20171017,20171016,210725500,3639.0,52052,603824,1897735380.0,3639.0,18,3638.0,32
rb1805,20171017,20171016,210726000,3638.0,52058,603828,1897953680.0,3639.0,16,3638.0,31
rb1805,20171017,20171016,210726500,3639.0,52062,603826,1898099240.0,3639.0,14,3638.0,34
rb1805,20171017,20171016,210727000,3639.0,52080,603816,1898754260.0,3639.0,5,3638.0,36
rb1805,20171017,20171016,210727500,3639.0,52090,603818,1899118160.0,3640.0,90,3639.0,2
rb1805,20171017,20171016,210728000,3639.0,52090,603818,1899118160.0,3640.0,91,3639.0,7
rb1805,20171017,20171016,210728500,3639.0,52090,603818,1899118160.0,3640.0,91,3639.0,9
rb1805,20171017,20171016,210729000,3640.0,52278,603878,1905961360.0,3641.0,144,3640.0,53
rb1805,20171017,20171016,210729500,3640.0,52320,603918,1907490160.0,3641.0,144,3640.0,27
rb1805,20171017,20171016,210730000,3640.0,52324,603918,1907635760.0,3641.0,145,3640.0,28
rb1805,20171017,20171016,210730500,3640.0,52324,603918,1907635760.0,3641.0,146,3640.0,40
rb1805,20171017,20171016,210731000,3640.0,52334,603918,1907999760.0,3641.0,146,3640.0,38
rb1805,20171017,20171016,210731500,3641.0,52350,603904,1908582180.0,3641.0,145,3640.0,17
rb1805,20171017,20171016,210732000,3640.0,52362,603906,1909019060.0,3641.0,142,3640.0,7
rb1805,20171017,20171016,210732500,3641.0,52366,603904,1909164700.0,3641.0,140,3640.0,7
rb1805,20171017,20171016,210733000,3641.0,52394,603878,1910184160.0,3641.0,131,3640.0,9
rb1805,20171017,20171016,210733500,3641.0,52398,603880,1910329780.0,3641.0,130,3640.0,20
rb1805,20171017,20171016,210734000,3640.0,52454,603900,1912368120.0,3640.0,6,3639.0,18
rb1805,20171017,20171016,210734500,3641.0,52522,603858,1914843160.0,3641.0,116,3640.0,10
rb1805,20171017,20171016,210735000,3640.0,52526,603854,1914988760.0,3641.0,117,3640.0,13
rb1805,20171017,20171016,210735500,3641.0,52548,603876,1915789780.0,3641.0,104,3640.0,31
rb1805,20171017,20171016,210736000,3641.0,52592,603892,1917391560.0,3641.0,95,3640.0,17
rb1805,20171017,20171016,210736500,3641.0,52592,603892,1917391560.0,3641.0,95,3640.0,17
rb1805,20171017,20171016,210737000,3641.0,52626,603894,1918629240.0,3641.0,95,3640.0,5
rb1805,20171017,20171016,210737500,3640.0,52636,603890,1918993240.0,3641.0,96,3639.0,32
rb1805,20171017,20171016,210738000,3641.0,52704,603944,1921468200.0,3641.0,88,3640.0,6
rb1805,20171017,20171016,210738500,3641.0,52706,603946,1921541020.0,3641.0,88,3640.0,9
rb1805,20171017,20171016,210739000,3640.0,52716,603956,1921905080.0,3641.0,83,3640.0,7
rb1805,20171017,20171016,210739500,3641.0,52736,603952,1922633100.0,3641.0,84,3639.0,22
rb1805,20171017,20171016,210740000,3641.0,52754,603964,1923288400.0,3641.0,78,3639.0,26
rb1805,20171017,20171016,210740500,3640.0,52758,603964,1923434000.0,3641.0,79,3639.0,27
rb1805,20171017,20171016,210741000,3641.0,52766,603960,1923725280.0,3641.0,75,3639.0,30
rb1805,20171017,20171016,210741500,3640.0,52768,603960,1923798080.0,3641.0,75,3640.0,11
rb1805,20171017,20171016,210742000,3641.0,52774,603958,1924016520.0,3641.0,75,3640.0,10
rb1805,20171017,20171016,210742500,3640.0,52798,603942,1924890160.0,3640.0,50,3639.0,36
rb1805,20171017,20171016,210743000,3640.0,52852,603928,1926855740.0,3640.0,25,3639.0,34
rb1805,20171017,20171016,210743500,3640.0,52866,603914,1927365340.0,3640.0,21,3639.0,34
rb1805,20171017,20171016,210744000,3639.0,52876,603908,1927729320.0,3640.0,17,3639.0,29
rb1805,20171017,20171016,210744500,3640.0,52886,603902,1928093300.0,3640.0,13,3639.0,28
rb1805,20171017,20171016,210745000,3640.0,52892,603898,1928311700.0,3640.0,11,3639.0,28
rb1805,20171017,20171016,210745500,3640.0,52894,603898,1928384500.0,3640.0,19,3639.0,30
rb1805,20171017,20171016,210746000,3640.0,52922,603890,1929403700.0,3640.0,3,3639.0,30
rb1805,20171017,20171016,210746500,3640.0,52932,603896,1929767700.0,3641.0,76,3640.0,38
rb1805,20171017,20171016,210747000,3640.0,53056,603926,1934281360.0,3640.0,4,3639.0,25
rb1805,20171017,20171016,210747500,3641.0,53084,603934,1935300760.0,3641.0,56,3640.0,3
rb1805,20171017,20171016,210748000,3640.0,53176,603898,1938650220.0,3641.0,90,3639.0,25
rb1805,20171017,20171016,210748500,3640.0,53212,603934,1939960620.0,3640.0,4,3639.0,26
rb1805,20171017,20171016,210749000,3640.0,53216,603936,1940106220.0,3640.0,202,3639.0,36
rb1805,20171017,20171016,210749500,3639.0,53244,603934,1941125160.0,3640.0,295,3639.0,16
rb1805,20171017,20171016,210750000,3639.0,53288,603970,1942726320.0,3639.0,11,3638.0,107
rb1805,20171017,20171016,210750500,3638.0,53314,603962,1943672360.0,3639.0,91,3638.0,113
rb1805,20171017,20171016,210751000,3639.0,53542,603882,1951967060.0,3639.0,94,3638.0,5
rb1805,20171017,20171016,210751500,3638.0,53584,603882,1953494920.0,3638.0,5,3637.0,55
rb1805,20171017,20171016,210752000,3637.0,53630,603848,1955168440.0,3638.0,20,3637.0,50
rb1805,20171017,20171016,210752500,3638.0,53654,603872,1956041560.0,3638.0,56,3637.0,51
rb1805,20171017,20171016,210753000,3638.0,53656,603872,1956114320.0,3638.0,56,3637.0,51
rb1805,20171017,20171016,210753500,3638.0,53690,603880,1957351200.0,3638.0,41,3637.0,49
rb1805,20171017,20171016,210754000,3638.0,53708,603872,1958006040.0,3638.0,42,3637.0,49
rb1805,20171017,20171016,210754500,3638.0,53730,603872,1958806400.0,3638.0,32,3637.0,50
rb1805,20171017,20171016,210755000,3638.0,53752,603872,1959606760.0,3638.0,21,3637.0,53
rb1805,20171017,20171016,210755500,3638.0,53774,603872,1960407120.0,3638.0,10,3637.0,55
rb1805,20171017,20171016,210756000,3638.0,53780,603872,1960625400.0,3638.0,22,3637.0,55
rb1805,20171017,20171016,210756500,3638.0,53790,603872,1960989180.0,3638.0,29,3637.0,54
rb1805,20171017,20171016,210757000,3638.0,53824,603850,1962225820.0,3638.0,62,3637.0,41
rb1805,20171017,20171016,210757500,3638.0,53888,603836,1964553640.0,3638.0,26,3637.0,16
rb1805,20171017,20171016,210758000,3637.0,53924,603854,1965862940.0,3637.0,39,3636.0,88
rb1805,20171017,20171016,210758500,3637.0,53930,603854,1966081160.0,3637.0,34,3636.0,88
rb1805,20171017,20171016,210759000,3636.0,53946,603870,1966662920.0,3637.0,67,3636.0,80
rb1805,20171017,20171016,210759500,3636.0,53960,603870,1967171980.0,3637.0,67,3636.0,74
rb1805,20171017,20171016,210800000,3636.0,54008,603830,1968917260.0,3637.0,67,3636.0,51
rb1805,20171017,20171016,210800500,3636.0,54138,603856,1973644020.0,3636.0,30,3635.0,350
rb1805,20171017,20171016,210801000,3636.0,54170,603858,1974807540.0,3636.0,23,3635.0,300
rb1805,20171017,20171016,210801500,3636.0,54172,603860,1974880260.0,3636.0,46,3635.0,302
rb1805,20171017,20171016,210802000,3636.0,54210,603850,1976261940.0,3636.0,34,3635.0,301
rb1805,20171017,20171016,210802500,3636.0,54300,603884,1979534340.0,3637.0,33,3636.0,21
rb1805,20171017,20171016,210803000,3636.0,54322,603878,1980334260.0,3637.0,29,3636.0,11
rb1805,20171017,20171016,210803500,3637.0,54382,603928,1982516440.0,3638.0,76,3636.0,17
rb1805,20171017,20171016,210804000,3636.0,54462,603950,1985425240.0,3638.0,70,3636.0,3
rb1805,20171017,20171016,210804500,3636.0,54468,603954,1985643440.0,3638.0,67,3636.0,100
rb1805,20171017,20171016,210805000,3638.0,54476,603960,1985934480.0,3638.0,62,3636.0,87
rb1805,20171017,20171016,210805500,3636.0,54672,603956,1993062960.0,3637.0,152,3636.0,102
rb1805,20171017,20171016,210806000,3636.0,55256,603722,2014301020.0,3637.0,9,3636.0,55
rb1805,20171017,20171016,210806500,3638.0,55380,603776,2018811300.0,3638.0,38,3637.0,14
rb1805,20171017,20171016,210807000,3638.0,55384,603776,2018956820.0,3638.0,46,3637.0,117
rb1805,20171017,20171016,210807500,3637.0,55390,603776,2019175080.0,3638.0,44,3637.0,112
rb1805,20171017,20171016,210808000,3638.0,55502,603882,2023249400.0,3639.0,57,3637.0,104
rb1805,20171017,20171016,210808500,3637.0,55518,603892,2023831380.0,3638.0,10,3637.0,95
rb1805,20171017,20171016,210809000,3638.0,55556,603882,2025214000.0,3639.0,48,3638.0,47
rb1805,20171017,20171016,210809500,3638.0,55564,603878,2025505040.0,3639.0,49,3638.0,11
rb1805,20171017,20171016,210810000,3639.0,55616,603886,2027396740.0,3639.0,49,3637.0,108
rb1805,20171017,20171016,210810500,3638.0,55622,603892,2027615060.0,3639.0,48,3638.0,5
rb1805,20171017,20171016,210811000,3639.0,55640,603892,2028270080.0,3639.0,52,3638.0,32
rb1805,20171017,20171016,210811500,3638.0,55648,603892,2028561120.0,3639.0,52,3638.0,30
rb1805,20171017,20171016,210812000,3638.0,55708,603952,2030743920.0,3638.0,21,3637.0,126
rb1805,20171017,20171016,210812500,3637.0,55736,603978,2031762540.0,3638.0,13,3637.0,113
rb1805,20171017,20171016,210813000,3637.0,55740,603980,2031908020.0,3638.0,113,3637.0,93
rb1805,20171017,20171016,210813500,3638.0,55754,603992,2032417320.0,3638.0,108,3637.0,92
rb1805,20171017,20171016,210814000,3637.0,55762,603992,2032708300.0,3638.0,107,3637.0,107
rb1805,20171017,20171016,210814500,3637.0,55764,603994,2032781040.0,3638.0,118,3637.0,110
rb1805,20171017,20171016,210815000,3638.0,55792,604012,2033799680.0,3638.0,104,3637.0,110
rb1805,20171017,20171016,210815500,3638.0,55900,604118,2037727720.0,3638.0,244,3637.0,59
rb1805,20171017,20171016,210816000,3638.0,55912,604118,2038164280.0,3638.0,238,3637.0,59
rb1805,20171017,20171016,210816500,3637.0,55918,604122,2038382500.0,3638.0,238,3637.0,58
rb1805,20171017,20171016,210817000,3638.0,55920,604122,2038455260.0,3638.0,237,3637.0,58
rb1805,20171017,20171016,210817500,3638.0,55928,604130,2038746300.0,3638.0,233,3637.0,60
rb1805,20171017,20171016,210818000,3638.0,55928,604130,2038746300.0,3638.0,223,3637.0,60
rb1805,20171017,20171016,210818500,3638.0,55930,604132,2038819060.0,3638.0,223,3637.0,77
rb1805,20171017,20171016,210819000,3637.0,56038,604116,2042747020.0,3638.0,228,3637.0,23
rb1805,20171017,20171016,210819500,3637.0,56042,604118,2042892500.0,3638.0,228,3637.0,25
rb1805,20171017,20171016,210820000,3638.0,56048,604124,2043110740.0,3638.0,226,3637.0,23
rb1805,20171017,20171016,210820500,3637.0,56086,604150,2044492800.0,3637.0,11,3636.0,46
rb1805,20171017,20171016,210821000,3637.0,56088,604150,2044565540.0,3637.0,12,3636.0,46
rb1805,20171017,20171016,210821500,3638.0,56100,604148,2045001980.0,3638.0,230,3636.0,45
rb1805,20171017,20171016,210822000,3636.0,56114,604146,2045511120.0,3637.0,32,3636.0,47
rb1805,20171017,20171016,210822500,3637.0,56122,604138,2045802040.0,3637.0,32,3636.0,42
rb1805,20171017,20171016,210823000,3637.0,56140,604136,2046456620.0,3637.0,32,3636.0,39
rb1805,20171017,20171016,210823500,3637.0,56144,604134,2046602100.0,3637.0,32,3636.0,50
rb1805,20171017,20171016,210824000,3636.0,56166,604112,2047402020.0,3637.0,25,3636.0,40
rb1805,20171017,20171016,210824500,3637.0,56188,604112,2048202120.0,3637.0,23,3636.0,37
rb1805,20171017,20171016,210825000,3637.0,56202,604124,2048711300.0,3637.0,22,3636.0,37
rb1805,20171017,20171016,210825500,3637.0,56224,604134,2049511420.0,3637.0,7,3636.0,37
rb1805,20171017,20171016,210826000,3637.0,56244,604122,2050238820.0,3638.0,378,3637.0,4
rb1805,20171017,20171016,210826500,3638.0,56260,604128,2050820840.0,3638.0,369,3637.0,10
rb1805,20171017,20171016,210827000,3638.0,56260,604128,2050820840.0,3638.0,369,3637.0,40
rb1805,20171017,20171016,210827500,3637.0,56262,604130,2050893580.0,3638.0,369,3637.0,48
rb1805,20171017,20171016,210828000,3638.0,56264,604132,2050966340.0,3638.0,368,3637.0,65
rb1805,20171017,20171016,210828500,3637.0,56280,604136,2051548360.0,3638.0,363,3637.0,63
rb1805,20171017,20171016,210829000,3637.0,56284,604136,2051693860.0,3638.0,362,3637.0,64
rb1805,20171017,20171016,210829500,3637.0,56288,604140,2051839360.0,3638.0,361,3637.0,67
rb1805,20171017,20171016,210830000,3638.0,56302,604148,2052348580.0,3638.0,360,3637.0,65
rb1805,20171017,20171016,210830500,3637.0,56308,604146,2052566800.0,3638.0,360,3637.0,62
rb1805,20171017,20171016,210831000,3638.0,56310,604146,2052639560.0,3638.0,359,3637.0,66
rb1805,20171017,20171016,210831500,3638.0,56316,604144,2052857800.0,3638.0,359,3637.0,65
rb1805,20171017,20171016,210832000,3637.0,56320,604144,2053003300.0,3638.0,358,3637.0,61
rb1805,20171017,20171016,210832500,3638.0,56340,604150,2053730760.0,3638.0,355,3637.0,55
rb1805,20171017,20171016,210833000,3637.0,56352,604146,2054167220.0,3638.0,354,3637.0,52
rb1805,20171017,20171016,210833500,3637.0,56354,604146,2054239960.0,3638.0,354,3637.0,73
rb1805,20171017,20171016,210834000,3637.0,56354,604146,2054239960.0,3638.0,354,3637.0,73
rb1805,20171017,20171016,210834500,3637.0,56358,604146,2054385440.0,3638.0,354,3637.0,79
rb1805,20171017,20171016,210835000,3638.0,56366,604144,2054676420.0,3638.0,353,3637.0,77
rb1805,20171017,20171016,210835500,3638.0,56372,604146,2054894660.0,3638.0,352,3637.0,82
rb1805,20171017,20171016,210836000,3637.0,56380,604148,2055185620.0,3638.0,352,3637.0,85
rb1805,20171017,20171016,210836500,3637.0,56380,604148,2055185620.0,3638.0,352,3637.0,86
rb1805,20171017,20171016,210837000,3638.0,56386,604154,2055403900.0,3638.0,349,3637.0,86
rb1805,20171017,20171016,210837500,3637.0,56402,604170,2055985940.0,3638.0,343,3637.0,81
rb1805,20171017,20171016,210838000,3638.0,57238,604318,2086400500.0,3638.0,450,3637.0,98
rb1805,20171017,20171016,210838500,3638.0,57572,604578,2098551420.0,3638.0,283,3637.0,89
rb1805,20171017,20171016,210839000,3638.0,57718,604592,2103862900.0,3638.0,210,3637.0,85
rb1805,20171017,20171016,210839500,3638.0,57858,604676,2108955980.0,3638.0,151,3637.0,153
rb1805,20171017,20171016,210840000,3638.0,57934,604750,2111720860.0,3638.0,113,3637.0,60
rb1805,20171017,20171016,210840500,3636.0,58198,604888,2121321140.0,3639.0,30,3638.0,4
rb1805,20171017,20171016,210841000,3638.0,58208,604884,2121684940.0,3638.0,23,3637.0,3
rb1805,20171017,20171016,210841500,3637.0,58228,604874,2122412220.0,3637.0,12,3636.0,1
rb1805,20171017,20171016,210842000,3636.0,58232,604874,2122557680.0,3637.0,27,3636.0,12
rb1805,20171017,20171016,210842500,3637.0,58246,604880,2123066800.0,3637.0,27,3636.0,6
rb1805,20171017,20171016,210843000,3638.0,58404,604932,2128814300.0,3639.0,45,3638.0,121
rb1805,20171017,20171016,210843500,3638.0,58560,605008,2134489580.0,3639.0,49,3638.0,44
rb1805,20171017,20171016,210844000,3638.0,58614,605036,2136454100.0,3639.0,46,3638.0,17
rb1805,20171017,20171016,210844500,3638.0,58616,605038,2136526860.0,3639.0,131,3638.0,16
rb1805,20171017,20171016,210845000,3638.0,58616,605038,2136526860.0,3639.0,141,3638.0,16
rb1805,20171017,20171016,210845500,3637.0,58650,605034,2137763760.0,3638.0,22,3637.0,12
rb1805,20171017,20171016,210846000,3637.0,58650,605034,2137763760.0,3638.0,24,3637.0,17
rb1805,20171017,20171016,210846500,3637.0,58650,605034,2137763760.0,3638.0,35,3637.0,24
rb1805,20171017,20171016,210847000,3637.0,58650,605034,2137763760.0,3638.0,66,3637.0,37
rb1805,20171017,20171016,210847500,3637.0,58656,605034,2137981980.0,3638.0,66,3637.0,32
rb1805,20171017,20171016,210848000,3637.0,58660,605034,2138127460.0,3638.0,127,3637.0,41
rb1805,20171017,20171016,210848500,3637.0,58660,605034,2138127460.0,3638.0,127,3637.0,43
rb1805,20171017,20171016,210849000,3638.0,58662,605034,2138200220.0,3638.0,128,3637.0,46
rb1805,20171017,20171016,210849500,3638.0,58730,605032,2140673980.0,3638.0,111,3637.0,43
rb1805,20171017,20171016,210850000,3638.0,58760,605032,2141765380.0,3638.0,96,3637.0,44
rb1805,20171017,20171016,210850500,3638.0,58770,605032,2142129180.0,3638.0,91,3637.0,44
rb1805,20171017,20171016,210851000,3638.0,58776,605032,2142347440.0,3638.0,89,3637.0,43
rb1805,20171017,20171016,210851500,3637.0,58778,605032,2142420180.0,3638.0,90,3637.0,44
rb1805,20171017,20171016,210852000,3637.0,58778,605032,2142420180.0,3638.0,95,3637.0,49
rb1805,20171017,20171016,210852500,3637.0,58780,605032,2142492920.0,3638.0,95,3637.0,43
rb1805,20171017,20171016,210853000,3638.0,58782,605032,2142565680.0,3638.0,94,3637.0,44
rb1805,20171017,20171016,210853500,3638.0,58784,605030,2142638440.0,3638.0,93,3637.0,49
rb1805,20171017,20171016,210854000,3638.0,58798,605030,2143147660.0,3638.0,91,3637.0,57
rb1805,20171017,20171016,210854500,3638.0,58798,605030,2143147660.0,3638.0,91,3637.0,55
rb1805,20171017,20171016,210855000,3637.0,58804,605030,2143365880.0,3638.0,91,3637.0,59
rb1805,20171017,20171016,210855500,3638.0,58808,605030,2143511400.0,3638.0,89,3637.0,71
rb1805,20171017,20171016,210856000,3638.0,58814,605026,2143729680.0,3638.0,86,3637.0,72
rb1805,20171017,20171016,210856500,3638.0,58908,605028,2147149380.0,3638.0,40,3637.0,81
rb1805,20171017,20171016,210857000,3637.0,58922,605028,2147658660.0,3638.0,35,3637.0,85
rb1805,20171017,20171016,210857500,3638.0,58940,605034,2148313500.0,3638.0,26,3637.0,85
rb1805,20171017,20171016,210858000,3638.0,58952,605032,2148750060.0,3638.0,20,3637.0,86
rb1805,20171017,20171016,210858500,3638.0,58968,605032,2149332120.0,3638.0,14,3637.0,85
rb1805,20171017,20171016,210859000,3638.0,58980,605044,2149768680.0,3638.0,8,3637.0,91
rb1805,20171017,20171016,210859500,3638.0,58992,605042,2150205200.0,3638.0,11,3637.0,89
rb1805,20171017,20171016,210900000,3638.0,59012,605042,2150932800.0,3638.0,2,3637.0,77
rb1805,20171017,20171016,210900500,3638.0,59026,605042,2151442100.0,3638.0,10,3637.0,77
rb1805,20171017,20171016,210901000,3638.0,59026,605042,2151442100.0,3638.0,73,3637.0,89
rb1805,20171017,20171016,210901500,3638.0,59026,605042,2151442100.0,3638.0,101,3637.0,77
rb1805,20171017,20171016,210902000,3637.0,59156,605110,2156170200.0,3638.0,112,3637.0,13
rb1805,20171017,20171016,210902500,3637.0,59188,605126,2157334040.0,3637.0,3,3636.0,81
rb1805,20171017,20171016,210903000,3637.0,59224,605114,2158643360.0,3637.0,3,3636.0,97
rb1805,20171017,20171016,210903500,3637.0,59236,605108,2159079800.0,3637.0,9,3636.0,97
rb1805,20171017,20171016,210904000,3637.0,59242,605112,2159298000.0,3637.0,20,3636.0,102
rb1805,20171017,20171016,210904500,3637.0,59352,605114,2163298800.0,3637.0,12,3636.0,102
rb1805,20171017,20171016,210905000,3637.0,59386,605132,2164535380.0,3638.0,151,3637.0,19
rb1805,20171017,20171016,210905500,3637.0,59392,605136,2164753620.0,3638.0,150,3637.0,39
rb1805,20171017,20171016,210906000,3637.0,59394,605138,2164826360.0,3638.0,88,3637.0,77
rb1805,20171017,20171016,210906500,3638.0,59536,605128,2169992120.0,3638.0,18,3637.0,79
rb1805,20171017,20171016,210907000,3638.0,59544,605120,2170283160.0,3638.0,14,3637.0,50
rb1805,20171017,20171016,210907500,3638.0,59574,605098,2171374560.0,3639.0,64,3638.0,35
rb1805,20171017,20171016,210908000,3639.0,59576,605096,2171447340.0,3639.0,63,3638.0,35
rb1805,20171017,20171016,210908500,3639.0,59698,605180,2175886920.0,3640.0,57,3639.0,39
rb1805,20171017,20171016,210909000,3639.0,59724,605182,2176833100.0,3640.0,57,3639.0,29
rb1805,20171017,20171016,210909500,3640.0,59738,605194,2177342600.0,3640.0,55,3639.0,24
rb1805,20171017,20171016,210910000,3639.0,59748,605194,2177706500.0,3640.0,56,3639.0,27
rb1805,20171017,20171016,210910500,3640.0,59752,605196,2177852100.0,3640.0,54,3639.0,60
rb1805,20171017,20171016,210911000,3640.0,59758,605198,2178070480.0,3640.0,52,3639.0,60
rb1805,20171017,20171016,210911500,3640.0,59764,605198,2178288860.0,3640.0,51,3639.0,60
rb1805,20171017,20171016,210912000,3639.0,59774,605208,2178652760.0,3640.0,56,3639.0,35
rb1805,20171017,20171016,210912500,3639.0,59776,605208,2178725540.0,3640.0,54,3639.0,34
rb1805,20171017,20171016,210913000,3639.0,59802,605228,2179671720.0,3640.0,52,3639.0,28
rb1805,20171017,20171016,210913500,3640.0,59808,605228,2179890120.0,3640.0,50,3639.0,36
rb1805,20171017,20171016,210914000,3639.0,59814,605226,2180108480.0,3640.0,50,3639.0,38
rb1805,20171017,20171016,210914500,3639.0,59838,605228,2180981840.0,3640.0,51,3639.0,30
rb1805,20171017,20171016,210915000,3639.0,59846,605228,2181272960.0,3640.0,51,3639.0,29
rb1805,20171017,20171016,210915500,3640.0,59848,605226,2181345760.0,3640.0,51,3639.0,29
rb1805,20171017,20171016,210916000,3640.0,59890,605212,2182874360.0,3640.0,41,3639.0,19
rb1805,20171017,20171016,210916500,3640.0,59918,605218,2183893560.0,3640.0,29,3639.0,23
rb1805,20171017,20171016,210917000,3639.0,59928,605218,2184257540.0,3640.0,25,3639.0,26
rb1805,20171017,20171016,210917500,3640.0,59972,605248,2185858740.0,3640.0,24,3639.0,12
rb1805,20171017,20171016,210918000,3640.0,59992,605248,2186586740.0,3640.0,15,3639.0,8
rb1805,20171017,20171016,210918500,3638.0,60018,605258,2187532800.0,3640.0,14,3638.0,47
rb1805,20171017,20171016,210919000,3640.0,60022,605256,2187678400.0,3640.0,13,3639.0,27
rb1805,20171017,20171016,210919500,3639.0,60024,605256,2187751180.0,3640.0,24,3639.0,43
rb1805,20171017,20171016,210920000,3640.0,60030,605254,2187969560.0,3640.0,22,3639.0,55
rb1805,20171017,20171016,210920500,3640.0,60030,605254,2187969560.0,3640.0,22,3639.0,55
rb1805,20171017,20171016,210921000,3640.0,60038,605260,2188260740.0,3640.0,19,3639.0,54
rb1805,20171017,20171016,210921500,3640.0,60058,605252,2188988740.0,3640.0,9,3639.0,54
rb1805,20171017,20171016,210922000,3640.0,60060,605252,2189061540.0,3640.0,8,3639.0,55
rb1805,20171017,20171016,210922500,3640.0,60100,605260,2190517540.0,3640.0,56,3639.0,55
rb1805,20171017,20171016,210923000,3639.0,60132,605264,2191682300.0,3640.0,45,3639.0,53
rb1805,20171017,20171016,210923500,3639.0,60174,605266,2193211080.0,3640.0,26,3639.0,55
rb1805,20171017,20171016,210924000,3640.0,60176,605264,2193283880.0,3640.0,26,3639.0,55
rb1805,20171017,20171016,210924500,3640.0,60202,605262,2194230280.0,3640.0,10,3639.0,56
rb1805,20171017,20171016,210925000,3640.0,60222,605266,2194958280.0,3641.0,80,3640.0,29
rb1805,20171017,20171016,210925500,3640.0,60268,605296,2196632680.0,3641.0,80,3640.0,6
rb1805,20171017,20171016,210926000,3640.0,60334,605282,2199035000.0,3640.0,43,3639.0,49
rb1805,20171017,20171016,210926500,3640.0,60354,605298,2199762840.0,3640.0,14,3639.0,41
rb1805,20171017,20171016,210927000,3640.0,60364,605306,2200126760.0,3640.0,24,3639.0,26
rb1805,20171017,20171016,210927500,3640.0,60374,605306,2200490680.0,3640.0,23,3639.0,20
rb1805,20171017,20171016,210928000,3639.0,60414,605304,2201946280.0,3639.0,49,3638.0,19
rb1805,20171017,20171016,210928500,3639.0,60416,605304,2202019060.0,3639.0,41,3638.0,31
rb1805,20171017,20171016,210929000,3639.0,60416,605304,2202019060.0,3639.0,42,3638.0,34
