instrument,tradingday,calendarday,time,lastp,volume,openinterest,turnover,ask1,asksz1,bid1,bidsz1
rb1805,20170828,20170825,183802500,3801.0,0,254294,0.0,0.0,0,0.0,0
rb1805,20170828,20170825,205900500,3795.0,194,254344,7362300.0,3796.0,4,3795.0,11
rb1805,20170828,20170825,210000500,3793.0,292,254378,11080600.0,3795.0,3,3793.0,27
rb1805,20170828,20170825,210001000,3792.0,500,254384,18968180.0,3793.0,6,3791.0,4
rb1805,20170828,20170825,210001500,3786.0,772,254352,29268980.0,3789.0,1,3786.0,32
rb1805,20170828,20170825,210002000,3789.0,968,254378,36688960.0,3789.0,31,3788.0,1
rb1805,20170828,20170825,210002500,3788.0,1102,254406,41762500.0,3788.0,7,3786.0,2
rb1805,20170828,20170825,210003000,3787.0,1430,254406,54175020.0,3786.0,2,3784.0,2
rb1805,20170828,20170825,210003500,3789.0,1692,254540,64094620.0,3789.0,1,3786.0,8
rb1805,20170828,20170825,210004000,3787.0,1914,254720,72509420.0,3789.0,3,3787.0,7
rb1805,20170828,20170825,210004500,3788.0,2186,254858,82822320.0,3788.0,8,3787.0,16
rb1805,20170828,20170825,210005000,3789.0,2238,254844,84792660.0,3792.0,1,3789.0,17
rb1805,20170828,20170825,210005500,3789.0,2330,254840,88280120.0,3792.0,2,3789.0,22
rb1805,20170828,20170825,210006000,3792.0,2358,254846,89341640.0,3793.0,2,3790.0,9
rb1805,20170828,20170825,210006500,3793.0,2388,254848,90478880.0,3791.0,1,3790.0,3
rb1805,20170828,20170825,210007000,3794.0,2504,254856,94881360.0,3796.0,1,3793.0,6
rb1805,20170828,20170825,210007500,3794.0,2550,254882,96626480.0,3795.0,25,3794.0,5
rb1805,20170828,20170825,210008000,3795.0,2650,254944,100421280.0,3796.0,27,3795.0,3
rb1805,20170828,20170825,210008500,3795.0,2766,255002,104823480.0,3795.0,14,3793.0,2
rb1805,20170828,20170825,210009000,3792.0,2792,255010,105809780.0,3793.0,2,3792.0,4
rb1805,20170828,20170825,210009500,3791.0,2862,255010,108464760.0,3793.0,1,3791.0,14
rb1805,20170828,20170825,210010000,3794.0,2914,255054,110437980.0,3796.0,48,3793.0,6
rb1805,20170828,20170825,210010500,3795.0,2930,255052,111044940.0,3795.0,15,3793.0,5
rb1805,20170828,20170825,210011000,3793.0,2952,255070,111879520.0,3795.0,22,3793.0,4
rb1805,20170828,20170825,210011500,3793.0,3006,255084,113927740.0,3793.0,44,3792.0,13
rb1805,20170828,20170825,210012000,3795.0,3106,255146,117720980.0,3795.0,10,3793.0,39
rb1805,20170828,20170825,210012500,3795.0,3130,255158,118631780.0,3796.0,5,3795.0,11
rb1805,20170828,20170825,210013000,3796.0,3172,255170,120226100.0,3796.0,19,3795.0,3
rb1805,20170828,20170825,210013500,3795.0,3186,255176,120757420.0,3796.0,17,3794.0,2
rb1805,20170828,20170825,210014000,3795.0,3208,255174,121592520.0,3795.0,12,3794.0,2
rb1805,20170828,20170825,210014500,3795.0,3228,255172,122351500.0,3795.0,4,3794.0,1
rb1805,20170828,20170825,210015000,3795.0,3236,255174,122655100.0,3795.0,11,3794.0,1
rb1805,20170828,20170825,210015500,3795.0,3246,255178,123034580.0,3795.0,31,3793.0,25
rb1805,20170828,20170825,210016000,3795.0,3254,255180,123338180.0,3795.0,32,3793.0,37
rb1805,20170828,20170825,210016500,3795.0,3254,255180,123338180.0,3795.0,43,3794.0,3
rb1805,20170828,20170825,210017000,3795.0,3264,255182,123717660.0,3795.0,40,3794.0,2
rb1805,20170828,20170825,210017500,3794.0,3336,255198,126449820.0,3795.0,17,3794.0,13
rb1805,20170828,20170825,210018000,3797.0,3414,255216,129410140.0,3796.0,40,3795.0,39
rb1805,20170828,20170825,210018500,3796.0,3446,255234,130624860.0,3796.0,24,3795.0,6
rb1805,20170828,20170825,210019000,3795.0,3450,255232,130776660.0,3796.0,25,3795.0,6
rb1805,20170828,20170825,210019500,3796.0,3474,255254,131687680.0,3796.0,14,3795.0,30
rb1805,20170828,20170825,210020000,3796.0,3514,255288,133206160.0,3797.0,37,3796.0,14
rb1805,20170828,20170825,210020500,3797.0,3544,255288,134345260.0,3797.0,22,3796.0,14
rb1805,20170828,20170825,210021000,3796.0,3552,255290,134648980.0,3797.0,32,3796.0,13
rb1805,20170828,20170825,210021500,3796.0,3554,255290,134724900.0,3797.0,32,3796.0,14
rb1805,20170828,20170825,210022000,3796.0,3584,255282,135863700.0,3797.0,32,3796.0,3
rb1805,20170828,20170825,210022500,3796.0,3606,255302,136698840.0,3796.0,90,3795.0,32
rb1805,20170828,20170825,210023000,3796.0,3640,255312,137989460.0,3796.0,85,3795.0,46
rb1805,20170828,20170825,210023500,3795.0,3666,255312,138976380.0,3796.0,74,3795.0,16
rb1805,20170828,20170825,210024000,3795.0,3704,255298,140418480.0,3795.0,16,3794.0,37
rb1805,20170828,20170825,210024500,3794.0,3726,255288,141253340.0,3795.0,7,3794.0,35
rb1805,20170828,20170825,210025000,3795.0,3762,255278,142619720.0,3796.0,72,3795.0,17
rb1805,20170828,20170825,210025500,3795.0,3808,255280,144365860.0,3796.0,68,3795.0,17
rb1805,20170828,20170825,210026000,3795.0,3814,255278,144593600.0,3796.0,67,3795.0,24
rb1805,20170828,20170825,210026500,3796.0,3822,255282,144897280.0,3796.0,63,3795.0,46
rb1805,20170828,20170825,210027000,3795.0,3852,255274,146035780.0,3796.0,69,3795.0,27
rb1805,20170828,20170825,210027500,3796.0,3898,255276,147781900.0,3796.0,48,3795.0,18
rb1805,20170828,20170825,210028000,3795.0,3936,255268,149224000.0,3795.0,4,3794.0,42
rb1805,20170828,20170825,210028500,3795.0,3940,255268,149375800.0,3795.0,3,3794.0,42
rb1805,20170828,20170825,210029000,3795.0,3946,255270,149603500.0,3796.0,48,3795.0,5
rb1805,20170828,20170825,210029500,3796.0,3960,255270,150134840.0,3796.0,46,3795.0,2
rb1805,20170828,20170825,210030000,3796.0,3976,255272,150742120.0,3796.0,42,3794.0,43
rb1805,20170828,20170825,210030500,3796.0,3976,255272,150742120.0,3795.0,16,3794.0,43
rb1805,20170828,20170825,210031000,3794.0,3990,255276,151273480.0,3795.0,6,3794.0,41
rb1805,20170828,20170825,210031500,3795.0,4002,255276,151728880.0,3796.0,50,3795.0,16
rb1805,20170828,20170825,210032000,3794.0,4062,255294,154005820.0,3795.0,24,3794.0,38
rb1805,20170828,20170825,210032500,3795.0,4094,255312,155219940.0,3795.0,17,3794.0,24
rb1805,20170828,20170825,210033000,3795.0,4096,255310,155295840.0,3795.0,7,3794.0,31
rb1805,20170828,20170825,210033500,3795.0,4150,255306,157344720.0,3795.0,11,3794.0,9
rb1805,20170828,20170825,210034000,3795.0,4206,255326,159469920.0,3795.0,2,3794.0,17
rb1805,20170828,20170825,210034500,3794.0,4236,255334,160608220.0,3796.0,39,3794.0,7
rb1805,20170828,20170825,210035000,3794.0,4238,255334,160684100.0,3795.0,6,3794.0,10
rb1805,20170828,20170825,210035500,3794.0,4240,255336,160759980.0,3795.0,6,3794.0,4
rb1805,20170828,20170825,210036000,3795.0,4246,255340,160987680.0,3795.0,7,3794.0,4
rb1805,20170828,20170825,210036500,3795.0,4256,255350,161367180.0,3795.0,14,3794.0,4
rb1805,20170828,20170825,210037000,3794.0,4278,255344,162202020.0,3796.0,43,3794.0,1
rb1805,20170828,20170825,210037500,3794.0,4278,255344,162202020.0,3796.0,43,3794.0,1
rb1805,20170828,20170825,210038000,3795.0,4288,255344,162581520.0,3795.0,8,3793.0,39
rb1805,20170828,20170825,210038500,3795.0,4294,255344,162809180.0,3795.0,13,3794.0,6
rb1805,20170828,20170825,210039000,3795.0,4300,255340,163036840.0,3795.0,2,3794.0,6
rb1805,20170828,20170825,210039500,3794.0,4304,255340,163188620.0,3795.0,8,3794.0,19
rb1805,20170828,20170825,210040000,3794.0,4310,255340,163416300.0,3795.0,3,3794.0,25
rb1805,20170828,20170825,210040500,3795.0,4316,255340,163644000.0,3796.0,43,3795.0,22
rb1805,20170828,20170825,210041000,3796.0,4324,255332,163947680.0,3796.0,35,3795.0,29
rb1805,20170828,20170825,210041500,3796.0,4324,255332,163947680.0,3796.0,35,3795.0,27
rb1805,20170828,20170825,210042000,3795.0,4380,255340,166073420.0,3796.0,9,3795.0,36
rb1805,20170828,20170825,210042500,3795.0,4386,255344,166301160.0,3796.0,17,3795.0,31
rb1805,20170828,20170825,210043000,3796.0,4430,255364,167971300.0,3797.0,87,3796.0,33
rb1805,20170828,20170825,210043500,3796.0,4432,255364,168047220.0,3797.0,87,3796.0,48
rb1805,20170828,20170825,210044000,3797.0,4516,255326,171235900.0,3797.0,92,3796.0,28
rb1805,20170828,20170825,210044500,3796.0,4542,255304,172222960.0,3797.0,45,3796.0,27
rb1805,20170828,20170825,210045000,3797.0,4544,255304,172298900.0,3797.0,38,3796.0,33
rb1805,20170828,20170825,210045500,3796.0,4564,255284,173058100.0,3797.0,44,3796.0,17
rb1805,20170828,20170825,210046000,3796.0,4584,255272,173817400.0,3797.0,39,3796.0,13
rb1805,20170828,20170825,210046500,3797.0,4588,255272,173969280.0,3797.0,37,3796.0,18
rb1805,20170828,20170825,210047000,3797.0,4618,255276,175108380.0,3797.0,17,3796.0,21
rb1805,20170828,20170825,210047500,3798.0,4670,255292,177083000.0,3799.0,5,3798.0,1
rb1805,20170828,20170825,210048000,3799.0,4692,255288,177918640.0,3799.0,6,3797.0,11
rb1805,20170828,20170825,210048500,3797.0,4702,255282,178298460.0,3799.0,11,3797.0,11
rb1805,20170828,20170825,210049000,3799.0,4706,255280,178450380.0,3799.0,10,3797.0,14
rb1805,20170828,20170825,210049500,3799.0,4710,255280,178602340.0,3799.0,71,3798.0,1
rb1805,20170828,20170825,210050000,3798.0,4714,255284,178754260.0,3799.0,71,3797.0,18
rb1805,20170828,20170825,210050500,3799.0,4728,255280,179286080.0,3799.0,66,3798.0,14
rb1805,20170828,20170825,210051000,3799.0,4770,255280,180881640.0,3799.0,46,3798.0,19
rb1805,20170828,20170825,210051500,3799.0,4862,255282,184376720.0,3800.0,9,3799.0,9
rb1805,20170828,20170825,210052000,3799.0,4878,255292,184984700.0,3800.0,3,3799.0,11
rb1805,20170828,20170825,210052500,3799.0,4886,255294,185288680.0,3800.0,6,3799.0,20
rb1805,20170828,20170825,210053000,3800.0,4888,255296,185364680.0,3801.0,2,3799.0,25
rb1805,20170828,20170825,210053500,3799.0,4916,255294,186428440.0,3801.0,6,3799.0,21
rb1805,20170828,20170825,210054000,3799.0,4916,255294,186428440.0,3801.0,11,3800.0,2
rb1805,20170828,20170825,210054500,3800.0,4944,255304,187492480.0,3801.0,3,3800.0,1
rb1805,20170828,20170825,210055000,3800.0,4956,255300,187948520.0,3801.0,19,3799.0,33
rb1805,20170828,20170825,210055500,3801.0,4968,255298,188404540.0,3801.0,18,3800.0,12
rb1805,20170828,20170825,210056000,3801.0,4986,255298,189088700.0,3801.0,4,3800.0,18
rb1805,20170828,20170825,210056500,3801.0,4998,255298,189544800.0,3801.0,19,3800.0,17
rb1805,20170828,20170825,210057000,3800.0,5038,255338,191065180.0,3802.0,41,3801.0,4
rb1805,20170828,20170825,210057500,3801.0,5044,255336,191293240.0,3802.0,41,3801.0,2
rb1805,20170828,20170825,210058000,3802.0,5048,255336,191445320.0,3802.0,40,3801.0,2
rb1805,20170828,20170825,210058500,3801.0,5062,255334,191977580.0,3802.0,34,3801.0,3
rb1805,20170828,20170825,210059000,3802.0,5090,255320,193042140.0,3802.0,22,3801.0,7
rb1805,20170828,20170825,210059500,3802.0,5090,255320,193042140.0,3802.0,26,3801.0,8
rb1805,20170828,20170825,210100000,3802.0,5144,255370,195095220.0,3803.0,8,3802.0,24
rb1805,20170828,20170825,210100500,3804.0,5172,255390,196160180.0,3805.0,74,3803.0,17
rb1805,20170828,20170825,210101000,3805.0,5208,255392,197529740.0,3805.0,63,3803.0,34
rb1805,20170828,20170825,210101500,3805.0,5232,255412,198442820.0,3805.0,54,3803.0,31
rb1805,20170828,20170825,210102000,3804.0,5406,255350,205063820.0,3804.0,19,3803.0,37
rb1805,20170828,20170825,210102500,3803.0,5464,255308,207270120.0,3805.0,3,3803.0,32
rb1805,20170828,20170825,210103000,3804.0,5524,255332,209553420.0,3807.0,2,3804.0,15
rb1805,20170828,20170825,210103500,3805.0,5570,255336,211304000.0,3807.0,4,3805.0,18
rb1805,20170828,20170825,210104000,3805.0,5606,255370,212673800.0,3806.0,10,3805.0,1
rb1805,20170828,20170825,210104500,3805.0,5620,255370,213206400.0,3805.0,3,3804.0,25
rb1805,20170828,20170825,210105000,3805.0,5684,255332,215642200.0,3808.0,55,3805.0,11
rb1805,20170828,20170825,210105500,3807.0,5700,255328,216251300.0,3807.0,9,3805.0,27
rb1805,20170828,20170825,210106000,3805.0,5754,255310,218306100.0,3805.0,9,3804.0,44
rb1805,20170828,20170825,210106500,3805.0,5778,255312,219219300.0,3805.0,5,3804.0,29
rb1805,20170828,20170825,210107000,3805.0,5788,255320,219599800.0,3805.0,3,3804.0,11
rb1805,20170828,20170825,210107500,3806.0,5846,255314,221806460.0,3806.0,12,3805.0,11
rb1805,20170828,20170825,210108000,3805.0,5884,255318,223252120.0,3805.0,71,3803.0,20
rb1805,20170828,20170825,210108500,3805.0,5890,255320,223480420.0,3805.0,36,3804.0,10
rb1805,20170828,20170825,210109000,3804.0,5930,255324,225002200.0,3805.0,27,3804.0,1
rb1805,20170828,20170825,210109500,3805.0,5956,255324,225991420.0,3805.0,19,3803.0,19
rb1805,20170828,20170825,210110000,3803.0,6016,255308,228273600.0,3805.0,21,3803.0,6
rb1805,20170828,20170825,210110500,3803.0,6020,255306,228425740.0,3804.0,6,3803.0,5
rb1805,20170828,20170825,210111000,3805.0,6056,255306,229795420.0,3805.0,51,3803.0,5
rb1805,20170828,20170825,210111500,3803.0,6058,255306,229871480.0,3804.0,30,3803.0,5
rb1805,20170828,20170825,210112000,3803.0,6058,255306,229871480.0,3804.0,33,3803.0,10
rb1805,20170828,20170825,210112500,3804.0,6084,255318,230860280.0,3803.0,2,3802.0,15
rb1805,20170828,20170825,210113000,3802.0,6110,255324,231849120.0,3803.0,1,3802.0,12
rb1805,20170828,20170825,210113500,3804.0,6122,255334,232305580.0,3804.0,39,3803.0,3
rb1805,20170828,20170825,210114000,3803.0,6160,255310,233750440.0,3803.0,44,3802.0,1
rb1805,20170828,20170825,210114500,3803.0,6176,255304,234358820.0,3803.0,127,3801.0,16
rb1805,20170828,20170825,210115000,3801.0,6230,255302,236411360.0,3801.0,12,3800.0,120
rb1805,20170828,20170825,210115500,3801.0,6306,255346,239299440.0,3801.0,8,3800.0,86
rb1805,20170828,20170825,210116000,3799.0,6488,255366,246215400.0,3800.0,20,3799.0,10
rb1805,20170828,20170825,210116500,3799.0,6504,255360,246823320.0,3800.0,4,3799.0,7
rb1805,20170828,20170825,210117000,3799.0,6520,255354,247431180.0,3799.0,13,3798.0,10
rb1805,20170828,20170825,210117500,3798.0,6536,255360,248038940.0,3799.0,9,3798.0,13
rb1805,20170828,20170825,210118000,3798.0,6554,255364,248722720.0,3799.0,2,3798.0,12
rb1805,20170828,20170825,210118500,3798.0,6554,255364,248722720.0,3799.0,8,3798.0,30
rb1805,20170828,20170825,210119000,3798.0,6592,255350,250166180.0,3800.0,43,3798.0,30
rb1805,20170828,20170825,210119500,3798.0,6614,255352,251001860.0,3800.0,40,3798.0,20
rb1805,20170828,20170825,210120000,3798.0,6614,255352,251001860.0,3800.0,41,3799.0,1
rb1805,20170828,20170825,210120500,3798.0,6618,255352,251153800.0,3800.0,45,3798.0,20
rb1805,20170828,20170825,210121000,3798.0,6618,255352,251153800.0,3800.0,45,3799.0,7
rb1805,20170828,20170825,210121500,3799.0,6624,255350,251381740.0,3800.0,43,3799.0,15
rb1805,20170828,20170825,210122000,3800.0,6634,255358,251761720.0,3800.0,40,3799.0,17
rb1805,20170828,20170825,210122500,3800.0,6636,255360,251837720.0,3800.0,33,3799.0,12
rb1805,20170828,20170825,210123000,3799.0,6646,255368,252217620.0,3800.0,33,3799.0,7
rb1805,20170828,20170825,210123500,3800.0,6712,255430,254725620.0,3801.0,5,3800.0,1
rb1805,20170828,20170825,210124000,3799.0,6744,255452,255941320.0,3800.0,1,3799.0,1
rb1805,20170828,20170825,210124500,3799.0,6748,255454,256093280.0,3800.0,1,3799.0,3
rb1805,20170828,20170825,210125000,3800.0,6754,255454,256321280.0,3801.0,5,3800.0,2
rb1805,20170828,20170825,210125500,3800.0,6758,255454,256473280.0,3801.0,5,3800.0,9
rb1805,20170828,20170825,210126000,3801.0,6770,255452,256929400.0,3802.0,30,3801.0,8
rb1805,20170828,20170825,210126500,3800.0,6784,255456,257461480.0,3802.0,28,3800.0,10
rb1805,20170828,20170825,210127000,3800.0,6784,255456,257461480.0,3802.0,28,3801.0,1
rb1805,20170828,20170825,210127500,3802.0,6792,255458,257765560.0,3802.0,27,3800.0,20
rb1805,20170828,20170825,210128000,3802.0,6794,255458,257841600.0,3801.0,1,3800.0,20
rb1805,20170828,20170825,210128500,3802.0,6800,255456,258069700.0,3802.0,14,3801.0,2
rb1805,20170828,20170825,210129000,3801.0,6806,255454,258297760.0,3802.0,17,3800.0,25
rb1805,20170828,20170825,210129500,3801.0,6806,255454,258297760.0,3802.0,23,3801.0,1
rb1805,20170828,20170825,210130000,3800.0,6810,255452,258449780.0,3801.0,1,3800.0,24
rb1805,20170828,20170825,210130500,3801.0,6814,255452,258601820.0,3802.0,23,3801.0,42
rb1805,20170828,20170825,210131000,3801.0,6820,255456,258829880.0,3802.0,16,3801.0,28
rb1805,20170828,20170825,210131500,3801.0,6824,255460,258981920.0,3802.0,18,3801.0,26
rb1805,20170828,20170825,210132000,3801.0,6890,255456,261490580.0,3801.0,7,3800.0,24
rb1805,20170828,20170825,210132500,3802.0,6908,255456,262174780.0,3802.0,25,3801.0,31
rb1805,20170828,20170825,210133000,3802.0,6952,255474,263847660.0,3803.0,17,3801.0,29
rb1805,20170828,20170825,210133500,3802.0,6956,255470,263999740.0,3803.0,16,3802.0,14
rb1805,20170828,20170825,210134000,3802.0,6962,255464,264227860.0,3803.0,16,3802.0,11
rb1805,20170828,20170825,210134500,3803.0,6964,255466,264303920.0,3803.0,15,3802.0,5
rb1805,20170828,20170825,210135000,3803.0,6998,255462,265596960.0,3803.0,1,3802.0,26
rb1805,20170828,20170825,210135500,3803.0,7010,255452,266053320.0,3804.0,17,3803.0,58
rb1805,20170828,20170825,210136000,3804.0,7032,255460,266890160.0,3804.0,8,3803.0,56
rb1805,20170828,20170825,210136500,3803.0,7044,255462,267346600.0,3804.0,4,3803.0,56
rb1805,20170828,20170825,210137000,3804.0,7052,255460,267650920.0,3805.0,113,3804.0,4
rb1805,20170828,20170825,210137500,3804.0,7060,255460,267955240.0,3804.0,12,3803.0,55
rb1805,20170828,20170825,210138000,3804.0,7060,255460,267955240.0,3804.0,12,3803.0,55
rb1805,20170828,20170825,210138500,3803.0,7064,255456,268107360.0,3804.0,8,3803.0,53
rb1805,20170828,20170825,210139000,3803.0,7064,255456,268107360.0,3804.0,34,3803.0,53
rb1805,20170828,20170825,210139500,3803.0,7086,255446,268944020.0,3804.0,44,3803.0,43
rb1805,20170828,20170825,210140000,3804.0,7090,255448,269096180.0,3804.0,145,3803.0,44
rb1805,20170828,20170825,210140500,3804.0,7092,255448,269172260.0,3804.0,145,3803.0,44
rb1805,20170828,20170825,210141000,3804.0,7102,255448,269552600.0,3804.0,144,3803.0,5
rb1805,20170828,20170825,210141500,3803.0,7184,255400,272671780.0,3803.0,17,3802.0,29
rb1805,20170828,20170825,210142000,3803.0,7224,255432,274193020.0,3804.0,103,3803.0,28
rb1805,20170828,20170825,210142500,3803.0,7282,255410,276398760.0,3803.0,71,3802.0,13
rb1805,20170828,20170825,210143000,3802.0,7302,255412,277159200.0,3803.0,45,3802.0,5
rb1805,20170828,20170825,210143500,3802.0,7308,255416,277387320.0,3803.0,45,3802.0,3
rb1805,20170828,20170825,210144000,3803.0,7316,255418,277691500.0,3802.0,1,3801.0,56
rb1805,20170828,20170825,210144500,3802.0,7318,255418,277767540.0,3802.0,7,3801.0,57
rb1805,20170828,20170825,210145000,3802.0,7318,255418,277767540.0,3802.0,10,3801.0,53
rb1805,20170828,20170825,210145500,3803.0,7340,255416,278604000.0,3803.0,23,3801.0,67
rb1805,20170828,20170825,210146000,3802.0,7342,255416,278680040.0,3803.0,23,3802.0,21
rb1805,20170828,20170825,210146500,3802.0,7352,255422,279060300.0,3803.0,20,3802.0,23
rb1805,20170828,20170825,210147000,3803.0,7358,255428,279288460.0,3803.0,18,3802.0,27
rb1805,20170828,20170825,210147500,3802.0,7360,255430,279364500.0,3803.0,18,3802.0,28
rb1805,20170828,20170825,210148000,3803.0,7380,255426,280125100.0,3803.0,28,3802.0,32
rb1805,20170828,20170825,210148500,3803.0,7450,255416,282787300.0,3804.0,113,3803.0,25
rb1805,20170828,20170825,210149000,3804.0,7478,255416,283852420.0,3804.0,99,3803.0,25
rb1805,20170828,20170825,210149500,3803.0,7482,255418,284004560.0,3804.0,98,3803.0,25
rb1805,20170828,20170825,210150000,3804.0,7496,255404,284537120.0,3804.0,91,3803.0,25
rb1805,20170828,20170825,210150500,3803.0,7504,255406,284841400.0,3804.0,89,3803.0,28
rb1805,20170828,20170825,210151000,3803.0,7504,255406,284841400.0,3804.0,89,3803.0,29
rb1805,20170828,20170825,210151500,3803.0,7520,255422,285449880.0,3804.0,89,3803.0,22
rb1805,20170828,20170825,210152000,3803.0,7574,255420,287503500.0,3803.0,48,3802.0,36
rb1805,20170828,20170825,210152500,3803.0,7574,255420,287503500.0,3803.0,26,3802.0,31
rb1805,20170828,20170825,210153000,3803.0,7622,255418,289328940.0,3803.0,4,3802.0,41
rb1805,20170828,20170825,210153500,3803.0,7630,255412,289633180.0,3803.0,1,3802.0,42
rb1805,20170828,20170825,210154000,3803.0,7634,255412,289785300.0,3804.0,92,3803.0,10
rb1805,20170828,20170825,210154500,3804.0,7636,255410,289861380.0,3804.0,98,3803.0,9
rb1805,20170828,20170825,210155000,3804.0,7638,255410,289937460.0,3804.0,97,3803.0,15
rb1805,20170828,20170825,210155500,3803.0,7652,255406,290469880.0,3804.0,97,3803.0,10
rb1805,20170828,20170825,210156000,3804.0,7654,255404,290545960.0,3804.0,98,3803.0,13
rb1805,20170828,20170825,210156500,3804.0,7768,255326,294882520.0,3804.0,42,3803.0,24
rb1805,20170828,20170825,210157000,3803.0,7856,255352,298230040.0,3805.0,112,3804.0,4
rb1805,20170828,20170825,210157500,3803.0,7866,255354,298610340.0,3805.0,112,3803.0,27
rb1805,20170828,20170825,210158000,3803.0,7868,255356,298686400.0,3805.0,112,3804.0,5
rb1805,20170828,20170825,210158500,3804.0,7880,255354,299142900.0,3805.0,111,3803.0,21
rb1805,20170828,20170825,210159000,3804.0,7882,255356,299218980.0,3805.0,111,3803.0,21
rb1805,20170828,20170825,210159500,3805.0,7884,255358,299295080.0,3805.0,111,3804.0,11
rb1805,20170828,20170825,210200000,3805.0,7884,255358,299295080.0,3805.0,111,3804.0,14
rb1805,20170828,20170825,210200500,3804.0,7886,255358,299371160.0,3805.0,111,3804.0,13
rb1805,20170828,20170825,210201000,3805.0,7888,255358,299447260.0,3805.0,111,3804.0,13
rb1805,20170828,20170825,210201500,3805.0,7914,255362,300436560.0,3805.0,98,3804.0,13
rb1805,20170828,20170825,210202000,3805.0,7944,255350,301578040.0,3805.0,84,3804.0,26
rb1805,20170828,20170825,210202500,3804.0,7950,255348,301806280.0,3805.0,84,3804.0,25
rb1805,20170828,20170825,210203000,3805.0,7958,255348,302110680.0,3805.0,80,3804.0,25
rb1805,20170828,20170825,210203500,3805.0,7958,255348,302110680.0,3805.0,80,3804.0,42
rb1805,20170828,20170825,210204000,3805.0,7964,255348,302338980.0,3805.0,78,3804.0,42
rb1805,20170828,20170825,210204500,3804.0,7970,255348,302567220.0,3805.0,79,3804.0,39
rb1805,20170828,20170825,210205000,3805.0,7974,255346,302719420.0,3805.0,77,3804.0,39
rb1805,20170828,20170825,210205500,3805.0,8074,255346,306524420.0,3805.0,27,3804.0,39
rb1805,20170828,20170825,210206000,3804.0,8086,255340,306980900.0,3805.0,27,3804.0,41
rb1805,20170828,20170825,210206500,3805.0,8120,255338,308274580.0,3805.0,12,3804.0,39
rb1805,20170828,20170825,210207000,3804.0,8138,255338,308959300.0,3805.0,12,3804.0,33
rb1805,20170828,20170825,210207500,3804.0,8140,255340,309035380.0,3805.0,19,3804.0,27
rb1805,20170828,20170825,210208000,3805.0,8178,255358,310481280.0,3806.0,35,3805.0,6
rb1805,20170828,20170825,210208500,3805.0,8200,255370,311318380.0,3805.0,1,3804.0,29
rb1805,20170828,20170825,210209000,3804.0,8214,255372,311850980.0,3805.0,15,3804.0,24
rb1805,20170828,20170825,210209500,3804.0,8230,255388,312459620.0,3805.0,17,3804.0,20
rb1805,20170828,20170825,210210000,3804.0,8238,255394,312763940.0,3805.0,23,3804.0,17
rb1805,20170828,20170825,210210500,3804.0,8238,255394,312763940.0,3805.0,31,3804.0,17
rb1805,20170828,20170825,210211000,3804.0,8262,255412,313676900.0,3805.0,22,3804.0,5
rb1805,20170828,20170825,210211500,3804.0,8272,255412,314057300.0,3804.0,7,3803.0,48
rb1805,20170828,20170825,210212000,3804.0,8272,255412,314057300.0,3804.0,9,3803.0,27
rb1805,20170828,20170825,210212500,3804.0,8274,255412,314133380.0,3804.0,15,3803.0,26
rb1805,20170828,20170825,210213000,3805.0,8306,255418,315350680.0,3805.0,29,3804.0,91
rb1805,20170828,20170825,210213500,3805.0,8356,255420,317253140.0,3805.0,3,3804.0,81
rb1805,20170828,20170825,210214000,3805.0,8388,255402,318470740.0,3806.0,33,3805.0,4
rb1805,20170828,20170825,210214500,3805.0,8388,255402,318470740.0,3805.0,1,3804.0,70
rb1805,20170828,20170825,210215000,3805.0,8392,255406,318622940.0,3806.0,33,3804.0,96
rb1805,20170828,20170825,210215500,3806.0,8394,255406,318699060.0,3806.0,32,3804.0,118
rb1805,20170828,20170825,210216000,3806.0,8394,255406,318699060.0,3806.0,32,3805.0,11
rb1805,20170828,20170825,210216500,3806.0,8394,255406,318699060.0,3806.0,33,3805.0,11
rb1805,20170828,20170825,210217000,3806.0,8434,255406,320221120.0,3806.0,30,3805.0,14
rb1805,20170828,20170825,210217500,3805.0,8442,255406,320525520.0,3806.0,31,3805.0,21
rb1805,20170828,20170825,210218000,3805.0,8442,255406,320525520.0,3806.0,32,3805.0,43
rb1805,20170828,20170825,210218500,3806.0,8456,255406,321058260.0,3806.0,30,3805.0,46
rb1805,20170828,20170825,210219000,3806.0,8456,255406,321058260.0,3806.0,31,3805.0,48
rb1805,20170828,20170825,210219500,3806.0,8462,255406,321286600.0,3806.0,29,3805.0,55
rb1805,20170828,20170825,210220000,3806.0,8462,255406,321286600.0,3806.0,29,3805.0,56
rb1805,20170828,20170825,210220500,3805.0,8478,255414,321895420.0,3806.0,36,3805.0,44
rb1805,20170828,20170825,210221000,3805.0,8478,255414,321895420.0,3806.0,38,3805.0,44
rb1805,20170828,20170825,210221500,3805.0,8480,255416,321971520.0,3806.0,39,3805.0,46
rb1805,20170828,20170825,210222000,3806.0,8500,255432,322732720.0,3806.0,30,3805.0,46
rb1805,20170828,20170825,210222500,3805.0,8504,255434,322884940.0,3806.0,30,3805.0,45
rb1805,20170828,20170825,210223000,3805.0,8506,255434,322961040.0,3806.0,30,3805.0,42
rb1805,20170828,20170825,210223500,3806.0,8516,255440,323341640.0,3806.0,30,3805.0,45
rb1805,20170828,20170825,210224000,3806.0,8520,255438,323493880.0,3806.0,29,3805.0,45
rb1805,20170828,20170825,210224500,3805.0,8586,255408,326005840.0,3807.0,37,3806.0,5
rb1805,20170828,20170825,210225000,3805.0,8588,255406,326081940.0,3807.0,24,3806.0,20
rb1805,20170828,20170825,210225500,3805.0,8590,255404,326158040.0,3807.0,24,3806.0,21
rb1805,20170828,20170825,210226000,3806.0,8598,255396,326462540.0,3807.0,23,3806.0,18
rb1805,20170828,20170825,210226500,3807.0,8610,255390,326919300.0,3807.0,21,3806.0,14
rb1805,20170828,20170825,210227000,3806.0,8612,255390,326995420.0,3807.0,21,3806.0,9
rb1805,20170828,20170825,210227500,3807.0,8618,255386,327223840.0,3807.0,18,3806.0,29
rb1805,20170828,20170825,210228000,3806.0,8620,255386,327299960.0,3807.0,18,3806.0,30
rb1805,20170828,20170825,210228500,3806.0,8622,255384,327376080.0,3807.0,30,3806.0,29
rb1805,20170828,20170825,210229000,3807.0,8640,255382,328061300.0,3807.0,24,3806.0,27
rb1805,20170828,20170825,210229500,3808.0,8690,255384,329964820.0,3808.0,90,3807.0,47
rb1805,20170828,20170825,210230000,3807.0,8710,255370,330726320.0,3808.0,88,3807.0,42
rb1805,20170828,20170825,210230500,3807.0,8726,255364,331335560.0,3808.0,79,3807.0,48
rb1805,20170828,20170825,210231000,3808.0,8762,255362,332706440.0,3808.0,62,3807.0,59
rb1805,20170828,20170825,210231500,3807.0,8824,255388,335067380.0,3808.0,33,3807.0,60
rb1805,20170828,20170825,210232000,3809.0,8896,255444,337809160.0,3809.0,60,3808.0,28
rb1805,20170828,20170825,210232500,3809.0,8912,255446,338418520.0,3809.0,58,3808.0,29
rb1805,20170828,20170825,210233000,3809.0,8922,255448,338799420.0,3809.0,54,3808.0,32
rb1805,20170828,20170825,210233500,3809.0,8930,255454,339104140.0,3809.0,50,3808.0,42
rb1805,20170828,20170825,210234000,3808.0,9002,255506,341846580.0,3809.0,16,3808.0,40
rb1805,20170828,20170825,210234500,3809.0,9022,255524,342608380.0,3809.0,6,3808.0,32
rb1805,20170828,20170825,210235000,3809.0,9066,255526,344284340.0,3809.0,5,3808.0,31
rb1805,20170828,20170825,210235500,3809.0,9096,255546,345427040.0,3809.0,10,3808.0,38
rb1805,20170828,20170825,210236000,3809.0,9098,255548,345503220.0,3809.0,12,3808.0,50
rb1805,20170828,20170825,210236500,3809.0,9124,255568,346493560.0,3810.0,61,3809.0,14
rb1805,20170828,20170825,210237000,3810.0,9126,255568,346569760.0,3810.0,60,3809.0,17
rb1805,20170828,20170825,210237500,3810.0,9188,255564,348931420.0,3810.0,71,3809.0,4
rb1805,20170828,20170825,210238000,3810.0,9212,255556,349845600.0,3810.0,76,3809.0,1
rb1805,20170828,20170825,210238500,3809.0,9220,255556,350150360.0,3810.0,74,3808.0,55
rb1805,20170828,20170825,210239000,3809.0,9228,255556,350455080.0,3810.0,77,3809.0,1
rb1805,20170828,20170825,210239500,3810.0,9242,255552,350988440.0,3810.0,62,3809.0,13
rb1805,20170828,20170825,210240000,3809.0,9252,255552,351369340.0,3810.0,67,3809.0,4
rb1805,20170828,20170825,210240500,3809.0,9266,255550,351902620.0,3810.0,68,3809.0,1
rb1805,20170828,20170825,210241000,3809.0,9272,255546,352131160.0,3809.0,2,3808.0,63
rb1805,20170828,20170825,210241500,3809.0,9278,255548,352359700.0,3810.0,64,3809.0,26
rb1805,20170828,20170825,210242000,3810.0,9302,255552,353273920.0,3810.0,61,3809.0,10
rb1805,20170828,20170825,210242500,3809.0,9334,255530,354493000.0,3810.0,56,3809.0,4
rb1805,20170828,20170825,210243000,3809.0,9376,255540,356093160.0,3810.0,37,3809.0,4
rb1805,20170828,20170825,210243500,3809.0,9382,255540,356321740.0,3810.0,35,3809.0,7
rb1805,20170828,20170825,210244000,3810.0,9388,255540,356550340.0,3810.0,32,3809.0,16
rb1805,20170828,20170825,210244500,3809.0,9394,255542,356778900.0,3810.0,32,3809.0,15
rb1805,20170828,20170825,210245000,3810.0,9462,255572,359369720.0,3811.0,38,3810.0,17
rb1805,20170828,20170825,210245500,3810.0,9468,255572,359598320.0,3811.0,40,3810.0,17
rb1805,20170828,20170825,210246000,3810.0,9514,255572,361350920.0,3810.0,5,3809.0,28
rb1805,20170828,20170825,210246500,3810.0,9520,255574,361579520.0,3810.0,3,3809.0,42
rb1805,20170828,20170825,210247000,3809.0,9532,255576,362036680.0,3810.0,15,3809.0,40
rb1805,20170828,20170825,210247500,3811.0,9574,255576,363636900.0,3811.0,38,3810.0,19
rb1805,20170828,20170825,210248000,3812.0,9706,255526,368667900.0,3812.0,50,3811.0,2
rb1805,20170828,20170825,210248500,3812.0,9744,255532,370116260.0,3812.0,41,3810.0,11
rb1805,20170828,20170825,210249000,3812.0,9822,255546,373089540.0,3812.0,6,3810.0,18
rb1805,20170828,20170825,210249500,3811.0,9842,255548,373851920.0,3812.0,5,3811.0,11
rb1805,20170828,20170825,210250000,3811.0,9850,255544,374156860.0,3812.0,57,3811.0,15
rb1805,20170828,20170825,210250500,3811.0,9856,255544,374385560.0,3812.0,58,3811.0,5
rb1805,20170828,20170825,210251000,3811.0,9864,255552,374690500.0,3812.0,56,3811.0,10
rb1805,20170828,20170825,210251500,3811.0,9870,255558,374919200.0,3812.0,54,3811.0,61
rb1805,20170828,20170825,210252000,3811.0,9898,255586,375986500.0,3812.0,43,3811.0,58
rb1805,20170828,20170825,210252500,3812.0,9902,255588,376138980.0,3812.0,45,3811.0,58
rb1805,20170828,20170825,210253000,3812.0,9926,255592,377053720.0,3812.0,40,3811.0,51
rb1805,20170828,20170825,210253500,3812.0,9954,255614,378121040.0,3812.0,28,3811.0,49
rb1805,20170828,20170825,210254000,3813.0,10012,255666,380332020.0,3813.0,90,3812.0,5
rb1805,20170828,20170825,210254500,3813.0,10122,255594,384526300.0,3813.0,35,3812.0,5
rb1805,20170828,20170825,210255000,3812.0,10156,255602,385822580.0,3813.0,30,3812.0,1
rb1805,20170828,20170825,210255500,3812.0,10166,255600,386203840.0,3813.0,27,3812.0,11
rb1805,20170828,20170825,210256000,3812.0,10186,255600,386966240.0,3812.0,4,3811.0,56
rb1805,20170828,20170825,210256500,3812.0,10202,255608,387576180.0,3813.0,41,3812.0,11
rb1805,20170828,20170825,210257000,3812.0,10218,255608,388186140.0,3812.0,21,3811.0,62
rb1805,20170828,20170825,210257500,3811.0,10226,255612,388491080.0,3812.0,19,3811.0,61
rb1805,20170828,20170825,210258000,3811.0,10272,255656,390244560.0,3812.0,1,3811.0,57
rb1805,20170828,20170825,210258500,3811.0,10280,255662,390549480.0,3813.0,25,3811.0,56
rb1805,20170828,20170825,210259000,3813.0,10336,255708,392683860.0,3813.0,41,3811.0,35
rb1805,20170828,20170825,210259500,3813.0,10356,255716,393446300.0,3813.0,35,3812.0,3
rb1805,20170828,20170825,210300000,3813.0,10448,255766,396954120.0,3814.0,70,3813.0,11
rb1805,20170828,20170825,210300500,3814.0,10466,255770,397640520.0,3814.0,67,3813.0,25
rb1805,20170828,20170825,210301000,3814.0,10504,255802,399089840.0,3814.0,43,3813.0,37
rb1805,20170828,20170825,210301500,3814.0,10582,255804,402064580.0,3814.0,14,3813.0,28
rb1805,20170828,20170825,210302000,3813.0,10618,255834,403437580.0,3814.0,1,3813.0,13
rb1805,20170828,20170825,210302500,3814.0,10626,255834,403742700.0,3814.0,16,3813.0,14
rb1805,20170828,20170825,210303000,3815.0,10694,255846,406336400.0,3815.0,51,3814.0,17
rb1805,20170828,20170825,210303500,3816.0,10934,255952,415493580.0,3817.0,18,3815.0,28
rb1805,20170828,20170825,210304000,3817.0,11044,255994,419692780.0,3818.0,12,3817.0,20
rb1805,20170828,20170825,210304500,3817.0,11196,255902,425494320.0,3817.0,50,3815.0,50
rb1805,20170828,20170825,210305000,3817.0,11298,255872,429386980.0,3817.0,18,3815.0,29
rb1805,20170828,20170825,210305500,3817.0,11298,255872,429386980.0,3817.0,18,3815.0,53
rb1805,20170828,20170825,210306000,3815.0,11324,255864,430379120.0,3817.0,19,3815.0,48
rb1805,20170828,20170825,210306500,3815.0,11346,255852,431218540.0,3817.0,14,3815.0,39
rb1805,20170828,20170825,210307000,3817.0,11380,255848,432516200.0,3817.0,31,3815.0,41
rb1805,20170828,20170825,210307500,3816.0,11386,255846,432745200.0,3817.0,29,3815.0,42
rb1805,20170828,20170825,210308000,3817.0,11392,255848,432974140.0,3817.0,40,3816.0,1
rb1805,20170828,20170825,210308500,3815.0,11476,255822,436178760.0,3816.0,29,3814.0,15
rb1805,20170828,20170825,210309000,3815.0,11570,255808,439764260.0,3815.0,21,3813.0,17
rb1805,20170828,20170825,210309500,3815.0,11592,255816,440603500.0,3815.0,14,3814.0,7
rb1805,20170828,20170825,210310000,3814.0,11628,255808,441976540.0,3814.0,6,3813.0,24
rb1805,20170828,20170825,210310500,3813.0,11672,255820,443654300.0,3814.0,5,3813.0,4
rb1805,20170828,20170825,210311000,3813.0,11696,255814,444569280.0,3813.0,7,3811.0,27
rb1805,20170828,20170825,210311500,3812.0,11718,255828,445408020.0,3813.0,17,3812.0,11
rb1805,20170828,20170825,210312000,3813.0,11734,255836,446018080.0,3813.0,11,3812.0,14
rb1805,20170828,20170825,210312500,3812.0,11746,255844,446475520.0,3813.0,8,3811.0,27
rb1805,20170828,20170825,210313000,3813.0,11764,255842,447161780.0,3813.0,5,3812.0,14
rb1805,20170828,20170825,210313500,3812.0,11768,255842,447314280.0,3813.0,4,3812.0,19
rb1805,20170828,20170825,210314000,3813.0,11806,255846,448763580.0,3815.0,19,3813.0,16
rb1805,20170828,20170825,210314500,3814.0,11810,255850,448916120.0,3814.0,1,3813.0,17
rb1805,20170828,20170825,210315000,3813.0,11818,255852,449221180.0,3815.0,29,3813.0,14
rb1805,20170828,20170825,210315500,3813.0,11838,255868,449983780.0,3814.0,4,3813.0,5
rb1805,20170828,20170825,210316000,3813.0,11838,255868,449983780.0,3814.0,4,3813.0,5
rb1805,20170828,20170825,210316500,3815.0,11868,255868,451127920.0,3815.0,25,3813.0,3
rb1805,20170828,20170825,210317000,3815.0,11878,255866,451509420.0,3814.0,20,3813.0,4
rb1805,20170828,20170825,210317500,3813.0,11882,255866,451661940.0,3814.0,25,3813.0,2
rb1805,20170828,20170825,210318000,3812.0,11904,255880,452500940.0,3813.0,1,3812.0,59
rb1805,20170828,20170825,210318500,3814.0,11914,255886,452882300.0,3814.0,14,3812.0,60
rb1805,20170828,20170825,210319000,3813.0,11918,255890,453034820.0,3813.0,14,3812.0,77
rb1805,20170828,20170825,210319500,3813.0,11928,255888,453416060.0,3813.0,15,3812.0,74
rb1805,20170828,20170825,210320000,3812.0,11948,255888,454178460.0,3813.0,15,3812.0,64
rb1805,20170828,20170825,210320500,3813.0,11952,255890,454330980.0,3813.0,13,3812.0,64
rb1805,20170828,20170825,210321000,3812.0,11958,255884,454559700.0,3813.0,23,3812.0,62
rb1805,20170828,20170825,210321500,3813.0,11968,255888,454940940.0,3813.0,21,3812.0,59
rb1805,20170828,20170825,210322000,3812.0,11970,255888,455017180.0,3813.0,21,3812.0,58
rb1805,20170828,20170825,210322500,3813.0,11976,255888,455245920.0,3813.0,22,3812.0,56
rb1805,20170828,20170825,210323000,3813.0,11986,255894,455627180.0,3813.0,40,3812.0,54
rb1805,20170828,20170825,210323500,3813.0,12120,256004,460736220.0,3814.0,39,3813.0,81
rb1805,20170828,20170825,210324000,3813.0,12124,256008,460888740.0,3814.0,41,3813.0,86
rb1805,20170828,20170825,210324500,3813.0,12128,256010,461041260.0,3814.0,37,3813.0,90
rb1805,20170828,20170825,210325000,3813.0,12174,256036,462795640.0,3814.0,14,3813.0,88
rb1805,20170828,20170825,210325500,3814.0,12206,256062,464016120.0,3815.0,51,3814.0,1
rb1805,20170828,20170825,210326000,3814.0,12224,256066,464702500.0,3815.0,45,3813.0,82
rb1805,20170828,20170825,210326500,3813.0,12230,256070,464931300.0,3814.0,3,3813.0,86
rb1805,20170828,20170825,210327000,3813.0,12230,256070,464931300.0,3815.0,53,3813.0,86
rb1805,20170828,20170825,210327500,3813.0,12230,256070,464931300.0,3815.0,46,3813.0,86
rb1805,20170828,20170825,210328000,3814.0,12240,256070,465312740.0,3815.0,41,3814.0,17
rb1805,20170828,20170825,210328500,3814.0,12240,256070,465312740.0,3815.0,42,3814.0,17
rb1805,20170828,20170825,210329000,3814.0,12366,256142,470119220.0,3814.0,1,3813.0,98
rb1805,20170828,20170825,210329500,3814.0,12374,256144,470424340.0,3815.0,3,3814.0,9
rb1805,20170828,20170825,210330000,3813.0,12408,256170,471721220.0,3816.0,22,3813.0,100
rb1805,20170828,20170825,210330500,3815.0,12410,256172,471797520.0,3815.0,17,3814.0,2
rb1805,20170828,20170825,210331000,3814.0,12428,256170,472483980.0,3815.0,16,3814.0,1
rb1805,20170828,20170825,210331500,3815.0,12444,256178,473094260.0,3815.0,14,3814.0,22
rb1805,20170828,20170825,210332000,3814.0,12448,256176,473246820.0,3815.0,14,3814.0,22
rb1805,20170828,20170825,210332500,3815.0,12450,256176,473323120.0,3815.0,13,3814.0,34
rb1805,20170828,20170825,210333000,3814.0,12476,256164,474314760.0,3815.0,36,3814.0,31
rb1805,20170828,20170825,210333500,3815.0,12488,256170,474772560.0,3815.0,30,3814.0,31
rb1805,20170828,20170825,210334000,3814.0,12492,256168,474925120.0,3815.0,30,3814.0,36
rb1805,20170828,20170825,210334500,3814.0,12504,256178,475382900.0,3815.0,25,3814.0,35
rb1805,20170828,20170825,210335000,3814.0,12516,256176,475840680.0,3815.0,25,3814.0,34
rb1805,20170828,20170825,210335500,3814.0,12528,256174,476298380.0,3815.0,25,3814.0,29
rb1805,20170828,20170825,210336000,3814.0,12536,256170,476603500.0,3815.0,26,3814.0,28
rb1805,20170828,20170825,210336500,3814.0,12540,256170,476756060.0,3815.0,26,3814.0,23
rb1805,20170828,20170825,210337000,3814.0,12586,256136,478510500.0,3814.0,31,3813.0,97
rb1805,20170828,20170825,210337500,3814.0,12590,256134,478663060.0,3814.0,44,3813.0,97
rb1805,20170828,20170825,210338000,3814.0,12630,256134,480188660.0,3814.0,30,3813.0,105
rb1805,20170828,20170825,210338500,3813.0,12632,256136,480264920.0,3814.0,31,3813.0,97
rb1805,20170828,20170825,210339000,3813.0,12632,256136,480264920.0,3814.0,49,3813.0,99
rb1805,20170828,20170825,210340000,3813.0,12656,256160,481180040.0,3814.0,49,3813.0,88
rb1805,20170828,20170825,210340500,3814.0,12662,256162,481408840.0,3814.0,50,3813.0,86
rb1805,20170828,20170825,210341000,3813.0,12692,256192,482552740.0,3814.0,50,3813.0,65
rb1805,20170828,20170825,210341500,3813.0,12692,256192,482552740.0,3814.0,50,3813.0,66
rb1805,20170828,20170825,210342000,3813.0,12706,256204,483086580.0,3814.0,49,3813.0,68
rb1805,20170828,20170825,210342500,3813.0,12706,256204,483086580.0,3814.0,49,3813.0,71
rb1805,20170828,20170825,210343000,3813.0,12706,256204,483086580.0,3814.0,51,3813.0,72
rb1805,20170828,20170825,210343500,3813.0,12710,256208,483239100.0,3814.0,52,3813.0,60
rb1805,20170828,20170825,210344000,3813.0,12714,256210,483391620.0,3814.0,52,3813.0,58
rb1805,20170828,20170825,210344500,3813.0,12716,256212,483467880.0,3814.0,52,3813.0,56
rb1805,20170828,20170825,210345000,3813.0,12724,256212,483772920.0,3814.0,53,3813.0,52
rb1805,20170828,20170825,210345500,3814.0,12730,256212,484001720.0,3814.0,52,3813.0,50
rb1805,20170828,20170825,210346000,3813.0,12830,256234,487814720.0,3813.0,8,3812.0,24
rb1805,20170828,20170825,210346500,3812.0,12832,256236,487890960.0,3813.0,16,3812.0,23
rb1805,20170828,20170825,210347000,3813.0,12884,256284,489873220.0,3813.0,14,3811.0,129
rb1805,20170828,20170825,210347500,3813.0,12884,256284,489873220.0,3812.0,3,3811.0,137
rb1805,20170828,20170825,210348000,3812.0,12890,256286,490101940.0,3813.0,6,3812.0,12
rb1805,20170828,20170825,210348500,3812.0,12890,256286,490101940.0,3813.0,8,3812.0,62
rb1805,20170828,20170825,210349000,3813.0,12904,256274,490635740.0,3814.0,61,3813.0,2
rb1805,20170828,20170825,210349500,3814.0,12922,256260,491322240.0,3814.0,56,3812.0,95
rb1805,20170828,20170825,210350000,3812.0,12924,256258,491398480.0,3814.0,56,3812.0,106
rb1805,20170828,20170825,210350500,3812.0,12924,256258,491398480.0,3814.0,57,3812.0,106
rb1805,20170828,20170825,210351000,3812.0,12924,256258,491398480.0,3814.0,60,3812.0,106
rb1805,20170828,20170825,210351500,3813.0,12934,256250,491779720.0,3813.0,5,3812.0,103
rb1805,20170828,20170825,210352000,3813.0,12936,256248,491855980.0,3813.0,6,3812.0,103
rb1805,20170828,20170825,210352500,3813.0,12954,256254,492542320.0,3814.0,58,3813.0,68
rb1805,20170828,20170825,210353000,3814.0,12956,256254,492618600.0,3814.0,50,3813.0,55
rb1805,20170828,20170825,210353500,3813.0,12958,256254,492694860.0,3814.0,50,3813.0,51
rb1805,20170828,20170825,210354000,3813.0,12958,256254,492694860.0,3814.0,50,3813.0,54
rb1805,20170828,20170825,210354500,3814.0,12962,256254,492847420.0,3814.0,48,3813.0,57
rb1805,20170828,20170825,210355000,3814.0,12962,256254,492847420.0,3814.0,48,3813.0,55
rb1805,20170828,20170825,210355500,3814.0,12968,256254,493076240.0,3814.0,46,3813.0,59
rb1805,20170828,20170825,210356000,3814.0,13012,256228,494754400.0,3814.0,24,3813.0,39
rb1805,20170828,20170825,210356500,3814.0,13012,256228,494754400.0,3814.0,25,3813.0,39
rb1805,20170828,20170825,210357000,3815.0,13134,256270,499408200.0,3815.0,70,3813.0,39
rb1805,20170828,20170825,210357500,3813.0,13156,256270,500247120.0,3815.0,70,3813.0,26
rb1805,20170828,20170825,210358000,3813.0,13156,256270,500247120.0,3814.0,2,3813.0,25
rb1805,20170828,20170825,210358500,3814.0,13160,256270,500399660.0,3814.0,8,3813.0,25
rb1805,20170828,20170825,210359000,3813.0,13162,256272,500475920.0,3814.0,8,3813.0,24
rb1805,20170828,20170825,210359500,3813.0,13168,256268,500704700.0,3814.0,11,3813.0,27
rb1805,20170828,20170825,210400000,3813.0,13172,256268,500857220.0,3814.0,8,3813.0,25
rb1805,20170828,20170825,210400500,3813.0,13200,256272,501924900.0,3814.0,23,3813.0,13
rb1805,20170828,20170825,210401000,3813.0,13202,256270,502001160.0,3814.0,23,3813.0,12
rb1805,20170828,20170825,210401500,3813.0,13202,256270,502001160.0,3814.0,23,3813.0,12
rb1805,20170828,20170825,210402000,3813.0,13202,256270,502001160.0,3814.0,23,3813.0,12
rb1805,20170828,20170825,210402500,3813.0,13204,256270,502077420.0,3814.0,23,3813.0,18
rb1805,20170828,20170825,210403000,3814.0,13206,256272,502153700.0,3814.0,23,3813.0,23
rb1805,20170828,20170825,210403500,3814.0,13226,256274,502916500.0,3814.0,13,3813.0,23
rb1805,20170828,20170825,210404000,3813.0,13258,256254,504136920.0,3814.0,5,3813.0,20
rb1805,20170828,20170825,210404500,3814.0,13266,256258,504442040.0,3814.0,6,3813.0,20
rb1805,20170828,20170825,210405000,3813.0,13270,256260,504594560.0,3814.0,6,3813.0,13
rb1805,20170828,20170825,210405500,3813.0,13272,256260,504670820.0,3814.0,7,3813.0,12
rb1805,20170828,20170825,210406000,3813.0,13276,256260,504823340.0,3814.0,12,3813.0,10
rb1805,20170828,20170825,210406500,3814.0,13288,256268,505281020.0,3815.0,70,3814.0,16
rb1805,20170828,20170825,210407000,3814.0,13290,256268,505357300.0,3815.0,70,3814.0,15
rb1805,20170828,20170825,210407500,3814.0,13292,256268,505433580.0,3815.0,71,3814.0,16
rb1805,20170828,20170825,210408000,3814.0,13294,256270,505509860.0,3815.0,71,3814.0,15
rb1805,20170828,20170825,210408500,3814.0,13304,256280,505891260.0,3815.0,71,3814.0,11
rb1805,20170828,20170825,210409000,3814.0,13312,256280,506196440.0,3815.0,68,3814.0,10
rb1805,20170828,20170825,210409500,3814.0,13334,256282,507035520.0,3814.0,50,3813.0,17
rb1805,20170828,20170825,210410000,3814.0,13334,256282,507035520.0,3814.0,50,3813.0,10
rb1805,20170828,20170825,210410500,3814.0,13334,256282,507035520.0,3814.0,50,3813.0,10
rb1805,20170828,20170825,210411000,3814.0,13342,256290,507340640.0,3814.0,44,3813.0,10
rb1805,20170828,20170825,210411500,3814.0,13342,256290,507340640.0,3814.0,48,3813.0,10
rb1805,20170828,20170825,210412000,3814.0,13368,256296,508332220.0,3814.0,39,3813.0,8
rb1805,20170828,20170825,210412500,3814.0,13388,256316,509095020.0,3814.0,43,3813.0,9
rb1805,20170828,20170825,210413000,3813.0,13408,256316,509857620.0,3813.0,4,3812.0,113
rb1805,20170828,20170825,210413500,3813.0,13472,256320,512297340.0,3813.0,51,3812.0,76
rb1805,20170828,20170825,210414000,3812.0,13474,256318,512373580.0,3813.0,62,3812.0,75
rb1805,20170828,20170825,210414500,3812.0,13630,256318,518320280.0,3812.0,153,3811.0,140
rb1805,20170828,20170825,210415000,3812.0,13676,256348,520073360.0,3812.0,141,3811.0,110
rb1805,20170828,20170825,210415500,3811.0,13698,256344,520911780.0,3812.0,143,3811.0,101
rb1805,20170828,20170825,210416000,3811.0,13750,256318,522893500.0,3812.0,130,3811.0,79
rb1805,20170828,20170825,210416500,3811.0,13752,256316,522969720.0,3812.0,131,3811.0,79
rb1805,20170828,20170825,210417000,3812.0,13784,256306,524189280.0,3812.0,131,3811.0,65
rb1805,20170828,20170825,210417500,3811.0,13796,256306,524646600.0,3812.0,131,3811.0,59
rb1805,20170828,20170825,210418000,3810.0,14018,256292,533106040.0,3811.0,1,3810.0,62
rb1805,20170828,20170825,210418500,3810.0,14022,256290,533258440.0,3812.0,137,3810.0,60
rb1805,20170828,20170825,210419000,3811.0,14052,256288,534401540.0,3811.0,10,3810.0,50
rb1805,20170828,20170825,210419500,3811.0,14058,256282,534630200.0,3811.0,7,3810.0,50
rb1805,20170828,20170825,210420000,3811.0,14058,256282,534630200.0,3811.0,8,3810.0,50
rb1805,20170828,20170825,210420500,3811.0,14080,256262,535468420.0,3811.0,7,3810.0,46
rb1805,20170828,20170825,210421000,3811.0,14080,256262,535468420.0,3811.0,17,3810.0,47
rb1805,20170828,20170825,210421500,3810.0,14084,256258,535620820.0,3811.0,20,3810.0,45
rb1805,20170828,20170825,210422000,3810.0,14084,256258,535620820.0,3811.0,20,3810.0,47
rb1805,20170828,20170825,210422500,3810.0,14146,256212,537983140.0,3811.0,17,3810.0,23
rb1805,20170828,20170825,210423000,3811.0,14152,256214,538211780.0,3811.0,17,3810.0,25
rb1805,20170828,20170825,210423500,3810.0,14154,256212,538287980.0,3811.0,17,3810.0,24
rb1805,20170828,20170825,210424000,3810.0,14162,256204,538592780.0,3811.0,17,3810.0,20
rb1805,20170828,20170825,210424500,3810.0,14164,256204,538668980.0,3811.0,17,3810.0,64
rb1805,20170828,20170825,210425000,3810.0,14164,256204,538668980.0,3811.0,17,3810.0,65
rb1805,20170828,20170825,210425500,3810.0,14164,256204,538668980.0,3811.0,17,3810.0,67
rb1805,20170828,20170825,210426000,3810.0,14166,256206,538745180.0,3811.0,17,3810.0,70
rb1805,20170828,20170825,210426500,3810.0,14176,256216,539126180.0,3811.0,18,3810.0,70
rb1805,20170828,20170825,210427000,3810.0,14176,256216,539126180.0,3811.0,19,3810.0,88
rb1805,20170828,20170825,210427500,3811.0,14180,256216,539278620.0,3811.0,19,3810.0,93
rb1805,20170828,20170825,210428000,3811.0,14180,256216,539278620.0,3811.0,19,3810.0,93
rb1805,20170828,20170825,210428500,3811.0,14220,256206,540803020.0,3812.0,149,3811.0,90
rb1805,20170828,20170825,210429000,3811.0,14220,256206,540803020.0,3812.0,139,3811.0,90
rb1805,20170828,20170825,210429500,3811.0,14222,256206,540879240.0,3812.0,139,3811.0,81
rb1805,20170828,20170825,210430000,3811.0,14222,256206,540879240.0,3812.0,140,3811.0,81
rb1805,20170828,20170825,210430500,3811.0,14242,256196,541641440.0,3812.0,143,3811.0,73
rb1805,20170828,20170825,210431000,3811.0,14246,256196,541793900.0,3812.0,134,3811.0,73
rb1805,20170828,20170825,210431500,3811.0,14248,256194,541870120.0,3812.0,126,3811.0,72
rb1805,20170828,20170825,210432000,3811.0,14250,256194,541946340.0,3812.0,126,3811.0,71
rb1805,20170828,20170825,210432500,3811.0,14304,256144,544004800.0,3812.0,97,3811.0,55
rb1805,20170828,20170825,210433000,3812.0,14344,256112,545529560.0,3812.0,79,3811.0,53
rb1805,20170828,20170825,210433500,3811.0,14346,256112,545605780.0,3812.0,79,3811.0,58
rb1805,20170828,20170825,210434000,3812.0,14360,256098,546139440.0,3812.0,73,3811.0,65
rb1805,20170828,20170825,210434500,3811.0,14366,256098,546368100.0,3812.0,73,3811.0,63
rb1805,20170828,20170825,210435000,3811.0,14366,256098,546368100.0,3812.0,73,3811.0,64
rb1805,20170828,20170825,210435500,3811.0,14366,256098,546368100.0,3812.0,73,3811.0,64
rb1805,20170828,20170825,210436000,3811.0,14366,256098,546368100.0,3812.0,73,3811.0,65
rb1805,20170828,20170825,210436500,3811.0,14372,256096,546596800.0,3812.0,71,3811.0,58
rb1805,20170828,20170825,210437000,3812.0,14374,256096,546673040.0,3812.0,70,3811.0,58
rb1805,20170828,20170825,210437500,3811.0,14382,256096,546977960.0,3812.0,67,3811.0,56
rb1805,20170828,20170825,210438000,3812.0,14518,256030,552162280.0,3813.0,14,3812.0,50
rb1805,20170828,20170825,210438500,3813.0,14538,256016,552924900.0,3814.0,18,3813.0,1
rb1805,20170828,20170825,210439000,3813.0,14546,256012,553229940.0,3813.0,1,3812.0,55
rb1805,20170828,20170825,210439500,3812.0,14560,255998,553763740.0,3814.0,21,3812.0,55
rb1805,20170828,20170825,210440000,3812.0,14562,255998,553839980.0,3814.0,21,3812.0,54
rb1805,20170828,20170825,210440500,3813.0,14564,255998,553916240.0,3814.0,26,3812.0,54
rb1805,20170828,20170825,210441000,3812.0,14566,255998,553992480.0,3814.0,27,3812.0,53
rb1805,20170828,20170825,210441500,3812.0,14572,255996,554221200.0,3814.0,27,3812.0,30
rb1805,20170828,20170825,210442000,3812.0,14574,255996,554297440.0,3814.0,26,3812.0,31
rb1805,20170828,20170825,210442500,3813.0,14576,255996,554373700.0,3814.0,26,3812.0,31
rb1805,20170828,20170825,210443000,3813.0,14578,255996,554449960.0,3814.0,26,3813.0,19
rb1805,20170828,20170825,210443500,3813.0,14578,255996,554449960.0,3814.0,26,3813.0,19
rb1805,20170828,20170825,210444000,3813.0,14578,255996,554449960.0,3814.0,25,3813.0,19
rb1805,20170828,20170825,210444500,3814.0,14588,256002,554831360.0,3814.0,22,3813.0,19
rb1805,20170828,20170825,210445000,3814.0,14588,256002,554831360.0,3814.0,19,3813.0,21
rb1805,20170828,20170825,210445500,3814.0,14588,256002,554831360.0,3814.0,20,3813.0,22
rb1805,20170828,20170825,210446000,3814.0,14592,256002,554983920.0,3814.0,22,3813.0,24
rb1805,20170828,20170825,210446500,3814.0,14594,256002,555060200.0,3814.0,21,3813.0,24
rb1805,20170828,20170825,210447000,3815.0,14652,256030,557272440.0,3815.0,90,3813.0,24
rb1805,20170828,20170825,210447500,3815.0,14652,256030,557272440.0,3815.0,90,3814.0,2
rb1805,20170828,20170825,210448000,3815.0,14666,256042,557806420.0,3815.0,88,3814.0,3
rb1805,20170828,20170825,210448500,3813.0,14688,256046,558645520.0,3815.0,88,3813.0,25
rb1805,20170828,20170825,210449000,3813.0,14688,256046,558645520.0,3815.0,90,3814.0,1
rb1805,20170828,20170825,210449500,3814.0,14690,256046,558721800.0,3814.0,2,3813.0,25
rb1805,20170828,20170825,210450000,3814.0,14708,256054,559408320.0,3814.0,2,3813.0,25
rb1805,20170828,20170825,210450500,3814.0,14712,256050,559560880.0,3815.0,90,3814.0,40
rb1805,20170828,20170825,210451000,3815.0,14842,256010,564519200.0,3815.0,82,3814.0,27
rb1805,20170828,20170825,210451500,3813.0,14942,256028,568332740.0,3814.0,49,3812.0,42
rb1805,20170828,20170825,210452000,3813.0,15028,255978,571611080.0,3813.0,9,3811.0,100
rb1805,20170828,20170825,210452500,3813.0,15030,255978,571687340.0,3813.0,13,3811.0,100
rb1805,20170828,20170825,210453000,3813.0,15030,255978,571687340.0,3813.0,14,3811.0,101
rb1805,20170828,20170825,210453500,3813.0,15030,255978,571687340.0,3813.0,16,3811.0,101
rb1805,20170828,20170825,210454000,3811.0,15070,255940,573211760.0,3813.0,16,3811.0,83
rb1805,20170828,20170825,210454500,3811.0,15070,255940,573211760.0,3813.0,16,3811.0,83
rb1805,20170828,20170825,210455000,3811.0,15070,255940,573211760.0,3813.0,16,3811.0,83
rb1805,20170828,20170825,210455500,3811.0,15084,255938,573745500.0,3813.0,11,3811.0,81
rb1805,20170828,20170825,210456000,3812.0,15088,255936,573897960.0,3813.0,7,3812.0,14
rb1805,20170828,20170825,210456500,3812.0,15088,255936,573897960.0,3813.0,4,3812.0,15
rb1805,20170828,20170825,210457000,3812.0,15092,255936,574050460.0,3813.0,8,3812.0,14
rb1805,20170828,20170825,210457500,3813.0,15104,255938,574508020.0,3814.0,73,3813.0,22
rb1805,20170828,20170825,210458000,3813.0,15112,255936,574813100.0,3814.0,58,3813.0,33
rb1805,20170828,20170825,210458500,3813.0,15120,255936,575118140.0,3814.0,58,3813.0,32
rb1805,20170828,20170825,210459000,3813.0,15124,255936,575270660.0,3814.0,60,3813.0,30
rb1805,20170828,20170825,210459500,3813.0,15126,255936,575346920.0,3814.0,60,3813.0,27
rb1805,20170828,20170825,210500000,3813.0,15132,255934,575575740.0,3814.0,60,3813.0,26
rb1805,20170828,20170825,210500500,3814.0,15188,255944,577711040.0,3814.0,59,3813.0,17
rb1805,20170828,20170825,210501000,3813.0,15228,255944,579236240.0,3813.0,20,3812.0,31
rb1805,20170828,20170825,210501500,3813.0,15238,255944,579617540.0,3813.0,18,3812.0,21
rb1805,20170828,20170825,210502000,3813.0,15238,255944,579617540.0,3813.0,18,3812.0,21
rb1805,20170828,20170825,210502500,3812.0,15260,255942,580456180.0,3813.0,19,3812.0,12
rb1805,20170828,20170825,210503000,3812.0,15286,255934,581447300.0,3812.0,27,3811.0,83
rb1805,20170828,20170825,210503500,3812.0,15364,256002,584419920.0,3812.0,37,3811.0,42
rb1805,20170828,20170825,210504000,3812.0,15468,256088,588383560.0,3812.0,32,3810.0,77
rb1805,20170828,20170825,210504500,3812.0,15468,256088,588383560.0,3812.0,31,3811.0,1
rb1805,20170828,20170825,210505000,3811.0,15480,256098,588840880.0,3811.0,2,3810.0,78
rb1805,20170828,20170825,210505500,3811.0,15480,256098,588840880.0,3811.0,2,3810.0,78
rb1805,20170828,20170825,210506000,3810.0,15486,256102,589069480.0,3811.0,5,3810.0,75
rb1805,20170828,20170825,210506500,3810.0,15486,256102,589069480.0,3811.0,12,3810.0,75
rb1805,20170828,20170825,210507000,3810.0,15496,256108,589450480.0,3811.0,13,3810.0,70
rb1805,20170828,20170825,210507500,3810.0,15496,256108,589450480.0,3811.0,13,3810.0,70
rb1805,20170828,20170825,210508000,3810.0,15498,256106,589526680.0,3811.0,24,3810.0,69
rb1805,20170828,20170825,210508500,3810.0,15498,256106,589526680.0,3811.0,24,3810.0,69
rb1805,20170828,20170825,210509000,3810.0,15502,256102,589679080.0,3811.0,25,3810.0,60
rb1805,20170828,20170825,210509500,3810.0,15536,256124,590974480.0,3811.0,25,3810.0,43
rb1805,20170828,20170825,210510000,3810.0,15548,256132,591431780.0,3811.0,20,3810.0,52
rb1805,20170828,20170825,210510500,3811.0,15578,256160,592574800.0,3811.0,19,3810.0,38
rb1805,20170828,20170825,210511000,3811.0,15616,256188,594022920.0,3812.0,33,3811.0,4
rb1805,20170828,20170825,210511500,3811.0,15616,256188,594022920.0,3812.0,33,3811.0,4
rb1805,20170828,20170825,210512000,3811.0,15618,256190,594099140.0,3812.0,33,3811.0,3
rb1805,20170828,20170825,210512500,3811.0,15630,256192,594556460.0,3812.0,23,3811.0,2
rb1805,20170828,20170825,210513000,3811.0,15632,256194,594632680.0,3812.0,23,3811.0,1
rb1805,20170828,20170825,210513500,3810.0,15654,256190,595470940.0,3812.0,23,3810.0,30
rb1805,20170828,20170825,210514000,3810.0,15658,256194,595623340.0,3812.0,23,3810.0,28
rb1805,20170828,20170825,210514500,3810.0,15680,256208,596461540.0,3811.0,2,3810.0,17
rb1805,20170828,20170825,210515000,3810.0,15680,256208,596461540.0,3811.0,7,3810.0,27
rb1805,20170828,20170825,210515500,3810.0,15680,256208,596461540.0,3811.0,7,3810.0,28
rb1805,20170828,20170825,210516000,3811.0,15682,256208,596537760.0,3811.0,6,3810.0,28
rb1805,20170828,20170825,210516500,3811.0,15694,256208,596995060.0,3811.0,2,3810.0,28
rb1805,20170828,20170825,210517000,3811.0,15708,256198,597528600.0,3812.0,30,3811.0,34
rb1805,20170828,20170825,210517500,3811.0,15714,256198,597757260.0,3812.0,30,3811.0,36
rb1805,20170828,20170825,210518000,3811.0,15786,256178,600501680.0,3811.0,42,3810.0,38
rb1805,20170828,20170825,210518500,3811.0,15876,256176,603931520.0,3812.0,2,3810.0,36
rb1805,20170828,20170825,210519000,3811.0,15884,256174,604236400.0,3812.0,2,3811.0,13
rb1805,20170828,20170825,210519500,3811.0,15884,256174,604236400.0,3812.0,9,3811.0,14
rb1805,20170828,20170825,210520000,3811.0,15910,256152,605227260.0,3812.0,12,3811.0,1
rb1805,20170828,20170825,210520500,3811.0,15914,256154,605379700.0,3811.0,30,3810.0,103
rb1805,20170828,20170825,210521000,3811.0,15914,256154,605379700.0,3811.0,70,3810.0,103
rb1805,20170828,20170825,210521500,3811.0,16050,256018,610562640.0,3811.0,3,3810.0,102
rb1805,20170828,20170825,210522000,3811.0,16050,256018,610562640.0,3811.0,3,3810.0,95
rb1805,20170828,20170825,210522500,3811.0,16050,256018,610562640.0,3811.0,3,3810.0,95
rb1805,20170828,20170825,210523000,3811.0,16056,256018,610791300.0,3812.0,35,3811.0,3
rb1805,20170828,20170825,210523500,3811.0,16060,256018,610943740.0,3812.0,33,3811.0,2
rb1805,20170828,20170825,210524000,3811.0,16062,256020,611019960.0,3812.0,33,3811.0,61
rb1805,20170828,20170825,210524500,3811.0,16064,256022,611096180.0,3812.0,33,3811.0,66
rb1805,20170828,20170825,210525000,3811.0,16066,256020,611172400.0,3812.0,33,3811.0,65
rb1805,20170828,20170825,210525500,3811.0,16066,256020,611172400.0,3812.0,34,3811.0,65
rb1805,20170828,20170825,210526000,3811.0,16074,256012,611477280.0,3812.0,34,3811.0,62
rb1805,20170828,20170825,210526500,3811.0,16074,256012,611477280.0,3812.0,34,3811.0,62
rb1805,20170828,20170825,210527000,3811.0,16074,256012,611477280.0,3812.0,34,3811.0,62
rb1805,20170828,20170825,210527500,3811.0,16074,256012,611477280.0,3812.0,35,3811.0,62
rb1805,20170828,20170825,210528000,3812.0,16076,256014,611553520.0,3812.0,34,3811.0,63
rb1805,20170828,20170825,210528500,3812.0,16080,256010,611705980.0,3812.0,33,3811.0,62
rb1805,20170828,20170825,210529000,3812.0,16148,256054,614298140.0,3813.0,17,3812.0,16
rb1805,20170828,20170825,210529500,3813.0,16150,256054,614374400.0,3813.0,11,3812.0,16
rb1805,20170828,20170825,210530000,3813.0,16156,256056,614603140.0,3813.0,10,3812.0,14
rb1805,20170828,20170825,210530500,3812.0,16184,256056,615670500.0,3812.0,1,3811.0,64
rb1805,20170828,20170825,210531000,3812.0,16184,256056,615670500.0,3812.0,1,3811.0,64
rb1805,20170828,20170825,210531500,3812.0,16184,256056,615670500.0,3812.0,1,3811.0,65
rb1805,20170828,20170825,210532000,3813.0,16190,256062,615899260.0,3813.0,12,3812.0,1
rb1805,20170828,20170825,210532500,3812.0,16192,256062,615975500.0,3812.0,1,3811.0,66
rb1805,20170828,20170825,210533000,3812.0,16194,256064,616051740.0,3813.0,12,3811.0,66
rb1805,20170828,20170825,210533500,3812.0,16194,256064,616051740.0,3812.0,1,3811.0,67
rb1805,20170828,20170825,210534000,3812.0,16194,256064,616051740.0,3812.0,1,3811.0,68
rb1805,20170828,20170825,210534500,3812.0,16194,256064,616051740.0,3812.0,1,3811.0,68
rb1805,20170828,20170825,210535000,3811.0,16196,256064,616127960.0,3812.0,1,3811.0,67
rb1805,20170828,20170825,210535500,3812.0,16238,256062,617728600.0,3813.0,28,3811.0,47
rb1805,20170828,20170825,210536000,3811.0,16242,256064,617881040.0,3812.0,1,3811.0,45
rb1805,20170828,20170825,210536500,3812.0,16244,256066,617957280.0,3813.0,30,3812.0,3
rb1805,20170828,20170825,210537000,3812.0,16250,256066,618186000.0,3812.0,9,3811.0,45
rb1805,20170828,20170825,210537500,3812.0,16266,256058,618795920.0,3813.0,30,3812.0,1
rb1805,20170828,20170825,210538000,3811.0,16270,256058,618948380.0,3813.0,30,3811.0,44
rb1805,20170828,20170825,210538500,3811.0,16270,256058,618948380.0,3813.0,30,3811.0,44
rb1805,20170828,20170825,210539000,3811.0,16274,256060,619100860.0,3813.0,29,3811.0,43
rb1805,20170828,20170825,210539500,3813.0,16284,256054,619482160.0,3813.0,26,3812.0,3
rb1805,20170828,20170825,210540000,3812.0,16286,256054,619558400.0,3813.0,26,3812.0,3
rb1805,20170828,20170825,210540500,3812.0,16290,256056,619710880.0,3813.0,27,3812.0,1
rb1805,20170828,20170825,210541000,3813.0,16330,256030,621236080.0,3813.0,9,3812.0,1
rb1805,20170828,20170825,210541500,3813.0,16340,256034,621617380.0,3813.0,8,3812.0,1
rb1805,20170828,20170825,210542000,3813.0,16340,256034,621617380.0,3813.0,4,3812.0,3
rb1805,20170828,20170825,210542500,3812.0,16342,256034,621693620.0,3813.0,9,3812.0,6
rb1805,20170828,20170825,210543000,3812.0,16348,256040,621922340.0,3813.0,10,3812.0,3
rb1805,20170828,20170825,210543500,3812.0,16350,256042,621998580.0,3813.0,15,3812.0,8
rb1805,20170828,20170825,210544000,3813.0,16352,256042,622074840.0,3813.0,30,3812.0,3
rb1805,20170828,20170825,210544500,3812.0,16356,256042,622227320.0,3813.0,35,3812.0,1
rb1805,20170828,20170825,210545000,3812.0,16360,256040,622379800.0,3813.0,35,3812.0,1
rb1805,20170828,20170825,210545500,3812.0,16364,256040,622532280.0,3812.0,1,3811.0,43
rb1805,20170828,20170825,210546000,3812.0,16366,256038,622608520.0,3813.0,56,3812.0,6
rb1805,20170828,20170825,210546500,3813.0,16380,256040,623142220.0,3813.0,55,3811.0,43
rb1805,20170828,20170825,210547000,3813.0,16382,256038,623218480.0,3812.0,1,3811.0,43
rb1805,20170828,20170825,210547500,3812.0,16384,256038,623294720.0,3812.0,1,3811.0,44
rb1805,20170828,20170825,210548000,3812.0,16384,256038,623294720.0,3812.0,1,3811.0,44
rb1805,20170828,20170825,210548500,3812.0,16384,256038,623294720.0,3812.0,11,3811.0,44
rb1805,20170828,20170825,210549000,3812.0,16384,256038,623294720.0,3812.0,11,3811.0,44
rb1805,20170828,20170825,210549500,3813.0,16408,256046,624209620.0,3813.0,53,3811.0,44
rb1805,20170828,20170825,210550000,3813.0,16408,256046,624209620.0,3812.0,35,3811.0,44
rb1805,20170828,20170825,210550500,3813.0,16408,256046,624209620.0,3812.0,36,3811.0,44
rb1805,20170828,20170825,210551000,3812.0,16420,256054,624666980.0,3812.0,36,3811.0,41
rb1805,20170828,20170825,210551500,3812.0,16420,256054,624666980.0,3812.0,36,3811.0,41
rb1805,20170828,20170825,210552000,3812.0,16420,256054,624666980.0,3812.0,36,3811.0,41
rb1805,20170828,20170825,210552500,3811.0,16422,256054,624743200.0,3812.0,39,3811.0,40
rb1805,20170828,20170825,210553000,3811.0,16424,256054,624819420.0,3812.0,39,3811.0,41
rb1805,20170828,20170825,210554000,3811.0,16436,256056,625276740.0,3812.0,39,3811.0,34
rb1805,20170828,20170825,210554500,3811.0,16438,256056,625352960.0,3812.0,39,3811.0,33
rb1805,20170828,20170825,210555000,3811.0,16438,256056,625352960.0,3812.0,40,3811.0,33
rb1805,20170828,20170825,210555500,3811.0,16438,256056,625352960.0,3812.0,40,3811.0,34
rb1805,20170828,20170825,210556000,3811.0,16438,256056,625352960.0,3812.0,41,3811.0,34
rb1805,20170828,20170825,210556500,3811.0,16440,256058,625429180.0,3812.0,41,3811.0,32
rb1805,20170828,20170825,210557000,3811.0,16442,256058,625505400.0,3812.0,41,3811.0,31
rb1805,20170828,20170825,210557500,3811.0,16444,256058,625581620.0,3812.0,41,3811.0,34
rb1805,20170828,20170825,210558000,3811.0,16444,256058,625581620.0,3812.0,43,3811.0,34
rb1805,20170828,20170825,210559000,3811.0,16454,256058,625962720.0,3812.0,43,3811.0,29
rb1805,20170828,20170825,210559500,3811.0,16454,256058,625962720.0,3812.0,43,3811.0,34
rb1805,20170828,20170825,210600500,3811.0,16454,256058,625962720.0,3812.0,43,3811.0,34
rb1805,20170828,20170825,210601000,3811.0,16460,256058,626191380.0,3812.0,43,3811.0,32
rb1805,20170828,20170825,210601500,3811.0,16470,256066,626572560.0,3812.0,39,3811.0,31
rb1805,20170828,20170825,210602000,3811.0,16472,256068,626648780.0,3812.0,39,3811.0,30
rb1805,20170828,20170825,210602500,3811.0,16472,256068,626648780.0,3812.0,39,3811.0,54
rb1805,20170828,20170825,210603000,3812.0,16474,256068,626725020.0,3812.0,34,3811.0,91
rb1805,20170828,20170825,210603500,3812.0,16482,256072,627029980.0,3812.0,31,3811.0,89
rb1805,20170828,20170825,210604000,3811.0,16492,256076,627411100.0,3812.0,30,3811.0,85
rb1805,20170828,20170825,210604500,3811.0,16492,256076,627411100.0,3812.0,30,3811.0,87
rb1805,20170828,20170825,210605500,3811.0,16496,256076,627563540.0,3812.0,30,3811.0,85
rb1805,20170828,20170825,210606000,3812.0,16508,256076,628020980.0,3812.0,24,3811.0,105
rb1805,20170828,20170825,210606500,3812.0,16524,256092,628630900.0,3812.0,16,3811.0,85
rb1805,20170828,20170825,210607000,3812.0,16526,256094,628707140.0,3812.0,15,3811.0,85
rb1805,20170828,20170825,210607500,3812.0,16556,256096,629850740.0,3813.0,91,3812.0,2
rb1805,20170828,20170825,210608000,3811.0,16564,256098,630155680.0,3812.0,19,3811.0,86
rb1805,20170828,20170825,210608500,3812.0,16602,256100,631604240.0,3813.0,62,3812.0,78
rb1805,20170828,20170825,210609000,3813.0,16626,256080,632519360.0,3813.0,50,3812.0,75
rb1805,20170828,20170825,210609500,3812.0,16740,256108,636865360.0,3813.0,34,3812.0,54
rb1805,20170828,20170825,210610000,3812.0,16740,256108,636865360.0,3813.0,34,3812.0,56
rb1805,20170828,20170825,210610500,3812.0,16772,256092,638085200.0,3813.0,34,3812.0,44
rb1805,20170828,20170825,210611000,3813.0,16804,256094,639305360.0,3813.0,18,3812.0,46
rb1805,20170828,20170825,210611500,3813.0,16846,256068,640906820.0,3814.0,23,3813.0,55
rb1805,20170828,20170825,210612000,3814.0,16850,256068,641059380.0,3814.0,21,3813.0,25
rb1805,20170828,20170825,210612500,3814.0,16864,256068,641593340.0,3814.0,15,3813.0,15
rb1805,20170828,20170825,210613000,3814.0,16864,256068,641593340.0,3814.0,16,3813.0,19
rb1805,20170828,20170825,210613500,3814.0,16866,256068,641669620.0,3814.0,14,3813.0,42
rb1805,20170828,20170825,210614000,3814.0,16888,256066,642508700.0,3814.0,2,3813.0,61
rb1805,20170828,20170825,210614500,3813.0,16894,256062,642737520.0,3815.0,161,3813.0,62
rb1805,20170828,20170825,210615000,3815.0,16942,256102,644568540.0,3815.0,144,3813.0,58
rb1805,20170828,20170825,210615500,3815.0,16950,256108,644873680.0,3815.0,140,3814.0,2
rb1805,20170828,20170825,210616000,3815.0,17082,256194,649909480.0,3815.0,74,3814.0,7
rb1805,20170828,20170825,210616500,3814.0,17084,256196,649985760.0,3815.0,74,3814.0,28
rb1805,20170828,20170825,210617000,3815.0,17088,256200,650138360.0,3815.0,68,3814.0,124
rb1805,20170828,20170825,210617500,3815.0,17088,256200,650138360.0,3815.0,78,3814.0,126
rb1805,20170828,20170825,210618000,3815.0,17100,256204,650596160.0,3815.0,73,3814.0,126
rb1805,20170828,20170825,210618500,3815.0,17106,256204,650825060.0,3815.0,70,3814.0,126
rb1805,20170828,20170825,210619000,3815.0,17108,256202,650901360.0,3815.0,70,3814.0,87
rb1805,20170828,20170825,210619500,3815.0,17156,256178,652732560.0,3815.0,46,3814.0,87
rb1805,20170828,20170825,210620000,3815.0,17280,256144,657463160.0,3816.0,44,3815.0,54
rb1805,20170828,20170825,210620500,3816.0,17290,256152,657844740.0,3816.0,33,3815.0,75
rb1805,20170828,20170825,210621000,3815.0,17382,256112,661355340.0,3817.0,63,3815.0,78
rb1805,20170828,20170825,210621500,3817.0,17494,256068,665630320.0,3817.0,11,3816.0,10
rb1805,20170828,20170825,210622000,3816.0,17548,256026,667690960.0,3816.0,7,3815.0,88
rb1805,20170828,20170825,210622500,3816.0,17574,256012,668683140.0,3817.0,16,3816.0,23
rb1805,20170828,20170825,210623000,3817.0,17630,255992,670820480.0,3817.0,2,3816.0,14
rb1805,20170828,20170825,210623500,3817.0,17636,255994,671049460.0,3817.0,31,3816.0,14
rb1805,20170828,20170825,210624000,3816.0,17642,255994,671278460.0,3817.0,32,3816.0,11
rb1805,20170828,20170825,210624500,3817.0,17646,255994,671431120.0,3817.0,41,3816.0,10
rb1805,20170828,20170825,210625000,3816.0,17652,255992,671660120.0,3817.0,40,3816.0,9
rb1805,20170828,20170825,210625500,3817.0,17676,255992,672576200.0,3817.0,28,3816.0,9
rb1805,20170828,20170825,210626000,3817.0,17676,255992,672576200.0,3817.0,29,3816.0,9
rb1805,20170828,20170825,210626500,3816.0,17690,255984,673110540.0,3817.0,26,3816.0,8
rb1805,20170828,20170825,210627000,3816.0,17696,255988,673339500.0,3817.0,26,3816.0,16
rb1805,20170828,20170825,210627500,3816.0,17742,255994,675094860.0,3817.0,26,3816.0,2
rb1805,20170828,20170825,210628000,3817.0,17744,255994,675171200.0,3817.0,26,3816.0,9
rb1805,20170828,20170825,210628500,3816.0,17760,255994,675781900.0,3817.0,20,3816.0,17
rb1805,20170828,20170825,210629000,3817.0,17766,255994,676010900.0,3817.0,19,3816.0,28
rb1805,20170828,20170825,210629500,3817.0,17800,255998,677308660.0,3817.0,7,3816.0,26
rb1805,20170828,20170825,210630000,3817.0,17846,255984,679064480.0,3818.0,69,3817.0,24
rb1805,20170828,20170825,210630500,3818.0,17854,255986,679369860.0,3818.0,56,3817.0,14
rb1805,20170828,20170825,210631000,3818.0,17962,255984,683493140.0,3818.0,10,3817.0,28
rb1805,20170828,20170825,210631500,3818.0,17986,255994,684409460.0,3819.0,99,3818.0,50
rb1805,20170828,20170825,210632000,3819.0,18000,255992,684944080.0,3819.0,94,3818.0,49
rb1805,20170828,20170825,210632500,3819.0,18012,255998,685402280.0,3819.0,92,3818.0,89
rb1805,20170828,20170825,210633000,3819.0,18032,256004,686166040.0,3819.0,84,3818.0,90
rb1805,20170828,20170825,210633500,3819.0,18110,256046,689144820.0,3819.0,47,3818.0,90
rb1805,20170828,20170825,210634000,3819.0,18120,256056,689526720.0,3819.0,42,3818.0,90
rb1805,20170828,20170825,210634500,3819.0,18152,256058,690748600.0,3819.0,37,3818.0,101
rb1805,20170828,20170825,210635000,3819.0,18178,256082,691741340.0,3819.0,35,3818.0,98
rb1805,20170828,20170825,210635500,3819.0,18208,256098,692887040.0,3819.0,25,3818.0,98
rb1805,20170828,20170825,210636000,3818.0,18264,256136,695025640.0,3819.0,11,3818.0,96
rb1805,20170828,20170825,210636500,3819.0,18302,256170,696476900.0,3820.0,149,3819.0,22
rb1805,20170828,20170825,210637000,3820.0,18326,256188,697393660.0,3820.0,139,3819.0,23
rb1805,20170828,20170825,210637500,3819.0,18412,256164,700678800.0,3820.0,100,3819.0,21
rb1805,20170828,20170825,210638000,3821.0,18618,256218,708548060.0,3821.0,70,3820.0,13
rb1805,20170828,20170825,210638500,3820.0,18662,256206,710228840.0,3820.0,5,3819.0,16
rb1805,20170828,20170825,210639000,3820.0,18686,256220,711145720.0,3821.0,65,3820.0,4
rb1805,20170828,20170825,210639500,3820.0,18720,256216,712444520.0,3820.0,1,3819.0,25
rb1805,20170828,20170825,210640000,3820.0,18732,256220,712902940.0,3821.0,82,3820.0,31
rb1805,20170828,20170825,210640500,3820.0,18820,256268,716265140.0,3821.0,52,3820.0,20
rb1805,20170828,20170825,210641000,3820.0,18862,256264,717869540.0,3820.0,4,3819.0,30
rb1805,20170828,20170825,210641500,3819.0,18928,256280,720390140.0,3819.0,1,3818.0,123
rb1805,20170828,20170825,210642000,3820.0,18956,256282,721459720.0,3821.0,81,3820.0,3
rb1805,20170828,20170825,210642500,3820.0,18978,256280,722300120.0,3820.0,21,3819.0,8
rb1805,20170828,20170825,210643000,3820.0,19190,256296,730400120.0,3821.0,6,3820.0,6
rb1805,20170828,20170825,210643500,3821.0,19212,256292,731240620.0,3821.0,2,3820.0,8
rb1805,20170828,20170825,210644000,3821.0,19230,256292,731928240.0,3821.0,32,3820.0,4
rb1805,20170828,20170825,210644500,3821.0,19284,256260,733990960.0,3821.0,28,3820.0,17
rb1805,20170828,20170825,210645000,3820.0,19300,256248,734602200.0,3821.0,26,3820.0,14
rb1805,20170828,20170825,210645500,3821.0,19326,256244,735595500.0,3821.0,24,3820.0,6
rb1805,20170828,20170825,210646000,3820.0,19328,256244,735671900.0,3821.0,25,3820.0,15
rb1805,20170828,20170825,210646500,3821.0,19332,256246,735824740.0,3821.0,33,3820.0,20
rb1805,20170828,20170825,210647000,3820.0,19334,256246,735901140.0,3821.0,52,3820.0,19
rb1805,20170828,20170825,210647500,3820.0,19336,256246,735977540.0,3821.0,54,3820.0,20
rb1805,20170828,20170825,210648000,3820.0,19340,256246,736130340.0,3821.0,55,3820.0,27
rb1805,20170828,20170825,210648500,3823.0,19806,256470,753944960.0,3824.0,19,3823.0,17
rb1805,20170828,20170825,210649000,3822.0,20078,256382,764345540.0,3822.0,29,3821.0,234
rb1805,20170828,20170825,210649500,3822.0,20218,256384,769696820.0,3824.0,10,3822.0,88
rb1805,20170828,20170825,210650000,3824.0,20296,256392,772680020.0,3825.0,20,3824.0,7
rb1805,20170828,20170825,210650500,3824.0,20468,256364,779258420.0,3824.0,9,3823.0,10
rb1805,20170828,20170825,210651000,3824.0,20576,256340,783388400.0,3826.0,1,3824.0,12
rb1805,20170828,20170825,210651500,3826.0,20592,256328,784000560.0,3827.0,50,3826.0,2
rb1805,20170828,20170825,210652000,3827.0,20858,256276,794179980.0,3829.0,4,3827.0,39
rb1805,20170828,20170825,210652500,3829.0,20948,256224,797626340.0,3830.0,61,3829.0,10
rb1805,20170828,20170825,210653000,3828.0,21354,256314,813174420.0,3831.0,1,3828.0,10
rb1805,20170828,20170825,210653500,3829.0,21446,256346,816698160.0,3831.0,8,3829.0,9
rb1805,20170828,20170825,210654000,3830.0,21526,256354,819764260.0,3831.0,5,3830.0,1
rb1805,20170828,20170825,210654500,3832.0,21634,256354,823902980.0,3835.0,1,3831.0,11
rb1805,20170828,20170825,210655000,3832.0,21806,256304,830496640.0,3834.0,22,3832.0,1
rb1805,20170828,20170825,210655500,3833.0,21914,256280,834635120.0,3832.0,22,3831.0,17
rb1805,20170828,20170825,210656000,3831.0,21996,256262,837776080.0,3831.0,54,3829.0,2
rb1805,20170828,20170825,210656500,3831.0,22048,256240,839767860.0,3831.0,13,3829.0,39
rb1805,20170828,20170825,210657000,3828.0,22106,256256,841988660.0,3829.0,55,3828.0,15
rb1805,20170828,20170825,210657500,3828.0,22178,256260,844744860.0,3828.0,1,3827.0,35
rb1805,20170828,20170825,210658000,3828.0,22236,256272,846965180.0,3829.0,41,3828.0,38
rb1805,20170828,20170825,210658500,3829.0,22310,256328,849798420.0,3828.0,50,3827.0,25
rb1805,20170828,20170825,210659000,3827.0,22422,256434,854085840.0,3828.0,5,3827.0,59
rb1805,20170828,20170825,210659500,3828.0,22480,256448,856306340.0,3829.0,7,3828.0,2
rb1805,20170828,20170825,210700000,3828.0,22494,256454,856842240.0,3828.0,1,3827.0,26
rb1805,20170828,20170825,210700500,3827.0,22524,256446,857990460.0,3829.0,25,3828.0,6
rb1805,20170828,20170825,210701000,3828.0,22548,256450,858909080.0,3829.0,29,3828.0,1
rb1805,20170828,20170825,210701500,3828.0,22560,256458,859368440.0,3828.0,17,3827.0,47
rb1805,20170828,20170825,210702000,3827.0,22564,256460,859521520.0,3828.0,19,3827.0,38
rb1805,20170828,20170825,210702500,3827.0,22596,256464,860746260.0,3828.0,22,3827.0,27
rb1805,20170828,20170825,210703000,3827.0,22652,256478,862889380.0,3827.0,54,3826.0,13
rb1805,20170828,20170825,210703500,3826.0,22678,256458,863884140.0,3826.0,19,3825.0,37
rb1805,20170828,20170825,210704000,3825.0,22740,256454,866255680.0,3826.0,15,3825.0,64
rb1805,20170828,20170825,210704500,3826.0,22800,256444,868550960.0,3826.0,4,3825.0,17
rb1805,20170828,20170825,210705000,3825.0,22844,256458,870234160.0,3826.0,3,3825.0,1
rb1805,20170828,20170825,210705500,3825.0,22856,256466,870693160.0,3826.0,38,3825.0,27
rb1805,20170828,20170825,210706000,3825.0,22922,256528,873217580.0,3825.0,4,3824.0,12
rb1805,20170828,20170825,210706500,3825.0,22928,256526,873447080.0,3825.0,8,3824.0,41
rb1805,20170828,20170825,210707000,3826.0,23046,256552,877961440.0,3827.0,25,3826.0,140
rb1805,20170828,20170825,210707500,3825.0,23336,256694,889056720.0,3825.0,4,3824.0,47
rb1805,20170828,20170825,210708000,3824.0,23370,256706,890356960.0,3824.0,2,3823.0,13
rb1805,20170828,20170825,210708500,3825.0,23388,256700,891045300.0,3825.0,5,3824.0,2
rb1805,20170828,20170825,210709000,3824.0,23406,256704,891733740.0,3825.0,2,3823.0,12
rb1805,20170828,20170825,210709500,3825.0,23410,256708,891886740.0,3825.0,4,3824.0,2
rb1805,20170828,20170825,210710000,3825.0,23414,256706,892039720.0,3825.0,8,3824.0,3
rb1805,20170828,20170825,210710500,3824.0,23430,256704,892651580.0,3825.0,7,3824.0,2
rb1805,20170828,20170825,210711000,3824.0,23436,256704,892881020.0,3825.0,8,3824.0,12
rb1805,20170828,20170825,210711500,3824.0,23462,256714,893875380.0,3825.0,3,3824.0,6
rb1805,20170828,20170825,210712000,3824.0,23478,256714,894487240.0,3824.0,1,3823.0,58
rb1805,20170828,20170825,210712500,3824.0,23482,256712,894640200.0,3825.0,67,3824.0,2
rb1805,20170828,20170825,210713000,3824.0,23488,256710,894869660.0,3825.0,66,3824.0,41
rb1805,20170828,20170825,210713500,3824.0,23520,256690,896093340.0,3825.0,66,3824.0,80
rb1805,20170828,20170825,210714000,3824.0,23530,256682,896475760.0,3825.0,65,3824.0,77
rb1805,20170828,20170825,210714500,3824.0,23536,256678,896705220.0,3825.0,65,3824.0,76
rb1805,20170828,20170825,210715000,3824.0,23578,256674,898311640.0,3825.0,45,3824.0,72
rb1805,20170828,20170825,210715500,3824.0,23596,256674,899000020.0,3825.0,42,3824.0,73
rb1805,20170828,20170825,210716000,3825.0,23712,256648,903436660.0,3825.0,3,3824.0,55
rb1805,20170828,20170825,210716500,3825.0,23722,256650,903819160.0,3826.0,14,3825.0,3
rb1805,20170828,20170825,210717000,3825.0,23730,256644,904125160.0,3825.0,20,3824.0,59
rb1805,20170828,20170825,210717500,3824.0,23734,256644,904278120.0,3825.0,15,3824.0,59
rb1805,20170828,20170825,210718000,3825.0,23738,256644,904431100.0,3825.0,14,3824.0,58
rb1805,20170828,20170825,210718500,3825.0,23750,256634,904890080.0,3825.0,15,3824.0,57
rb1805,20170828,20170825,210719000,3825.0,23772,256626,905731560.0,3825.0,5,3824.0,60
rb1805,20170828,20170825,210719500,3825.0,23774,256628,905808060.0,3825.0,8,3824.0,155
rb1805,20170828,20170825,210720000,3825.0,23776,256628,905884560.0,3825.0,19,3824.0,157
rb1805,20170828,20170825,210720500,3824.0,23784,256628,906190520.0,3825.0,18,3824.0,158
rb1805,20170828,20170825,210721000,3824.0,23794,256626,906572920.0,3825.0,19,3824.0,153
rb1805,20170828,20170825,210721500,3824.0,23896,256656,910473420.0,3825.0,19,3824.0,103
rb1805,20170828,20170825,210722000,3825.0,23924,256660,911544240.0,3825.0,56,3824.0,94
rb1805,20170828,20170825,210722500,3825.0,23924,256660,911544240.0,3825.0,56,3824.0,92
rb1805,20170828,20170825,210723000,3824.0,23926,256660,911620720.0,3825.0,57,3824.0,91
rb1805,20170828,20170825,210723500,3824.0,23928,256662,911697200.0,3825.0,64,3824.0,91
rb1805,20170828,20170825,210724000,3825.0,23936,256668,912003200.0,3825.0,60,3824.0,91
rb1805,20170828,20170825,210724500,3825.0,23944,256662,912309200.0,3825.0,56,3824.0,91
rb1805,20170828,20170825,210725000,3824.0,23966,256652,913150620.0,3825.0,53,3824.0,87
rb1805,20170828,20170825,210725500,3824.0,23974,256652,913456540.0,3825.0,53,3824.0,83
rb1805,20170828,20170825,210726000,3824.0,23976,256654,913533020.0,3825.0,53,3824.0,84
rb1805,20170828,20170825,210726500,3824.0,23978,256656,913609500.0,3825.0,54,3824.0,83
rb1805,20170828,20170825,210727000,3825.0,23980,256656,913686000.0,3825.0,43,3824.0,83
rb1805,20170828,20170825,210727500,3825.0,23980,256656,913686000.0,3825.0,43,3824.0,83
rb1805,20170828,20170825,210728000,3824.0,24042,256664,916057480.0,3825.0,14,3824.0,82
rb1805,20170828,20170825,210728500,3825.0,24058,256664,916669480.0,3825.0,7,3824.0,82
rb1805,20170828,20170825,210729000,3825.0,24122,256660,919117480.0,3826.0,26,3825.0,11
rb1805,20170828,20170825,210729500,3825.0,24156,256678,920418080.0,3826.0,21,3825.0,9
rb1805,20170828,20170825,210730000,3825.0,24158,256680,920494580.0,3826.0,21,3825.0,31
rb1805,20170828,20170825,210730500,3825.0,24204,256706,922254500.0,3827.0,21,3825.0,29
rb1805,20170828,20170825,210731000,3825.0,24266,256702,924626040.0,3827.0,22,3825.0,4
rb1805,20170828,20170825,210731500,3827.0,24268,256700,924702580.0,3827.0,22,3826.0,22
rb1805,20170828,20170825,210732000,3825.0,24314,256700,926462520.0,3827.0,47,3825.0,13
rb1805,20170828,20170825,210732500,3826.0,24318,256700,926615560.0,3827.0,50,3826.0,3
rb1805,20170828,20170825,210733000,3825.0,24328,256704,926998120.0,3826.0,10,3825.0,6
rb1805,20170828,20170825,210733500,3825.0,24328,256704,926998120.0,3826.0,11,3825.0,11
rb1805,20170828,20170825,210734000,3826.0,24364,256716,928375500.0,3827.0,49,3826.0,23
rb1805,20170828,20170825,210734500,3827.0,24452,256664,931743240.0,3828.0,35,3827.0,18
rb1805,20170828,20170825,210735000,3827.0,24454,256662,931819780.0,3828.0,26,3827.0,17
rb1805,20170828,20170825,210735500,3827.0,24456,256662,931896320.0,3828.0,28,3827.0,16
rb1805,20170828,20170825,210736000,3827.0,24458,256662,931972860.0,3828.0,27,3827.0,17
rb1805,20170828,20170825,210736500,3828.0,24462,256662,932125980.0,3828.0,25,3827.0,17
rb1805,20170828,20170825,210737000,3827.0,24464,256660,932202520.0,3828.0,34,3827.0,16
rb1805,20170828,20170825,210737500,3827.0,24508,256658,933886760.0,3828.0,16,3827.0,12
rb1805,20170828,20170825,210738000,3828.0,24518,256660,934269560.0,3828.0,11,3827.0,18
rb1805,20170828,20170825,210738500,3828.0,24522,256662,934422680.0,3828.0,9,3827.0,18
rb1805,20170828,20170825,210739000,3827.0,24524,256662,934499220.0,3828.0,28,3827.0,17
rb1805,20170828,20170825,210739500,3827.0,24536,256652,934958460.0,3828.0,28,3827.0,9
rb1805,20170828,20170825,210740000,3828.0,24540,256656,935111580.0,3828.0,37,3827.0,9
rb1805,20170828,20170825,210740500,3828.0,24550,256664,935494360.0,3828.0,35,3827.0,8
rb1805,20170828,20170825,210741000,3827.0,24576,256670,936489400.0,3828.0,31,3827.0,6
rb1805,20170828,20170825,210741500,3828.0,24644,256666,939092440.0,3829.0,26,3828.0,90
rb1805,20170828,20170825,210742000,3829.0,24696,256688,941083060.0,3829.0,33,3828.0,68
rb1805,20170828,20170825,210742500,3829.0,24702,256690,941312760.0,3829.0,32,3828.0,60
rb1805,20170828,20170825,210743000,3829.0,24702,256690,941312760.0,3829.0,32,3828.0,80
rb1805,20170828,20170825,210743500,3828.0,24706,256690,941465880.0,3829.0,32,3828.0,85
rb1805,20170828,20170825,210744000,3829.0,24746,256696,942997480.0,3829.0,12,3828.0,88
rb1805,20170828,20170825,210744500,3828.0,24774,256720,944069560.0,3830.0,88,3829.0,1
rb1805,20170828,20170825,210745000,3828.0,24810,256724,945447920.0,3829.0,54,3828.0,76
rb1805,20170828,20170825,210745500,3828.0,24816,256728,945677600.0,3829.0,52,3828.0,73
rb1805,20170828,20170825,210746000,3829.0,24902,256774,948969860.0,3829.0,52,3828.0,140
rb1805,20170828,20170825,210746500,3829.0,24908,256774,949199600.0,3829.0,54,3828.0,140
rb1805,20170828,20170825,210747000,3829.0,24914,256768,949429340.0,3829.0,51,3828.0,141
rb1805,20170828,20170825,210747500,3829.0,24914,256768,949429340.0,3829.0,52,3828.0,141
rb1805,20170828,20170825,210748000,3829.0,25022,256798,953564640.0,3830.0,90,3829.0,47
rb1805,20170828,20170825,210748500,3829.0,25090,256840,956168400.0,3830.0,88,3829.0,46
rb1805,20170828,20170825,210749000,3830.0,25092,256842,956245000.0,3830.0,107,3829.0,57
rb1805,20170828,20170825,210749500,3829.0,25144,256872,958236340.0,3830.0,96,3829.0,45
rb1805,20170828,20170825,210750000,3829.0,25148,256876,958389500.0,3830.0,97,3829.0,43
rb1805,20170828,20170825,210750500,3828.0,25236,256876,961759000.0,3830.0,98,3829.0,1
rb1805,20170828,20170825,210751000,3829.0,25250,256878,962295060.0,3829.0,10,3828.0,142
rb1805,20170828,20170825,210751500,3829.0,25250,256878,962295060.0,3829.0,18,3828.0,142
rb1805,20170828,20170825,210752000,3828.0,25262,256888,962754440.0,3829.0,51,3828.0,142
rb1805,20170828,20170825,210752500,3829.0,25296,256916,964056300.0,3829.0,72,3828.0,142
rb1805,20170828,20170825,210753000,3829.0,25298,256914,964132880.0,3829.0,72,3828.0,142
rb1805,20170828,20170825,210753500,3829.0,25304,256916,964362620.0,3829.0,69,3828.0,142
rb1805,20170828,20170825,210754000,3829.0,25314,256926,964745520.0,3829.0,65,3828.0,142
rb1805,20170828,20170825,210754500,3828.0,25326,256934,965204920.0,3829.0,65,3828.0,138
rb1805,20170828,20170825,210755000,3828.0,25326,256934,965204920.0,3829.0,68,3828.0,138
rb1805,20170828,20170825,210755500,3829.0,25362,256966,966583060.0,3829.0,66,3828.0,124
rb1805,20170828,20170825,210756000,3828.0,25364,256968,966659620.0,3829.0,68,3828.0,123
rb1805,20170828,20170825,210756500,3828.0,25382,256986,967348660.0,3829.0,68,3828.0,114
rb1805,20170828,20170825,210757000,3828.0,25384,256984,967425220.0,3829.0,69,3828.0,115
rb1805,20170828,20170825,210757500,3828.0,25434,257020,969339640.0,3829.0,48,3828.0,111
rb1805,20170828,20170825,210758000,3828.0,25444,257022,969722440.0,3829.0,48,3828.0,107
rb1805,20170828,20170825,210758500,3828.0,25506,257080,972095820.0,3829.0,47,3828.0,77
rb1805,20170828,20170825,210759000,3828.0,25614,257080,976230060.0,3829.0,48,3828.0,22
rb1805,20170828,20170825,210759500,3828.0,25672,257130,978450300.0,3828.0,10,3827.0,128
rb1805,20170828,20170825,210800000,3828.0,25672,257130,978450300.0,3828.0,12,3827.0,128
rb1805,20170828,20170825,210800500,3828.0,25674,257132,978526860.0,3828.0,16,3827.0,121
rb1805,20170828,20170825,210801000,3828.0,25678,257134,978679960.0,3828.0,16,3827.0,120
rb1805,20170828,20170825,210801500,3827.0,25684,257138,978909580.0,3828.0,37,3827.0,115
rb1805,20170828,20170825,210802000,3827.0,25688,257138,979062660.0,3828.0,47,3827.0,113
rb1805,20170828,20170825,210802500,3828.0,25690,257138,979139220.0,3828.0,47,3827.0,113
rb1805,20170828,20170825,210803000,3827.0,25756,257194,981665660.0,3828.0,17,3827.0,111
rb1805,20170828,20170825,210803500,3828.0,25808,257190,983656220.0,3829.0,61,3828.0,8
rb1805,20170828,20170825,210804000,3828.0,25814,257190,983885900.0,3829.0,61,3828.0,35
rb1805,20170828,20170825,210804500,3828.0,25856,257174,985493660.0,3829.0,62,3828.0,39
rb1805,20170828,20170825,210805000,3829.0,25896,257148,987025220.0,3829.0,45,3828.0,40
rb1805,20170828,20170825,210805500,3828.0,25922,257146,988020500.0,3829.0,45,3828.0,31
rb1805,20170828,20170825,210806000,3828.0,25930,257142,988326760.0,3829.0,44,3828.0,28
rb1805,20170828,20170825,210806500,3828.0,25960,257138,989475200.0,3829.0,42,3828.0,17
rb1805,20170828,20170825,210807000,3828.0,25996,257130,990853500.0,3829.0,31,3828.0,20
rb1805,20170828,20170825,210807500,3828.0,26010,257132,991389420.0,3829.0,31,3828.0,13
rb1805,20170828,20170825,210808000,3829.0,26014,257132,991542560.0,3829.0,30,3828.0,12
rb1805,20170828,20170825,210808500,3828.0,26040,257114,992537840.0,3828.0,9,3827.0,139
rb1805,20170828,20170825,210809000,3828.0,26058,257100,993226880.0,3829.0,32,3828.0,8
rb1805,20170828,20170825,210809500,3828.0,26104,257080,994988200.0,3829.0,10,3828.0,3
rb1805,20170828,20170825,210810000,3828.0,26104,257080,994988200.0,3829.0,16,3828.0,3
rb1805,20170828,20170825,210810500,3828.0,26118,257092,995524200.0,3828.0,5,3827.0,142
rb1805,20170828,20170825,210811000,3828.0,26132,257094,996060120.0,3829.0,13,3828.0,3
rb1805,20170828,20170825,210811500,3829.0,26146,257094,996596180.0,3829.0,8,3828.0,9
rb1805,20170828,20170825,210812000,3828.0,26164,257098,997285380.0,3829.0,1,3828.0,43
rb1805,20170828,20170825,210812500,3828.0,26172,257104,997591620.0,3829.0,1,3828.0,41
rb1805,20170828,20170825,210813000,3828.0,26184,257112,998051080.0,3829.0,2,3828.0,38
rb1805,20170828,20170825,210813500,3829.0,26208,257132,998969960.0,3830.0,141,3829.0,4
rb1805,20170828,20170825,210814000,3830.0,26212,257132,999123140.0,3830.0,140,3829.0,5
rb1805,20170828,20170825,210814500,3829.0,26216,257134,999276320.0,3830.0,145,3829.0,20
rb1805,20170828,20170825,210815000,3830.0,26234,257134,999965720.0,3830.0,140,3829.0,22
rb1805,20170828,20170825,210815500,3829.0,26440,257272,1007855320.0,3830.0,47,3829.0,72
rb1805,20170828,20170825,210816000,3830.0,26534,257338,1011455520.0,3831.0,24,3830.0,23
rb1805,20170828,20170825,210816500,3830.0,26590,257350,1013600720.0,3831.0,1,3830.0,41
rb1805,20170828,20170825,210817000,3831.0,26594,257352,1013753960.0,3832.0,106,3831.0,12
rb1805,20170828,20170825,210817500,3830.0,26626,257338,1014979800.0,3832.0,109,3830.0,36
rb1805,20170828,20170825,210818000,3830.0,26626,257338,1014979800.0,3832.0,109,3830.0,36
rb1805,20170828,20170825,210818500,3831.0,26646,257348,1015746120.0,3832.0,102,3831.0,4
rb1805,20170828,20170825,210819000,3831.0,26660,257362,1016282460.0,3831.0,3,3830.0,37
rb1805,20170828,20170825,210819500,3830.0,26690,257368,1017431560.0,3832.0,99,3831.0,1
rb1805,20170828,20170825,210820000,3831.0,26694,257368,1017584800.0,3832.0,112,3830.0,27
rb1805,20170828,20170825,210820500,3832.0,26708,257372,1018121220.0,3832.0,119,3830.0,36
rb1805,20170828,20170825,210821000,3831.0,26714,257372,1018351120.0,3832.0,117,3831.0,1
rb1805,20170828,20170825,210821500,3831.0,26718,257370,1018504360.0,3832.0,115,3831.0,1
rb1805,20170828,20170825,210822000,3832.0,26730,257368,1018964180.0,3832.0,111,3831.0,18
rb1805,20170828,20170825,210822500,3832.0,26734,257366,1019117440.0,3832.0,111,3831.0,25
rb1805,20170828,20170825,210823000,3832.0,26824,257374,1022565540.0,3832.0,96,3830.0,131
rb1805,20170828,20170825,210823500,3831.0,26870,257400,1024328220.0,3832.0,75,3830.0,137
rb1805,20170828,20170825,210824000,3832.0,27000,257516,1029309780.0,3832.0,12,3830.0,136
rb1805,20170828,20170825,210824500,3831.0,27010,257514,1029692900.0,3832.0,18,3831.0,5
rb1805,20170828,20170825,210825000,3831.0,27056,257516,1031455280.0,3831.0,9,3830.0,140
rb1805,20170828,20170825,210825500,3831.0,27078,257502,1032298120.0,3832.0,14,3831.0,8
rb1805,20170828,20170825,210826000,3831.0,27086,257502,1032604600.0,3832.0,17,3831.0,6
rb1805,20170828,20170825,210826500,3831.0,27102,257492,1033217540.0,3832.0,16,3830.0,145
rb1805,20170828,20170825,210827000,3831.0,27152,257514,1035133440.0,3832.0,2,3831.0,6
rb1805,20170828,20170825,210827500,3832.0,27154,257516,1035210080.0,3832.0,8,3831.0,7
rb1805,20170828,20170825,210828000,3832.0,27190,257488,1036589600.0,3833.0,16,3832.0,31
rb1805,20170828,20170825,210828500,3832.0,27302,257456,1040881420.0,3833.0,20,3832.0,23
rb1805,20170828,20170825,210829000,3831.0,27376,257462,1043716960.0,3832.0,20,3831.0,7
rb1805,20170828,20170825,210829500,3832.0,27420,257464,1045402960.0,3833.0,22,3832.0,22
rb1805,20170828,20170825,210830000,3833.0,27428,257470,1045709580.0,3833.0,19,3832.0,21
rb1805,20170828,20170825,210830500,3833.0,27450,257482,1046552820.0,3833.0,13,3832.0,20
rb1805,20170828,20170825,210831000,3832.0,27472,257492,1047395860.0,3833.0,13,3832.0,38
rb1805,20170828,20170825,210831500,3833.0,27492,257492,1048162380.0,3833.0,7,3832.0,36
rb1805,20170828,20170825,210832000,3833.0,27520,257502,1049235680.0,3834.0,13,3833.0,6
rb1805,20170828,20170825,210832500,3832.0,27538,257492,1049925600.0,3833.0,65,3832.0,37
rb1805,20170828,20170825,210833000,3833.0,27592,257504,1051995380.0,3833.0,36,3832.0,35
rb1805,20170828,20170825,210833500,3833.0,27698,257456,1056057600.0,3833.0,26,3831.0,15
rb1805,20170828,20170825,210834000,3831.0,27702,257454,1056210880.0,3832.0,3,3831.0,14
rb1805,20170828,20170825,210834500,3831.0,27702,257454,1056210880.0,3832.0,6,3831.0,14
rb1805,20170828,20170825,210835000,3832.0,27708,257456,1056440780.0,3832.0,4,3831.0,13
rb1805,20170828,20170825,210835500,3832.0,27730,257456,1057283820.0,3832.0,1,3831.0,14
rb1805,20170828,20170825,210836000,3832.0,27740,257456,1057666980.0,3832.0,4,3831.0,12
rb1805,20170828,20170825,210836500,3831.0,27748,257462,1057973520.0,3832.0,4,3831.0,11
rb1805,20170828,20170825,210837000,3831.0,27764,257462,1058586540.0,3832.0,1,3831.0,9
rb1805,20170828,20170825,210837500,3832.0,27772,257462,1058893100.0,3833.0,99,3831.0,32
rb1805,20170828,20170825,210838000,3833.0,27782,257456,1059276360.0,3833.0,97,3831.0,25
rb1805,20170828,20170825,210838500,3833.0,27802,257450,1060042720.0,3833.0,95,3831.0,20
rb1805,20170828,20170825,210839000,3831.0,27806,257448,1060195960.0,3832.0,6,3831.0,20
rb1805,20170828,20170825,210839500,3832.0,27824,257452,1060885720.0,3833.0,101,3832.0,3
rb1805,20170828,20170825,210840000,3832.0,27826,257452,1060962360.0,3832.0,1,3831.0,26
rb1805,20170828,20170825,210840500,3831.0,27828,257452,1061038980.0,3832.0,11,3831.0,25
rb1805,20170828,20170825,210841000,3831.0,27866,257450,1062495080.0,3833.0,105,3831.0,21
rb1805,20170828,20170825,210841500,3832.0,27868,257452,1062571720.0,3833.0,121,3832.0,5
rb1805,20170828,20170825,210842000,3831.0,27904,257450,1063950980.0,3831.0,27,3830.0,258
rb1805,20170828,20170825,210842500,3830.0,27914,257450,1064334060.0,3831.0,29,3830.0,256
rb1805,20170828,20170825,210843000,3831.0,27972,257460,1066556040.0,3832.0,30,3831.0,16
rb1805,20170828,20170825,210843500,3831.0,27982,257470,1066939160.0,3832.0,45,3831.0,18
rb1805,20170828,20170825,210844000,3832.0,28014,257498,1068165160.0,3832.0,58,3831.0,11
rb1805,20170828,20170825,210844500,3831.0,28016,257496,1068241780.0,3832.0,59,3831.0,12
rb1805,20170828,20170825,210845000,3832.0,28086,257548,1070924140.0,3832.0,41,3831.0,18
rb1805,20170828,20170825,210845500,3831.0,28180,257598,1074526100.0,3832.0,1,3831.0,7
rb1805,20170828,20170825,210846000,3831.0,28188,257600,1074832580.0,3832.0,4,3831.0,7
rb1805,20170828,20170825,210846500,3831.0,28192,257600,1074985820.0,3832.0,4,3831.0,15
rb1805,20170828,20170825,210847000,3831.0,28200,257602,1075292320.0,3832.0,3,3831.0,15
rb1805,20170828,20170825,210847500,3831.0,28214,257602,1075828660.0,3832.0,3,3831.0,8
rb1805,20170828,20170825,210848000,3832.0,28218,257598,1075981940.0,3832.0,7,3831.0,13
rb1805,20170828,20170825,210848500,3832.0,28218,257598,1075981940.0,3832.0,7,3831.0,13
rb1805,20170828,20170825,210849000,3832.0,28230,257590,1076441700.0,3832.0,5,3831.0,11
rb1805,20170828,20170825,210849500,3831.0,28242,257590,1076901420.0,3832.0,5,3831.0,10
rb1805,20170828,20170825,210850000,3833.0,28254,257590,1077361280.0,3833.0,280,3832.0,2
rb1805,20170828,20170825,210850500,3831.0,28264,257590,1077744460.0,3832.0,9,3831.0,23
rb1805,20170828,20170825,210851000,3833.0,28396,257660,1082801780.0,3833.0,275,3831.0,7
rb1805,20170828,20170825,210851500,3832.0,28402,257662,1083031720.0,3833.0,293,3832.0,8
rb1805,20170828,20170825,210852000,3832.0,28408,257664,1083261640.0,3833.0,273,3832.0,6
rb1805,20170828,20170825,210852500,3832.0,28492,257734,1086481200.0,3832.0,3,3831.0,30
rb1805,20170828,20170825,210853000,3831.0,28496,257734,1086634440.0,3831.0,49,3830.0,257
rb1805,20170828,20170825,210853500,3832.0,28618,257754,1091308500.0,3832.0,1,3831.0,135
rb1805,20170828,20170825,210854000,3832.0,28628,257760,1091691700.0,3833.0,240,3831.0,73
rb1805,20170828,20170825,210854500,3832.0,28646,257762,1092381380.0,3832.0,2,3831.0,16
rb1805,20170828,20170825,210855000,3831.0,28654,257760,1092687940.0,3832.0,4,3831.0,29
rb1805,20170828,20170825,210855500,3831.0,28654,257760,1092687940.0,3832.0,4,3831.0,15
rb1805,20170828,20170825,210856000,3832.0,28656,257760,1092764580.0,3832.0,3,3831.0,27
rb1805,20170828,20170825,210856500,3832.0,28670,257772,1093301080.0,3833.0,286,3832.0,58
rb1805,20170828,20170825,210857000,3832.0,28686,257788,1093914200.0,3833.0,286,3832.0,50
rb1805,20170828,20170825,210857500,3832.0,28692,257792,1094144120.0,3833.0,294,3832.0,47
rb1805,20170828,20170825,210858000,3833.0,28696,257792,1094297420.0,3833.0,294,3832.0,46
rb1805,20170828,20170825,210858500,3833.0,28730,257806,1095600340.0,3833.0,292,3832.0,31
rb1805,20170828,20170825,210859000,3832.0,28818,257822,1098972540.0,3833.0,290,3832.0,3
rb1805,20170828,20170825,210859500,3832.0,28842,257828,1099892200.0,3832.0,28,3831.0,18
rb1805,20170828,20170825,210900000,3832.0,28842,257828,1099892200.0,3832.0,27,3831.0,19
rb1805,20170828,20170825,210900500,3831.0,28868,257812,1100888420.0,3832.0,26,3831.0,14
rb1805,20170828,20170825,210901000,3832.0,28876,257810,1101194980.0,3832.0,33,3831.0,36
rb1805,20170828,20170825,210901500,3831.0,28880,257810,1101348220.0,3832.0,34,3831.0,22
rb1805,20170828,20170825,210902000,3831.0,28894,257816,1101884560.0,3832.0,35,3831.0,16
rb1805,20170828,20170825,210902500,3831.0,28906,257828,1102344280.0,3832.0,35,3831.0,10
rb1805,20170828,20170825,210903000,3831.0,28936,257850,1103493580.0,3831.0,7,3830.0,277
rb1805,20170828,20170825,210903500,3831.0,28936,257850,1103493580.0,3831.0,8,3830.0,270
rb1805,20170828,20170825,210904000,3831.0,28936,257850,1103493580.0,3831.0,8,3830.0,270
rb1805,20170828,20170825,210904500,3831.0,28960,257838,1104412820.0,3831.0,12,3830.0,260
rb1805,20170828,20170825,210905000,3831.0,28960,257838,1104412820.0,3831.0,16,3830.0,301
rb1805,20170828,20170825,210905500,3830.0,28962,257838,1104489420.0,3831.0,31,3830.0,260
rb1805,20170828,20170825,210906000,3830.0,29018,257872,1106634220.0,3831.0,43,3830.0,232
rb1805,20170828,20170825,210906500,3830.0,29158,257938,1111996880.0,3831.0,15,3830.0,195
rb1805,20170828,20170825,210907000,3830.0,29280,257976,1116669480.0,3831.0,19,3830.0,134
rb1805,20170828,20170825,210907500,3830.0,29548,258028,1126933880.0,3830.0,37,3829.0,118
rb1805,20170828,20170825,210908000,3829.0,29552,258026,1127087060.0,3830.0,37,3829.0,114
rb1805,20170828,20170825,210908500,3831.0,29682,258072,1132066460.0,3832.0,261,3831.0,63
rb1805,20170828,20170825,210909000,3830.0,29810,258182,1136970120.0,3830.0,2,3829.0,112
rb1805,20170828,20170825,210909500,3830.0,30056,258174,1146389680.0,3829.0,1,3828.0,131
rb1805,20170828,20170825,210910000,3829.0,30070,258178,1146925800.0,3829.0,1,3828.0,131
rb1805,20170828,20170825,210910500,3828.0,30074,258176,1147078920.0,3829.0,9,3828.0,132
rb1805,20170828,20170825,210911000,3828.0,30084,258178,1147461740.0,3829.0,11,3828.0,129
rb1805,20170828,20170825,210911500,3828.0,30088,258178,1147614880.0,3829.0,16,3828.0,129
rb1805,20170828,20170825,210912000,3828.0,30102,258172,1148150800.0,3829.0,21,3828.0,122
rb1805,20170828,20170825,210912500,3828.0,30108,258172,1148380500.0,3829.0,21,3828.0,122
rb1805,20170828,20170825,210913000,3829.0,30120,258182,1148839920.0,3829.0,18,3828.0,119
rb1805,20170828,20170825,210913500,3828.0,30128,258184,1149146160.0,3829.0,13,3828.0,124
rb1805,20170828,20170825,210914000,3828.0,30142,258180,1149682180.0,3829.0,8,3828.0,122
rb1805,20170828,20170825,210914500,3828.0,30144,258180,1149758740.0,3829.0,8,3828.0,121
rb1805,20170828,20170825,210915000,3828.0,30154,258186,1150141580.0,3829.0,6,3828.0,118
rb1805,20170828,20170825,210915500,3829.0,30168,258190,1150677580.0,3829.0,2,3828.0,115
rb1805,20170828,20170825,210916000,3829.0,30176,258190,1150983900.0,3829.0,1,3828.0,119
rb1805,20170828,20170825,210916500,3830.0,30196,258192,1151749840.0,3830.0,43,3829.0,8
rb1805,20170828,20170825,210917000,3829.0,30216,258192,1152515620.0,3829.0,20,3828.0,122
rb1805,20170828,20170825,210917500,3828.0,30232,258202,1153128220.0,3829.0,14,3828.0,120
rb1805,20170828,20170825,210918000,3829.0,30292,258222,1155425580.0,3829.0,4,3828.0,118
rb1805,20170828,20170825,210918500,3829.0,30302,258228,1155808480.0,3830.0,40,3829.0,18
rb1805,20170828,20170825,210919000,3829.0,30304,258226,1155885060.0,3830.0,38,3829.0,17
rb1805,20170828,20170825,210919500,3829.0,30306,258226,1155961640.0,3830.0,39,3829.0,14
rb1805,20170828,20170825,210920000,3829.0,30308,258226,1156038220.0,3830.0,40,3829.0,15
rb1805,20170828,20170825,210920500,3829.0,30322,258224,1156574280.0,3830.0,40,3829.0,10
rb1805,20170828,20170825,210921000,3829.0,30332,258214,1156957220.0,3830.0,38,3829.0,18
rb1805,20170828,20170825,210921500,3829.0,30332,258214,1156957220.0,3830.0,38,3829.0,24
rb1805,20170828,20170825,210922000,3830.0,30354,258192,1157799820.0,3830.0,37,3829.0,25
rb1805,20170828,20170825,210922500,3830.0,30488,258230,1162932020.0,3831.0,39,3830.0,102
rb1805,20170828,20170825,210923000,3830.0,30524,258266,1164310860.0,3831.0,24,3830.0,60
rb1805,20170828,20170825,210923500,3830.0,30526,258266,1164387460.0,3831.0,25,3830.0,64
rb1805,20170828,20170825,210924000,3830.0,30536,258272,1164770460.0,3831.0,25,3830.0,59
rb1805,20170828,20170825,210924500,3831.0,30548,258284,1165230160.0,3831.0,25,3830.0,58
rb1805,20170828,20170825,210925000,3830.0,30586,258302,1166685560.0,3831.0,25,3830.0,47
rb1805,20170828,20170825,210925500,3830.0,30588,258302,1166762160.0,3831.0,29,3830.0,46
rb1805,20170828,20170825,210926000,3830.0,30664,258302,1169672960.0,3831.0,32,3830.0,8
rb1805,20170828,20170825,210926500,3830.0,30682,258286,1170362360.0,3830.0,24,3829.0,38
rb1805,20170828,20170825,210927000,3829.0,30690,258286,1170668680.0,3830.0,20,3829.0,32
rb1805,20170828,20170825,210927500,3829.0,30690,258286,1170668680.0,3830.0,18,3829.0,27
rb1805,20170828,20170825,210928000,3830.0,30692,258284,1170745280.0,3830.0,24,3829.0,30
rb1805,20170828,20170825,210928500,3830.0,30692,258284,1170745280.0,3830.0,24,3829.0,26
rb1805,20170828,20170825,210929000,3830.0,30692,258284,1170745280.0,3830.0,25,3829.0,26
rb1805,20170828,20170825,210929500,3829.0,30694,258284,1170821860.0,3830.0,30,3829.0,28
rb1805,20170828,20170825,210930000,3830.0,30704,258284,1171204860.0,3830.0,28,3829.0,28
rb1805,20170828,20170825,210930500,3830.0,30706,258284,1171281460.0,3830.0,27,3829.0,48
rb1805,20170828,20170825,210931000,3830.0,30762,258330,1173426240.0,3831.0,46,3829.0,47
rb1805,20170828,20170825,210931500,3830.0,30762,258330,1173426240.0,3830.0,5,3829.0,48
rb1805,20170828,20170825,210932000,3829.0,30772,258330,1173809140.0,3830.0,14,3829.0,43
rb1805,20170828,20170825,210932500,3829.0,30772,258330,1173809140.0,3830.0,22,3829.0,44
rb1805,20170828,20170825,210933000,3829.0,30776,258330,1173962300.0,3830.0,24,3829.0,44
rb1805,20170828,20170825,210933500,3829.0,30802,258330,1174957840.0,3830.0,28,3829.0,31
rb1805,20170828,20170825,210934000,3828.0,30868,258332,1177484940.0,3829.0,57,3828.0,126
rb1805,20170828,20170825,210934500,3828.0,30876,258336,1177791180.0,3829.0,65,3828.0,123
rb1805,20170828,20170825,210935000,3828.0,30876,258336,1177791180.0,3829.0,57,3828.0,123
rb1805,20170828,20170825,210935500,3829.0,31196,258556,1190041500.0,3829.0,21,3827.0,155
rb1805,20170828,20170825,210936000,3829.0,31202,258554,1190271200.0,3829.0,25,3828.0,3
rb1805,20170828,20170825,210936500,3828.0,31208,258560,1190500880.0,3829.0,25,3827.0,154
rb1805,20170828,20170825,210937000,3828.0,31210,258562,1190577440.0,3828.0,1,3827.0,154
rb1805,20170828,20170825,210937500,3829.0,31216,258562,1190807160.0,3829.0,24,3827.0,147
rb1805,20170828,20170825,210938000,3827.0,31258,258576,1192415300.0,3829.0,6,3828.0,12
rb1805,20170828,20170825,210938500,3828.0,31338,258612,1195478260.0,3830.0,53,3829.0,4
