instrument,tradingday,calendarday,time,lastp,volume,openinterest,turnover,ask1,asksz1,bid1,bidsz1
rb1805,20171211,20171208,205900500,3893.0,1434,2670032,55825620.0,3894.0,210,3893.0,142
rb1805,20171211,20171208,210000500,3893.0,3026,2669488,117820740.0,3895.0,38,3894.0,23
rb1805,20171211,20171208,210001000,3897.0,4594,2669752,178901300.0,3897.0,241,3895.0,37
rb1805,20171211,20171208,210001500,3896.0,7272,2669222,283212300.0,3896.0,329,3893.0,112
rb1805,20171211,20171208,210002000,3894.0,7686,2669242,299334540.0,3894.0,71,3893.0,131
rb1805,20171211,20171208,210002500,3893.0,8600,2669124,334918780.0,3893.0,257,3892.0,205
rb1805,20171211,20171208,210003000,3892.0,9772,2669226,380539100.0,3892.0,45,3891.0,148
rb1805,20171211,20171208,210003500,3890.0,10830,2669368,421705860.0,3891.0,280,3890.0,166
rb1805,20171211,20171208,210004000,3890.0,12114,2669418,471651840.0,3890.0,138,3888.0,96
rb1805,20171211,20171208,210004500,3889.0,12952,2669396,504237540.0,3890.0,54,3889.0,6
rb1805,20171211,20171208,210005000,3889.0,13706,2669170,533556960.0,3888.0,11,3887.0,18
rb1805,20171211,20171208,210005500,3888.0,14134,2669258,550193520.0,3888.0,9,3886.0,146
rb1805,20171211,20171208,210006000,3886.0,14290,2669226,556258060.0,3888.0,288,3886.0,127
rb1805,20171211,20171208,210006500,3888.0,14624,2669084,569241760.0,3888.0,226,3886.0,110
rb1805,20171211,20171208,210007000,3888.0,15214,2668874,592175440.0,3888.0,118,3887.0,5
rb1805,20171211,20171208,210007500,3888.0,15416,2668848,600027400.0,3888.0,108,3886.0,20
rb1805,20171211,20171208,210008000,3888.0,15726,2668902,612079100.0,3889.0,54,3888.0,40
rb1805,20171211,20171208,210008500,3888.0,16042,2669056,624367040.0,3890.0,8,3888.0,1
rb1805,20171211,20171208,210009000,3888.0,16280,2669082,633621060.0,3890.0,37,3888.0,6
rb1805,20171211,20171208,210009500,3888.0,16658,2668922,648321540.0,3890.0,15,3888.0,180
rb1805,20171211,20171208,210010000,3888.0,16832,2668988,655086780.0,3889.0,274,3888.0,126
rb1805,20171211,20171208,210010500,3888.0,17192,2669302,669083960.0,3888.0,411,3887.0,23
rb1805,20171211,20171208,210011000,3885.0,17782,2669700,692010560.0,3887.0,489,3885.0,137
rb1805,20171211,20171208,210011500,3886.0,18114,2669798,704912200.0,3886.0,413,3885.0,144
rb1805,20171211,20171208,210012000,3886.0,19706,2670466,766757140.0,3887.0,96,3886.0,22
rb1805,20171211,20171208,210012500,3886.0,20042,2670500,779815300.0,3887.0,6,3886.0,79
rb1805,20171211,20171208,210013000,3888.0,20572,2670772,800413460.0,3888.0,51,3887.0,3
rb1805,20171211,20171208,210013500,3888.0,20648,2670806,803367800.0,3888.0,42,3887.0,26
rb1805,20171211,20171208,210014000,3888.0,20864,2670884,811766040.0,3889.0,17,3888.0,73
rb1805,20171211,20171208,210014500,3889.0,20966,2670892,815731880.0,3889.0,15,3888.0,32
rb1805,20171211,20171208,210015000,3888.0,21110,2670902,821332000.0,3889.0,19,3888.0,108
rb1805,20171211,20171208,210015500,3888.0,21256,2670928,827009780.0,3890.0,24,3889.0,221
rb1805,20171211,20171208,210016000,3890.0,21440,2671036,834166200.0,3890.0,34,3889.0,184
rb1805,20171211,20171208,210016500,3889.0,21750,2671182,846222940.0,3890.0,102,3889.0,80
rb1805,20171211,20171208,210017000,3889.0,21954,2671328,854156520.0,3889.0,135,3888.0,287
rb1805,20171211,20171208,210017500,3888.0,22080,2671392,859056220.0,3889.0,177,3888.0,266
rb1805,20171211,20171208,210018000,3889.0,22248,2671518,865589700.0,3889.0,109,3888.0,263
rb1805,20171211,20171208,210018500,3889.0,22404,2671558,871656440.0,3889.0,39,3888.0,262
rb1805,20171211,20171208,210019000,3890.0,22634,2671684,880600820.0,3891.0,27,3890.0,3
rb1805,20171211,20171208,210019500,3891.0,22784,2671720,886436660.0,3892.0,591,3891.0,447
rb1805,20171211,20171208,210020000,3891.0,23442,2671746,912039580.0,3892.0,554,3891.0,169
rb1805,20171211,20171208,210020500,3890.0,23832,2671868,927214760.0,3891.0,8,3890.0,7
rb1805,20171211,20171208,210021000,3891.0,23968,2671802,932506120.0,3892.0,550,3891.0,8
rb1805,20171211,20171208,210021500,3891.0,24004,2671830,933906900.0,3892.0,562,3891.0,3
rb1805,20171211,20171208,210022000,3891.0,24062,2671876,936163680.0,3891.0,4,3890.0,39
rb1805,20171211,20171208,210022500,3892.0,24184,2671902,940910860.0,3892.0,546,3891.0,10
rb1805,20171211,20171208,210023000,3891.0,24260,2671932,943868000.0,3891.0,9,3890.0,45
rb1805,20171211,20171208,210023500,3891.0,24394,2671896,949082820.0,3892.0,502,3891.0,74
rb1805,20171211,20171208,210024000,3892.0,24470,2671868,952040460.0,3892.0,478,3891.0,64
rb1805,20171211,20171208,210024500,3891.0,24504,2671878,953363500.0,3892.0,476,3891.0,59
rb1805,20171211,20171208,210025000,3891.0,24616,2671922,957721600.0,3892.0,470,3891.0,40
rb1805,20171211,20171208,210025500,3891.0,24672,2671928,959900800.0,3892.0,458,3891.0,139
rb1805,20171211,20171208,210026000,3892.0,24744,2671928,962702640.0,3892.0,443,3891.0,123
rb1805,20171211,20171208,210026500,3892.0,24812,2671924,965348860.0,3892.0,430,3891.0,119
rb1805,20171211,20171208,210027000,3892.0,25134,2671882,977880820.0,3892.0,284,3891.0,111
rb1805,20171211,20171208,210027500,3892.0,25384,2671882,987610600.0,3892.0,165,3891.0,101
rb1805,20171211,20171208,210028000,3892.0,25882,2672008,1006992600.0,3893.0,86,3892.0,48
rb1805,20171211,20171208,210028500,3892.0,26046,2672156,1013375080.0,3893.0,101,3892.0,9
rb1805,20171211,20171208,210029000,3893.0,26082,2672168,1014776320.0,3893.0,83,3892.0,17
rb1805,20171211,20171208,210029500,3893.0,26132,2672194,1016722520.0,3893.0,76,3892.0,5
rb1805,20171211,20171208,210030000,3892.0,26184,2672196,1018746440.0,3892.0,24,3891.0,92
rb1805,20171211,20171208,210030500,3892.0,26250,2672214,1021315080.0,3892.0,2,3891.0,91
rb1805,20171211,20171208,210031000,3893.0,26666,2672200,1037506940.0,3894.0,41,3892.0,1
rb1805,20171211,20171208,210031500,3893.0,26686,2672216,1038285380.0,3893.0,23,3892.0,332
rb1805,20171211,20171208,210032000,3894.0,26772,2672228,1041633300.0,3894.0,114,3892.0,157
rb1805,20171211,20171208,210032500,3893.0,26864,2672254,1045214460.0,3893.0,20,3892.0,129
rb1805,20171211,20171208,210033000,3893.0,27006,2672202,1050743120.0,3894.0,74,3892.0,139
rb1805,20171211,20171208,210033500,3892.0,27030,2672220,1051677380.0,3893.0,1,3892.0,137
rb1805,20171211,20171208,210034000,3894.0,27154,2672154,1056504620.0,3894.0,144,3893.0,447
rb1805,20171211,20171208,210034500,3894.0,27610,2671966,1074259080.0,3894.0,62,3893.0,351
rb1805,20171211,20171208,210035000,3893.0,27622,2671962,1074726300.0,3894.0,69,3893.0,414
rb1805,20171211,20171208,210035500,3893.0,27682,2671938,1077062160.0,3894.0,81,3893.0,390
rb1805,20171211,20171208,210036000,3894.0,27716,2671932,1078385880.0,3894.0,77,3893.0,388
rb1805,20171211,20171208,210036500,3894.0,27892,2671878,1085238120.0,3894.0,86,3893.0,334
rb1805,20171211,20171208,210037000,3894.0,28026,2671764,1090455180.0,3894.0,135,3893.0,288
rb1805,20171211,20171208,210037500,3893.0,28546,2671340,1110699020.0,3894.0,136,3893.0,43
rb1805,20171211,20171208,210038000,3894.0,28688,2671346,1116227140.0,3894.0,134,3892.0,239
rb1805,20171211,20171208,210038500,3892.0,28722,2671356,1117551020.0,3893.0,73,3892.0,236
rb1805,20171211,20171208,210039000,3892.0,28748,2671356,1118563180.0,3893.0,70,3892.0,235
rb1805,20171211,20171208,210039500,3893.0,28768,2671354,1119341740.0,3893.0,67,3892.0,239
rb1805,20171211,20171208,210040000,3893.0,28850,2671352,1122533900.0,3893.0,43,3892.0,236
rb1805,20171211,20171208,210040500,3892.0,29114,2671484,1132812840.0,3893.0,5,3892.0,234
rb1805,20171211,20171208,210041000,3894.0,29330,2671400,1141223180.0,3894.0,12,3893.0,127
rb1805,20171211,20171208,210041500,3892.0,30082,2671246,1170494000.0,3892.0,178,3891.0,796
rb1805,20171211,20171208,210042000,3892.0,30354,2671224,1181080240.0,3892.0,43,3891.0,803
rb1805,20171211,20171208,210042500,3893.0,30476,2671236,1185828660.0,3893.0,45,3892.0,254
rb1805,20171211,20171208,210043000,3893.0,30526,2671248,1187774840.0,3893.0,30,3892.0,322
rb1805,20171211,20171208,210043500,3894.0,30764,2671176,1197040620.0,3895.0,193,3894.0,422
rb1805,20171211,20171208,210044000,3894.0,30896,2671112,1202180720.0,3895.0,201,3894.0,358
rb1805,20171211,20171208,210044500,3895.0,31526,2670898,1226712940.0,3895.0,244,3894.0,45
rb1805,20171211,20171208,210045000,3894.0,31670,2670792,1232319900.0,3894.0,350,3893.0,6
rb1805,20171211,20171208,210045500,3893.0,31740,2670818,1235044980.0,3893.0,28,3892.0,596
rb1805,20171211,20171208,210046000,3894.0,31836,2670814,1238782620.0,3894.0,147,3893.0,92
rb1805,20171211,20171208,210046500,3893.0,31982,2670756,1244466500.0,3894.0,154,3893.0,26
rb1805,20171211,20171208,210047000,3893.0,32002,2670752,1245245220.0,3894.0,146,3893.0,44
rb1805,20171211,20171208,210047500,3893.0,32220,2670842,1253733960.0,3894.0,70,3893.0,36
rb1805,20171211,20171208,210048000,3894.0,32234,2670850,1254279080.0,3894.0,75,3893.0,74
rb1805,20171211,20171208,210048500,3893.0,32362,2670764,1259262280.0,3894.0,91,3893.0,22
rb1805,20171211,20171208,210049000,3893.0,32408,2670780,1261053160.0,3894.0,90,3893.0,100
rb1805,20171211,20171208,210049500,3894.0,32668,2670822,1271176840.0,3895.0,278,3894.0,657
rb1805,20171211,20171208,210050000,3894.0,32762,2670856,1274837620.0,3895.0,259,3894.0,637
rb1805,20171211,20171208,210050500,3895.0,32812,2670874,1276784760.0,3895.0,254,3894.0,628
rb1805,20171211,20171208,210051000,3894.0,32818,2670876,1277018420.0,3895.0,255,3894.0,626
rb1805,20171211,20171208,210051500,3894.0,32836,2670880,1277719360.0,3895.0,257,3894.0,620
rb1805,20171211,20171208,210052000,3894.0,32856,2670888,1278498180.0,3895.0,367,3894.0,626
rb1805,20171211,20171208,210052500,3895.0,33026,2670876,1285118220.0,3895.0,363,3894.0,600
rb1805,20171211,20171208,210053000,3894.0,33142,2670878,1289635600.0,3895.0,346,3894.0,560
rb1805,20171211,20171208,210053500,3895.0,33852,2671172,1317289920.0,3896.0,61,3895.0,174
rb1805,20171211,20171208,210054000,3895.0,34296,2671428,1334584640.0,3895.0,135,3894.0,80
rb1805,20171211,20171208,210054500,3894.0,34378,2671474,1337778300.0,3895.0,113,3894.0,139
rb1805,20171211,20171208,210055000,3895.0,34426,2671500,1339647780.0,3895.0,127,3894.0,138
rb1805,20171211,20171208,210055500,3894.0,34718,2671396,1351018280.0,3894.0,357,3893.0,122
rb1805,20171211,20171208,210056000,3894.0,34762,2671386,1352731500.0,3894.0,349,3893.0,117
rb1805,20171211,20171208,210056500,3894.0,34864,2671400,1356703180.0,3894.0,394,3893.0,130
rb1805,20171211,20171208,210057000,3894.0,34880,2671392,1357326220.0,3894.0,399,3893.0,132
rb1805,20171211,20171208,210057500,3894.0,34926,2671390,1359117380.0,3894.0,381,3893.0,230
rb1805,20171211,20171208,210058000,3894.0,35132,2671304,1367138760.0,3894.0,291,3893.0,217
rb1805,20171211,20171208,210058500,3894.0,35414,2671112,1378119800.0,3894.0,155,3893.0,272
rb1805,20171211,20171208,210059000,3894.0,35776,2670952,1392216080.0,3895.0,174,3894.0,58
rb1805,20171211,20171208,210059500,3894.0,35862,2670884,1395565020.0,3895.0,165,3894.0,66
rb1805,20171211,20171208,210100000,3894.0,35886,2670896,1396499760.0,3895.0,166,3894.0,131
rb1805,20171211,20171208,210100500,3894.0,36120,2670976,1405612880.0,3895.0,117,3894.0,104
rb1805,20171211,20171208,210101000,3894.0,36258,2670952,1410986940.0,3895.0,104,3894.0,55
rb1805,20171211,20171208,210101500,3895.0,36280,2670942,1411843780.0,3895.0,98,3894.0,158
rb1805,20171211,20171208,210102000,3895.0,36328,2670918,1413713220.0,3895.0,85,3894.0,170
rb1805,20171211,20171208,210102500,3895.0,36490,2670960,1420022280.0,3895.0,52,3894.0,109
rb1805,20171211,20171208,210103000,3894.0,36524,2670958,1421346460.0,3895.0,42,3894.0,124
rb1805,20171211,20171208,210103500,3895.0,36624,2670896,1425241460.0,3896.0,57,3895.0,56
rb1805,20171211,20171208,210104000,3895.0,36644,2670896,1426020560.0,3896.0,93,3895.0,55
rb1805,20171211,20171208,210104500,3895.0,36698,2670918,1428124280.0,3896.0,73,3895.0,75
rb1805,20171211,20171208,210105000,3895.0,36722,2670912,1429059120.0,3896.0,106,3895.0,73
rb1805,20171211,20171208,210105500,3895.0,36790,2670904,1431708240.0,3896.0,115,3895.0,81
rb1805,20171211,20171208,210106000,3895.0,36820,2670902,1432876820.0,3896.0,151,3895.0,73
rb1805,20171211,20171208,210106500,3895.0,36974,2670950,1438875100.0,3895.0,174,3894.0,142
rb1805,20171211,20171208,210107000,3895.0,37012,2670944,1440354900.0,3895.0,186,3894.0,149
rb1805,20171211,20171208,210107500,3895.0,37048,2670962,1441757060.0,3895.0,162,3894.0,148
rb1805,20171211,20171208,210108000,3895.0,37100,2670996,1443782420.0,3895.0,144,3894.0,139
rb1805,20171211,20171208,210108500,3894.0,37394,2670950,1455230840.0,3894.0,44,3893.0,410
rb1805,20171211,20171208,210109000,3894.0,37398,2670954,1455386600.0,3894.0,384,3893.0,412
rb1805,20171211,20171208,210109500,3894.0,37912,2671028,1475400620.0,3894.0,258,3893.0,355
rb1805,20171211,20171208,210110000,3894.0,37960,2671046,1477269400.0,3894.0,264,3893.0,353
rb1805,20171211,20171208,210110500,3894.0,38514,2670798,1498837720.0,3894.0,216,3893.0,125
rb1805,20171211,20171208,210111000,3893.0,38770,2671014,1508803800.0,3893.0,82,3892.0,516
rb1805,20171211,20171208,210111500,3894.0,39482,2671238,1536526600.0,3893.0,8,3892.0,514
rb1805,20171211,20171208,210112000,3893.0,39692,2671420,1544701920.0,3894.0,6,3893.0,321
rb1805,20171211,20171208,210112500,3894.0,39712,2671428,1545480620.0,3894.0,13,3893.0,326
rb1805,20171211,20171208,210113000,3893.0,39752,2671456,1547038060.0,3894.0,5,3893.0,328
rb1805,20171211,20171208,210113500,3893.0,39822,2671456,1549763220.0,3894.0,4,3893.0,298
rb1805,20171211,20171208,210114000,3893.0,39842,2671438,1550541820.0,3894.0,12,3893.0,313
rb1805,20171211,20171208,210114500,3894.0,39994,2671294,1556459240.0,3894.0,29,3893.0,383
rb1805,20171211,20171208,210115000,3894.0,40018,2671302,1557393620.0,3894.0,77,3893.0,375
rb1805,20171211,20171208,210115500,3893.0,40044,2671302,1558406000.0,3894.0,119,3893.0,372
rb1805,20171211,20171208,210116000,3894.0,40076,2671302,1559651940.0,3894.0,112,3893.0,415
rb1805,20171211,20171208,210116500,3894.0,40112,2671302,1561053440.0,3894.0,126,3893.0,416
rb1805,20171211,20171208,210117000,3893.0,40142,2671314,1562221560.0,3894.0,129,3893.0,412
rb1805,20171211,20171208,210117500,3894.0,40192,2671264,1564168160.0,3894.0,129,3893.0,445
rb1805,20171211,20171208,210118000,3894.0,40276,2671258,1567439000.0,3894.0,163,3893.0,440
rb1805,20171211,20171208,210118500,3893.0,40286,2671256,1567828320.0,3894.0,172,3893.0,439
rb1805,20171211,20171208,210119000,3894.0,40300,2671262,1568373380.0,3894.0,171,3893.0,437
rb1805,20171211,20171208,210119500,3893.0,40366,2671312,1570943260.0,3894.0,147,3893.0,429
rb1805,20171211,20171208,210120000,3893.0,40380,2671326,1571488400.0,3894.0,143,3893.0,428
rb1805,20171211,20171208,210120500,3893.0,40544,2671448,1577874480.0,3894.0,65,3893.0,425
rb1805,20171211,20171208,210121000,3894.0,40580,2671454,1579276220.0,3894.0,98,3893.0,421
rb1805,20171211,20171208,210121500,3893.0,40600,2671442,1580054840.0,3894.0,110,3893.0,411
rb1805,20171211,20171208,210122000,3894.0,40664,2671492,1582546900.0,3894.0,84,3893.0,407
rb1805,20171211,20171208,210122500,3894.0,40674,2671500,1582936300.0,3894.0,93,3893.0,413
rb1805,20171211,20171208,210123000,3894.0,40686,2671506,1583403540.0,3894.0,92,3893.0,434
rb1805,20171211,20171208,210123500,3894.0,40698,2671502,1583870760.0,3894.0,99,3893.0,431
rb1805,20171211,20171208,210124000,3893.0,40722,2671500,1584805080.0,3894.0,100,3893.0,420
rb1805,20171211,20171208,210124500,3893.0,40726,2671498,1584960820.0,3894.0,111,3893.0,420
rb1805,20171211,20171208,210125000,3893.0,40762,2671468,1586362320.0,3894.0,120,3893.0,403
rb1805,20171211,20171208,210125500,3893.0,40768,2671464,1586595920.0,3894.0,122,3893.0,412
rb1805,20171211,20171208,210126000,3893.0,40840,2671468,1589399060.0,3894.0,117,3893.0,386
rb1805,20171211,20171208,210126500,3894.0,41082,2671382,1598822540.0,3895.0,132,3894.0,183
rb1805,20171211,20171208,210127000,3894.0,41110,2671406,1599912860.0,3895.0,131,3894.0,170
rb1805,20171211,20171208,210127500,3894.0,41248,2671450,1605286580.0,3895.0,135,3894.0,129
rb1805,20171211,20171208,210128000,3894.0,41278,2671458,1606454780.0,3895.0,134,3894.0,165
rb1805,20171211,20171208,210128500,3895.0,41288,2671464,1606844220.0,3895.0,131,3894.0,200
rb1805,20171211,20171208,210129000,3894.0,41310,2671476,1607700960.0,3895.0,130,3894.0,194
rb1805,20171211,20171208,210129500,3894.0,41678,2671382,1622033900.0,3896.0,202,3895.0,88
rb1805,20171211,20171208,210130000,3896.0,41684,2671384,1622267580.0,3896.0,210,3895.0,160
rb1805,20171211,20171208,210130500,3895.0,41858,2671396,1629046280.0,3896.0,145,3895.0,186
rb1805,20171211,20171208,210131000,3896.0,42200,2671516,1642370700.0,3897.0,177,3896.0,255
rb1805,20171211,20171208,210131500,3897.0,42246,2671482,1644163260.0,3897.0,164,3896.0,270
rb1805,20171211,20171208,210132000,3896.0,42298,2671516,1646189240.0,3897.0,163,3896.0,322
rb1805,20171211,20171208,210132500,3897.0,42390,2671484,1649773940.0,3897.0,147,3896.0,299
rb1805,20171211,20171208,210133000,3897.0,42554,2671518,1656164600.0,3897.0,87,3896.0,281
rb1805,20171211,20171208,210133500,3897.0,42570,2671522,1656788100.0,3897.0,82,3896.0,285
rb1805,20171211,20171208,210134000,3897.0,42628,2671528,1659048240.0,3897.0,59,3896.0,279
rb1805,20171211,20171208,210134500,3897.0,42704,2671518,1662009360.0,3897.0,55,3896.0,249
rb1805,20171211,20171208,210135000,3897.0,42744,2671510,1663568160.0,3897.0,37,3896.0,250
rb1805,20171211,20171208,210135500,3897.0,42794,2671536,1665516280.0,3897.0,55,3896.0,233
rb1805,20171211,20171208,210136000,3897.0,42912,2671550,1670114720.0,3897.0,21,3896.0,223
rb1805,20171211,20171208,210136500,3898.0,43076,2671570,1676505680.0,3898.0,405,3897.0,2
rb1805,20171211,20171208,210137000,3897.0,43132,2671564,1678688020.0,3898.0,403,3897.0,7
rb1805,20171211,20171208,210137500,3897.0,43328,2671568,1686327440.0,3897.0,4,3896.0,205
rb1805,20171211,20171208,210138000,3897.0,43506,2671552,1693265140.0,3898.0,289,3897.0,67
rb1805,20171211,20171208,210138500,3897.0,43550,2671550,1694980060.0,3898.0,307,3897.0,129
rb1805,20171211,20171208,210139000,3898.0,43584,2671546,1696305160.0,3898.0,303,3897.0,139
rb1805,20171211,20171208,210139500,3897.0,43732,2671588,1702073820.0,3898.0,252,3897.0,142
rb1805,20171211,20171208,210140000,3898.0,43814,2671584,1705270120.0,3898.0,235,3897.0,151
rb1805,20171211,20171208,210140500,3898.0,44316,2671438,1724837980.0,3899.0,516,3898.0,180
rb1805,20171211,20171208,210141000,3899.0,44364,2671410,1726709140.0,3899.0,520,3898.0,185
rb1805,20171211,20171208,210141500,3898.0,44534,2671382,1733336980.0,3899.0,477,3898.0,225
rb1805,20171211,20171208,210142000,3899.0,44566,2671374,1734584500.0,3899.0,468,3898.0,279
rb1805,20171211,20171208,210142500,3899.0,44802,2671274,1743786080.0,3899.0,353,3898.0,299
rb1805,20171211,20171208,210143000,3899.0,45264,2671266,1761799440.0,3899.0,123,3898.0,288
rb1805,20171211,20171208,210143500,3899.0,45528,2671352,1772092800.0,3900.0,365,3899.0,241
rb1805,20171211,20171208,210144000,3900.0,45646,2671300,1776694560.0,3900.0,318,3899.0,332
rb1805,20171211,20171208,210144500,3899.0,46174,2671188,1797286000.0,3900.0,87,3899.0,322
rb1805,20171211,20171208,210145000,3901.0,46498,2671122,1809922760.0,3901.0,225,3900.0,18
rb1805,20171211,20171208,210145500,3900.0,47198,2671122,1837225400.0,3900.0,14,3899.0,284
rb1805,20171211,20171208,210146000,3900.0,47300,2671166,1841203260.0,3900.0,90,3899.0,294
rb1805,20171211,20171208,210146500,3900.0,47382,2671174,1844400740.0,3900.0,221,3899.0,290
rb1805,20171211,20171208,210147000,3900.0,48104,2671114,1872555920.0,3900.0,48,3899.0,170
rb1805,20171211,20171208,210147500,3900.0,48318,2671074,1880900320.0,3900.0,75,3899.0,128
rb1805,20171211,20171208,210148000,3900.0,48620,2671194,1892676320.0,3900.0,219,3899.0,29
rb1805,20171211,20171208,210148500,3899.0,48946,2671288,1905386960.0,3899.0,587,3898.0,229
rb1805,20171211,20171208,210149000,3898.0,49552,2671376,1929008860.0,3898.0,105,3897.0,99
rb1805,20171211,20171208,210149500,3898.0,49594,2671406,1930645820.0,3898.0,95,3897.0,87
rb1805,20171211,20171208,210150000,3898.0,49660,2671452,1933218440.0,3898.0,80,3897.0,87
rb1805,20171211,20171208,210150500,3898.0,49696,2671486,1934621700.0,3898.0,64,3897.0,85
rb1805,20171211,20171208,210151000,3898.0,49730,2671516,1935946780.0,3898.0,59,3897.0,73
rb1805,20171211,20171208,210151500,3898.0,49816,2671538,1939298600.0,3898.0,36,3897.0,54
rb1805,20171211,20171208,210152000,3897.0,49992,2671518,1946158200.0,3899.0,540,3897.0,22
rb1805,20171211,20171208,210152500,3898.0,50138,2671434,1951848140.0,3898.0,405,3896.0,66
rb1805,20171211,20171208,210153000,3897.0,50196,2671470,1954108440.0,3897.0,14,3896.0,79
rb1805,20171211,20171208,210153500,3896.0,50216,2671472,1954887780.0,3897.0,9,3896.0,89
rb1805,20171211,20171208,210154000,3897.0,50268,2671454,1956914480.0,3897.0,3,3896.0,89
rb1805,20171211,20171208,210154500,3896.0,50618,2671224,1970552200.0,3896.0,42,3895.0,150
rb1805,20171211,20171208,210155000,3896.0,50722,2671190,1974603720.0,3896.0,9,3895.0,135
rb1805,20171211,20171208,210155500,3898.0,50776,2671194,1976708040.0,3898.0,457,3896.0,132
rb1805,20171211,20171208,210156000,3897.0,50832,2671194,1978889840.0,3898.0,452,3897.0,4
rb1805,20171211,20171208,210156500,3896.0,50860,2671194,1979980980.0,3897.0,5,3896.0,722
rb1805,20171211,20171208,210157000,3897.0,50900,2671186,1981539840.0,3898.0,449,3897.0,18
rb1805,20171211,20171208,210157500,3897.0,50954,2671174,1983644360.0,3898.0,444,3897.0,37
rb1805,20171211,20171208,210158000,3898.0,50996,2671172,1985281300.0,3898.0,495,3897.0,26
rb1805,20171211,20171208,210158500,3896.0,51872,2670492,2019412900.0,3898.0,460,3896.0,305
rb1805,20171211,20171208,210159000,3897.0,51892,2670504,2020192300.0,3898.0,660,3896.0,311
rb1805,20171211,20171208,210159500,3898.0,51932,2670500,2021751180.0,3898.0,654,3896.0,306
rb1805,20171211,20171208,210200000,3897.0,51970,2670496,2023232020.0,3897.0,53,3896.0,316
rb1805,20171211,20171208,210200500,3898.0,52200,2670430,2032195360.0,3897.0,1,3896.0,300
rb1805,20171211,20171208,210201000,3897.0,52252,2670384,2034221980.0,3898.0,624,3897.0,155
rb1805,20171211,20171208,210201500,3898.0,52870,2669788,2058302640.0,3898.0,617,3897.0,3
rb1805,20171211,20171208,210202000,3897.0,52896,2669784,2059315820.0,3897.0,565,3896.0,182
rb1805,20171211,20171208,210202500,3896.0,53284,2669912,2074432320.0,3896.0,52,3895.0,153
rb1805,20171211,20171208,210203000,3897.0,53440,2670008,2080509240.0,3897.0,539,3895.0,97
rb1805,20171211,20171208,210203500,3895.0,53466,2670030,2081522140.0,3896.0,31,3895.0,85
rb1805,20171211,20171208,210204000,3897.0,53940,2669794,2099992840.0,3897.0,363,3896.0,1
rb1805,20171211,20171208,210204500,3896.0,53956,2669806,2100616220.0,3896.0,3,3895.0,87
rb1805,20171211,20171208,210205000,3895.0,54176,2669902,2109185440.0,3895.0,14,3894.0,191
rb1805,20171211,20171208,210205500,3897.0,54236,2669908,2111522920.0,3897.0,367,3896.0,13
rb1805,20171211,20171208,210206000,3896.0,54278,2669926,2113159220.0,3896.0,230,3895.0,55
rb1805,20171211,20171208,210206500,3895.0,54352,2669920,2116041440.0,3895.0,80,3894.0,197
rb1805,20171211,20171208,210207000,3894.0,54392,2669922,2117599340.0,3895.0,67,3894.0,183
rb1805,20171211,20171208,210207500,3895.0,54464,2669924,2120403700.0,3895.0,69,3894.0,182
rb1805,20171211,20171208,210208000,3895.0,54502,2669926,2121883640.0,3895.0,63,3894.0,177
rb1805,20171211,20171208,210208500,3895.0,54516,2669918,2122428920.0,3895.0,159,3894.0,178
rb1805,20171211,20171208,210209000,3894.0,54628,2669982,2126790320.0,3895.0,182,3894.0,124
rb1805,20171211,20171208,210209500,3894.0,54718,2670048,2130295720.0,3895.0,184,3894.0,128
rb1805,20171211,20171208,210210000,3894.0,55060,2670008,2143613460.0,3894.0,40,3893.0,336
rb1805,20171211,20171208,210210500,3894.0,55192,2669934,2148752760.0,3894.0,17,3893.0,297
rb1805,20171211,20171208,210211000,3895.0,55462,2670154,2159265760.0,3895.0,89,3894.0,1
rb1805,20171211,20171208,210211500,3894.0,55488,2670138,2160278200.0,3894.0,22,3893.0,247
rb1805,20171211,20171208,210212000,3894.0,55558,2670120,2163004000.0,3895.0,80,3894.0,62
rb1805,20171211,20171208,210212500,3894.0,55578,2670112,2163782860.0,3895.0,75,3894.0,81
rb1805,20171211,20171208,210213000,3894.0,55690,2670092,2168144160.0,3895.0,79,3894.0,36
rb1805,20171211,20171208,210213500,3893.0,55906,2670256,2176553740.0,3895.0,92,3894.0,7
rb1805,20171211,20171208,210214000,3894.0,56024,2670284,2181148500.0,3894.0,22,3893.0,223
rb1805,20171211,20171208,210214500,3894.0,56050,2670306,2182160920.0,3894.0,52,3893.0,228
rb1805,20171211,20171208,210215000,3894.0,56084,2670318,2183484760.0,3894.0,55,3893.0,218
rb1805,20171211,20171208,210215500,3893.0,56568,2670644,2202327300.0,3893.0,9,3892.0,373
rb1805,20171211,20171208,210216000,3893.0,56642,2670656,2205208340.0,3894.0,41,3893.0,51
rb1805,20171211,20171208,210216500,3893.0,56736,2670636,2208868500.0,3894.0,27,3893.0,44
rb1805,20171211,20171208,210217000,3894.0,56774,2670656,2210348120.0,3894.0,95,3893.0,91
rb1805,20171211,20171208,210217500,3894.0,56810,2670672,2211749740.0,3894.0,191,3893.0,92
rb1805,20171211,20171208,210218000,3893.0,56828,2670686,2212450480.0,3894.0,200,3893.0,288
rb1805,20171211,20171208,210218500,3893.0,56866,2670714,2213929920.0,3894.0,195,3893.0,277
rb1805,20171211,20171208,210219000,3893.0,57168,2670788,2225687000.0,3894.0,192,3893.0,161
rb1805,20171211,20171208,210219500,3893.0,57632,2670834,2243750880.0,3894.0,220,3893.0,34
rb1805,20171211,20171208,210220000,3894.0,57680,2670814,2245619560.0,3894.0,220,3893.0,28
rb1805,20171211,20171208,210220500,3892.0,57792,2670748,2249979680.0,3894.0,219,3893.0,1
rb1805,20171211,20171208,210221000,3893.0,57824,2670732,2251225500.0,3893.0,45,3892.0,413
rb1805,20171211,20171208,210221500,3893.0,57858,2670712,2252549080.0,3893.0,74,3892.0,421
rb1805,20171211,20171208,210222000,3893.0,57858,2670712,2252549080.0,3893.0,77,3892.0,416
rb1805,20171211,20171208,210222500,3892.0,57928,2670772,2255273500.0,3893.0,80,3892.0,395
rb1805,20171211,20171208,210223000,3893.0,58210,2670832,2266251740.0,3894.0,230,3892.0,394
rb1805,20171211,20171208,210223500,3893.0,58218,2670838,2266563180.0,3894.0,230,3893.0,5
rb1805,20171211,20171208,210224000,3893.0,58254,2670858,2267964740.0,3893.0,10,3892.0,394
rb1805,20171211,20171208,210224500,3893.0,58338,2670868,2271234340.0,3894.0,218,3893.0,14
rb1805,20171211,20171208,210225000,3893.0,58348,2670876,2271623640.0,3894.0,219,3893.0,9
rb1805,20171211,20171208,210225500,3893.0,58506,2670780,2277774500.0,3893.0,3,3892.0,336
rb1805,20171211,20171208,210226000,3892.0,58690,2670784,2284935860.0,3893.0,9,3892.0,251
rb1805,20171211,20171208,210226500,3893.0,58712,2670802,2285792340.0,3893.0,32,3892.0,252
rb1805,20171211,20171208,210227000,3892.0,58722,2670804,2286181600.0,3893.0,30,3892.0,252
rb1805,20171211,20171208,210227500,3893.0,58738,2670804,2286804360.0,3893.0,44,3892.0,389
rb1805,20171211,20171208,210228000,3893.0,58756,2670822,2287505060.0,3893.0,42,3892.0,388
rb1805,20171211,20171208,210228500,3893.0,58874,2670850,2292098400.0,3893.0,8,3892.0,373
rb1805,20171211,20171208,210229000,3893.0,58922,2670830,2293967040.0,3894.0,166,3893.0,92
rb1805,20171211,20171208,210229500,3893.0,58926,2670828,2294122760.0,3894.0,171,3893.0,93
rb1805,20171211,20171208,210230000,3893.0,58994,2670764,2296770000.0,3894.0,171,3893.0,106
rb1805,20171211,20171208,210230500,3893.0,59260,2670810,2307126580.0,3894.0,612,3893.0,50
rb1805,20171211,20171208,210231000,3893.0,59280,2670796,2307905200.0,3894.0,613,3893.0,41
rb1805,20171211,20171208,210231500,3893.0,59426,2670880,2313590220.0,3894.0,556,3893.0,53
rb1805,20171211,20171208,210232000,3893.0,59476,2670836,2315536960.0,3894.0,545,3893.0,40
rb1805,20171211,20171208,210232500,3894.0,59510,2670846,2316860880.0,3894.0,531,3893.0,39
rb1805,20171211,20171208,210233000,3893.0,59612,2670828,2320831840.0,3894.0,530,3893.0,1
rb1805,20171211,20171208,210233500,3893.0,59626,2670824,2321376840.0,3893.0,50,3892.0,534
rb1805,20171211,20171208,210234000,3893.0,59662,2670822,2322778020.0,3893.0,56,3892.0,519
rb1805,20171211,20171208,210234500,3893.0,59672,2670816,2323167300.0,3893.0,55,3892.0,519
rb1805,20171211,20171208,210235000,3893.0,59686,2670802,2323712320.0,3893.0,121,3892.0,526
rb1805,20171211,20171208,210235500,3893.0,59754,2670838,2326359520.0,3893.0,56,3892.0,526
rb1805,20171211,20171208,210236000,3893.0,59940,2670780,2333600520.0,3894.0,200,3893.0,23
rb1805,20171211,20171208,210236500,3893.0,60054,2670754,2338039040.0,3894.0,183,3893.0,497
rb1805,20171211,20171208,210237000,3893.0,60070,2670756,2338662020.0,3894.0,183,3893.0,501
rb1805,20171211,20171208,210237500,3893.0,60116,2670794,2340452840.0,3894.0,181,3893.0,589
rb1805,20171211,20171208,210238000,3894.0,60304,2670796,2347771720.0,3894.0,179,3893.0,499
rb1805,20171211,20171208,210238500,3893.0,60314,2670802,2348161040.0,3894.0,178,3893.0,501
rb1805,20171211,20171208,210239000,3893.0,60372,2670810,2350419000.0,3894.0,277,3893.0,495
rb1805,20171211,20171208,210239500,3893.0,60412,2670844,2351976260.0,3894.0,274,3893.0,480
rb1805,20171211,20171208,210240000,3893.0,60424,2670842,2352443460.0,3894.0,305,3893.0,478
rb1805,20171211,20171208,210240500,3894.0,60428,2670842,2352599200.0,3894.0,305,3893.0,480
rb1805,20171211,20171208,210241000,3894.0,60472,2670842,2354312560.0,3894.0,288,3893.0,465
rb1805,20171211,20171208,210241500,3893.0,60476,2670842,2354468300.0,3894.0,297,3893.0,465
rb1805,20171211,20171208,210242000,3893.0,60476,2670842,2354468300.0,3894.0,308,3893.0,467
rb1805,20171211,20171208,210242500,3893.0,60478,2670842,2354546160.0,3894.0,308,3893.0,466
rb1805,20171211,20171208,210243000,3894.0,60660,2670872,2361631600.0,3894.0,299,3893.0,391
rb1805,20171211,20171208,210243500,3893.0,61182,2671136,2381958180.0,3894.0,45,3893.0,386
rb1805,20171211,20171208,210244000,3893.0,61308,2671204,2386864560.0,3894.0,2,3893.0,384
rb1805,20171211,20171208,210244500,3893.0,61314,2671210,2387098140.0,3894.0,3,3893.0,383
rb1805,20171211,20171208,210245000,3893.0,61330,2671214,2387721080.0,3894.0,4,3893.0,381
rb1805,20171211,20171208,210245500,3894.0,61346,2671218,2388344120.0,3895.0,262,3894.0,4
rb1805,20171211,20171208,210246000,3894.0,61356,2671218,2388733520.0,3895.0,264,3893.0,398
rb1805,20171211,20171208,210246500,3894.0,61372,2671228,2389356460.0,3895.0,264,3894.0,9
rb1805,20171211,20171208,210247000,3894.0,61476,2671210,2393405400.0,3894.0,8,3893.0,355
rb1805,20171211,20171208,210247500,3894.0,61512,2671230,2394807160.0,3895.0,129,3894.0,1
rb1805,20171211,20171208,210248000,3894.0,61518,2671230,2395040800.0,3894.0,22,3893.0,358
rb1805,20171211,20171208,210248500,3894.0,61518,2671230,2395040800.0,3894.0,26,3893.0,358
rb1805,20171211,20171208,210249000,3893.0,61568,2671240,2396987300.0,3894.0,28,3893.0,340
rb1805,20171211,20171208,210249500,3894.0,61574,2671244,2397220920.0,3894.0,100,3893.0,341
rb1805,20171211,20171208,210250000,3894.0,61584,2671252,2397610280.0,3894.0,109,3893.0,340
rb1805,20171211,20171208,210250500,3894.0,61658,2671264,2400491240.0,3894.0,117,3893.0,311
rb1805,20171211,20171208,210251000,3893.0,61686,2671288,2401581500.0,3894.0,107,3893.0,308
rb1805,20171211,20171208,210251500,3893.0,61688,2671290,2401659360.0,3894.0,107,3893.0,309
rb1805,20171211,20171208,210252000,3894.0,61786,2671306,2405474540.0,3894.0,108,3893.0,264
rb1805,20171211,20171208,210252500,3893.0,61792,2671310,2405708140.0,3894.0,169,3893.0,266
rb1805,20171211,20171208,210253000,3894.0,61806,2671314,2406253260.0,3894.0,168,3893.0,264
rb1805,20171211,20171208,210253500,3894.0,61814,2671310,2406564760.0,3894.0,177,3893.0,270
rb1805,20171211,20171208,210254000,3894.0,61872,2671312,2408822760.0,3894.0,176,3893.0,244
rb1805,20171211,20171208,210254500,3893.0,61876,2671314,2408978480.0,3894.0,176,3893.0,245
rb1805,20171211,20171208,210255000,3894.0,61902,2671310,2409990820.0,3894.0,175,3893.0,241
rb1805,20171211,20171208,210255500,3893.0,61924,2671312,2410847440.0,3894.0,158,3893.0,238
rb1805,20171211,20171208,210256000,3893.0,61942,2671316,2411548200.0,3894.0,158,3893.0,233
rb1805,20171211,20171208,210256500,3893.0,62030,2671264,2414974080.0,3894.0,157,3893.0,201
rb1805,20171211,20171208,210257000,3894.0,62044,2671254,2415519180.0,3894.0,155,3893.0,196
rb1805,20171211,20171208,210257500,3893.0,62068,2671232,2416453500.0,3894.0,155,3893.0,263
rb1805,20171211,20171208,210258000,3894.0,62388,2671262,2428913280.0,3894.0,46,3893.0,212
rb1805,20171211,20171208,210258500,3893.0,62414,2671262,2429925620.0,3894.0,82,3893.0,207
rb1805,20171211,20171208,210259000,3893.0,62480,2671260,2432495020.0,3894.0,100,3893.0,176
rb1805,20171211,20171208,210259500,3894.0,62510,2671246,2433662960.0,3894.0,157,3893.0,166
rb1805,20171211,20171208,210300000,3893.0,62520,2671250,2434052260.0,3894.0,190,3893.0,167
rb1805,20171211,20171208,210300500,3894.0,62546,2671248,2435064540.0,3894.0,185,3893.0,179
rb1805,20171211,20171208,210301000,3894.0,62614,2671294,2437712240.0,3894.0,156,3893.0,171
rb1805,20171211,20171208,210301500,3893.0,62754,2671356,2443163300.0,3894.0,115,3893.0,147
rb1805,20171211,20171208,210302000,3894.0,62860,2671330,2447289900.0,3894.0,118,3893.0,98
rb1805,20171211,20171208,210302500,3894.0,62860,2671330,2447289900.0,3894.0,370,3893.0,118
rb1805,20171211,20171208,210303000,3894.0,62972,2671270,2451651080.0,3894.0,329,3893.0,173
rb1805,20171211,20171208,210303500,3893.0,62990,2671270,2452351840.0,3894.0,328,3893.0,194
rb1805,20171211,20171208,210304000,3893.0,63008,2671272,2453052580.0,3894.0,329,3893.0,287
rb1805,20171211,20171208,210304500,3894.0,63188,2671372,2460060040.0,3894.0,334,3893.0,244
rb1805,20171211,20171208,210305000,3893.0,63360,2671360,2466756100.0,3894.0,329,3893.0,166
rb1805,20171211,20171208,210305500,3893.0,63402,2671358,2468391540.0,3894.0,332,3893.0,169
rb1805,20171211,20171208,210306000,3893.0,63530,2671288,2473374600.0,3894.0,331,3893.0,107
rb1805,20171211,20171208,210306500,3894.0,63556,2671302,2474386960.0,3894.0,337,3893.0,248
rb1805,20171211,20171208,210307000,3893.0,63624,2671278,2477034840.0,3894.0,306,3893.0,332
rb1805,20171211,20171208,210307500,3894.0,64260,2671576,2501800680.0,3895.0,167,3894.0,235
rb1805,20171211,20171208,210308000,3894.0,64392,2671632,2506942040.0,3895.0,113,3894.0,241
rb1805,20171211,20171208,210308500,3895.0,64456,2671622,2509434820.0,3895.0,82,3894.0,333
rb1805,20171211,20171208,210309000,3895.0,64626,2671690,2516056320.0,3896.0,140,3895.0,226
rb1805,20171211,20171208,210309500,3895.0,64716,2671684,2519561820.0,3896.0,141,3895.0,183
rb1805,20171211,20171208,210310000,3895.0,64754,2671656,2521041920.0,3896.0,139,3895.0,168
rb1805,20171211,20171208,210310500,3895.0,64758,2671658,2521197740.0,3896.0,137,3895.0,172
rb1805,20171211,20171208,210311000,3896.0,64788,2671638,2522366300.0,3896.0,134,3895.0,175
rb1805,20171211,20171208,210311500,3895.0,65016,2671492,2531247400.0,3896.0,113,3895.0,88
rb1805,20171211,20171208,210312000,3895.0,65098,2671412,2534441300.0,3896.0,119,3895.0,125
rb1805,20171211,20171208,210312500,3895.0,65188,2671410,2537946860.0,3896.0,118,3895.0,89
rb1805,20171211,20171208,210313000,3895.0,65236,2671440,2539816760.0,3896.0,109,3895.0,177
rb1805,20171211,20171208,210313500,3896.0,65262,2671466,2540829600.0,3896.0,103,3895.0,171
rb1805,20171211,20171208,210314000,3895.0,65274,2671474,2541297040.0,3896.0,104,3895.0,167
rb1805,20171211,20171208,210314500,3895.0,65274,2671474,2541297040.0,3896.0,205,3895.0,167
rb1805,20171211,20171208,210315000,3895.0,65294,2671490,2542076060.0,3896.0,216,3895.0,159
rb1805,20171211,20171208,210315500,3895.0,65608,2671532,2554308440.0,3896.0,155,3895.0,96
rb1805,20171211,20171208,210316000,3896.0,65622,2671544,2554853820.0,3896.0,154,3895.0,99
rb1805,20171211,20171208,210316500,3895.0,65782,2671564,2561086420.0,3896.0,139,3895.0,50
rb1805,20171211,20171208,210317000,3896.0,66012,2671538,2570045160.0,3896.0,139,3895.0,80
rb1805,20171211,20171208,210317500,3896.0,66100,2671542,2573473620.0,3896.0,97,3895.0,84
rb1805,20171211,20171208,210318000,3896.0,66112,2671548,2573941100.0,3896.0,98,3895.0,87
rb1805,20171211,20171208,210318500,3895.0,66304,2671582,2581419520.0,3895.0,111,3894.0,363
rb1805,20171211,20171208,210319000,3895.0,66324,2671600,2582198520.0,3895.0,101,3894.0,363
rb1805,20171211,20171208,210319500,3895.0,66330,2671604,2582432220.0,3895.0,100,3894.0,363
rb1805,20171211,20171208,210320000,3895.0,66390,2671648,2584769200.0,3895.0,72,3894.0,357
rb1805,20171211,20171208,210320500,3895.0,66400,2671658,2585158700.0,3895.0,69,3894.0,357
rb1805,20171211,20171208,210321000,3895.0,66564,2671622,2591546520.0,3896.0,216,3895.0,140
rb1805,20171211,20171208,210321500,3896.0,66576,2671624,2592013980.0,3896.0,155,3895.0,337
rb1805,20171211,20171208,210322000,3895.0,66590,2671624,2592559280.0,3896.0,95,3895.0,347
rb1805,20171211,20171208,210322500,3895.0,66602,2671624,2593026720.0,3896.0,93,3895.0,343
rb1805,20171211,20171208,210323000,3895.0,66602,2671624,2593026720.0,3896.0,108,3895.0,344
rb1805,20171211,20171208,210323500,3896.0,66652,2671620,2594974620.0,3896.0,89,3895.0,362
rb1805,20171211,20171208,210324000,3895.0,66788,2671642,2600272960.0,3896.0,34,3895.0,356
rb1805,20171211,20171208,210324500,3896.0,66864,2671620,2603233920.0,3897.0,354,3896.0,68
rb1805,20171211,20171208,210325000,3896.0,66898,2671590,2604558560.0,3897.0,356,3896.0,48
rb1805,20171211,20171208,210325500,3896.0,66932,2671578,2605883200.0,3897.0,356,3896.0,36
rb1805,20171211,20171208,210326000,3896.0,66978,2671598,2607675380.0,3897.0,355,3896.0,37
rb1805,20171211,20171208,210326500,3897.0,66998,2671602,2608454740.0,3897.0,347,3896.0,45
rb1805,20171211,20171208,210327000,3896.0,67094,2671594,2612195220.0,3897.0,333,3896.0,215
rb1805,20171211,20171208,210327500,3896.0,67700,2671794,2635807020.0,3897.0,231,3896.0,14
rb1805,20171211,20171208,210328000,3896.0,67804,2671720,2639858640.0,3897.0,220,3896.0,9
rb1805,20171211,20171208,210328500,3897.0,68006,2671808,2647730560.0,3897.0,121,3896.0,10
rb1805,20171211,20171208,210329000,3896.0,68028,2671820,2648587680.0,3897.0,122,3896.0,4
rb1805,20171211,20171208,210329500,3896.0,68036,2671818,2648899360.0,3896.0,1,3895.0,238
rb1805,20171211,20171208,210330000,3897.0,68106,2671808,2651626480.0,3897.0,128,3895.0,223
rb1805,20171211,20171208,210330500,3897.0,68116,2671808,2652016140.0,3896.0,1,3895.0,223
rb1805,20171211,20171208,210331000,3895.0,68178,2671864,2654431120.0,3897.0,194,3895.0,197
rb1805,20171211,20171208,210331500,3896.0,68188,2671866,2654820720.0,3896.0,12,3895.0,269
rb1805,20171211,20171208,210332000,3897.0,68250,2671864,2657236300.0,3897.0,168,3896.0,1
rb1805,20171211,20171208,210332500,3897.0,68596,2671940,2670719820.0,3898.0,596,3897.0,144
rb1805,20171211,20171208,210333000,3897.0,68598,2671940,2670797760.0,3898.0,597,3897.0,176
rb1805,20171211,20171208,210333500,3896.0,69000,2672258,2686463360.0,3897.0,3,3896.0,93
rb1805,20171211,20171208,210334000,3897.0,69014,2672264,2687008900.0,3897.0,40,3896.0,57
rb1805,20171211,20171208,210334500,3897.0,69032,2672260,2687710340.0,3897.0,73,3896.0,73
rb1805,20171211,20171208,210335000,3897.0,69064,2672254,2688957120.0,3897.0,123,3896.0,62
rb1805,20171211,20171208,210335500,3897.0,69068,2672250,2689113000.0,3897.0,133,3896.0,63
rb1805,20171211,20171208,210336000,3897.0,69084,2672246,2689736480.0,3897.0,129,3896.0,60
rb1805,20171211,20171208,210336500,3897.0,69288,2672264,2697686360.0,3897.0,28,3896.0,50
rb1805,20171211,20171208,210337000,3897.0,69328,2672262,2699245000.0,3897.0,52,3896.0,57
rb1805,20171211,20171208,210337500,3896.0,69342,2672260,2699790560.0,3897.0,50,3896.0,59
rb1805,20171211,20171208,210338000,3898.0,69492,2672304,2705636120.0,3898.0,600,3897.0,318
rb1805,20171211,20171208,210338500,3897.0,69662,2672462,2712261120.0,3898.0,601,3897.0,241
rb1805,20171211,20171208,210339000,3898.0,69690,2672458,2713352540.0,3898.0,588,3897.0,340
rb1805,20171211,20171208,210339500,3897.0,69788,2672484,2717172040.0,3898.0,566,3897.0,313
rb1805,20171211,20171208,210340000,3897.0,70036,2672394,2726838460.0,3898.0,473,3897.0,284
rb1805,20171211,20171208,210340500,3897.0,70424,2672416,2741962560.0,3898.0,286,3897.0,281
rb1805,20171211,20171208,210341000,3898.0,71012,2672334,2764882560.0,3898.0,4,3897.0,269
rb1805,20171211,20171208,210341500,3898.0,71032,2672332,2765662180.0,3899.0,504,3898.0,215
rb1805,20171211,20171208,210342000,3899.0,71054,2672332,2766519780.0,3899.0,488,3898.0,237
rb1805,20171211,20171208,210342500,3899.0,71420,2672318,2780789060.0,3899.0,360,3898.0,201
rb1805,20171211,20171208,210343000,3898.0,71432,2672320,2781256840.0,3899.0,357,3898.0,257
rb1805,20171211,20171208,210343500,3899.0,71596,2672426,2787651160.0,3899.0,277,3898.0,257
rb1805,20171211,20171208,210344000,3899.0,71822,2672566,2796462760.0,3899.0,174,3898.0,251
rb1805,20171211,20171208,210344500,3899.0,71846,2672572,2797398380.0,3899.0,219,3898.0,247
rb1805,20171211,20171208,210345000,3898.0,72414,2673040,2819539200.0,3898.0,125,3897.0,289
rb1805,20171211,20171208,210345500,3898.0,72454,2673070,2821098380.0,3898.0,129,3897.0,289
rb1805,20171211,20171208,210346000,3898.0,72520,2673096,2823671060.0,3898.0,94,3897.0,299
rb1805,20171211,20171208,210346500,3898.0,72544,2673110,2824606580.0,3898.0,93,3897.0,299
rb1805,20171211,20171208,210347000,3898.0,72570,2673128,2825620060.0,3898.0,86,3897.0,299
rb1805,20171211,20171208,210347500,3898.0,72634,2673158,2828114580.0,3898.0,84,3897.0,290
rb1805,20171211,20171208,210348000,3898.0,72660,2673178,2829128060.0,3898.0,88,3897.0,299
rb1805,20171211,20171208,210348500,3898.0,72748,2673214,2832557820.0,3898.0,71,3897.0,288
rb1805,20171211,20171208,210349000,3898.0,72778,2673214,2833727040.0,3898.0,116,3897.0,279
rb1805,20171211,20171208,210349500,3897.0,72790,2673218,2834194760.0,3898.0,114,3897.0,275
rb1805,20171211,20171208,210350000,3897.0,72878,2673200,2837624960.0,3898.0,91,3897.0,275
rb1805,20171211,20171208,210350500,3898.0,72896,2673216,2838326600.0,3898.0,81,3897.0,275
rb1805,20171211,20171208,210351000,3898.0,73350,2673110,2856025660.0,3898.0,92,3897.0,262
rb1805,20171211,20171208,210351500,3898.0,73396,2673122,2857818540.0,3898.0,84,3897.0,253
rb1805,20171211,20171208,210352000,3897.0,73416,2673124,2858598100.0,3898.0,95,3897.0,257
rb1805,20171211,20171208,210352500,3897.0,73444,2673124,2859689520.0,3898.0,99,3897.0,267
rb1805,20171211,20171208,210353000,3898.0,73480,2673124,2861092740.0,3898.0,102,3897.0,266
rb1805,20171211,20171208,210353500,3897.0,73498,2673128,2861794320.0,3898.0,96,3897.0,263
rb1805,20171211,20171208,210354000,3897.0,73514,2673132,2862417960.0,3898.0,94,3897.0,261
rb1805,20171211,20171208,210354500,3898.0,73524,2673130,2862807740.0,3898.0,89,3897.0,272
rb1805,20171211,20171208,210355000,3897.0,73656,2673082,2867952900.0,3898.0,37,3897.0,277
rb1805,20171211,20171208,210355500,3898.0,73702,2673096,2869745980.0,3898.0,17,3897.0,279
rb1805,20171211,20171208,210356000,3898.0,73712,2673106,2870135780.0,3898.0,14,3897.0,299
rb1805,20171211,20171208,210356500,3897.0,73764,2673126,2872162320.0,3898.0,17,3897.0,280
rb1805,20171211,20171208,210357000,3898.0,73828,2673138,2874656620.0,3898.0,10,3897.0,259
rb1805,20171211,20171208,210357500,3898.0,73860,2673154,2875903900.0,3898.0,14,3897.0,275
rb1805,20171211,20171208,210358000,3898.0,73894,2673182,2877229220.0,3899.0,255,3898.0,5
rb1805,20171211,20171208,210358500,3897.0,73942,2673182,2879099980.0,3898.0,154,3897.0,263
rb1805,20171211,20171208,210359000,3898.0,73994,2673188,2881126940.0,3898.0,133,3897.0,266
rb1805,20171211,20171208,210359500,3897.0,74436,2673466,2898351880.0,3898.0,149,3897.0,64
rb1805,20171211,20171208,210400000,3898.0,74556,2673582,2903029360.0,3898.0,97,3897.0,58
rb1805,20171211,20171208,210400500,3897.0,74692,2673650,2908330560.0,3898.0,236,3897.0,157
rb1805,20171211,20171208,210401000,3897.0,74718,2673662,2909343900.0,3898.0,239,3897.0,150
rb1805,20171211,20171208,210401500,3898.0,74776,2673696,2911604420.0,3898.0,227,3897.0,141
rb1805,20171211,20171208,210402000,3898.0,74794,2673700,2912305960.0,3898.0,237,3897.0,66
rb1805,20171211,20171208,210402500,3897.0,74948,2673654,2918307340.0,3897.0,59,3896.0,149
rb1805,20171211,20171208,210403000,3898.0,75194,2673660,2927895740.0,3897.0,1,3896.0,141
rb1805,20171211,20171208,210403500,3897.0,75202,2673664,2928207500.0,3897.0,204,3896.0,152
rb1805,20171211,20171208,210404000,3896.0,75320,2673644,2932804800.0,3897.0,316,3896.0,93
rb1805,20171211,20171208,210404500,3896.0,75494,2673598,2939583840.0,3896.0,854,3895.0,687
rb1805,20171211,20171208,210405000,3896.0,75810,2673748,2951892260.0,3896.0,840,3895.0,565
rb1805,20171211,20171208,210405500,3895.0,76260,2673566,2969419840.0,3896.0,861,3895.0,345
rb1805,20171211,20171208,210406000,3894.0,76980,2673868,2997463820.0,3895.0,138,3894.0,200
rb1805,20171211,20171208,210406500,3895.0,77154,2673888,3004240000.0,3895.0,126,3894.0,84
rb1805,20171211,20171208,210407000,3894.0,77192,2673920,3005719960.0,3895.0,197,3894.0,77
rb1805,20171211,20171208,210407500,3895.0,77272,2673884,3008835880.0,3895.0,170,3894.0,75
rb1805,20171211,20171208,210408000,3895.0,77292,2673886,3009614760.0,3895.0,182,3894.0,70
rb1805,20171211,20171208,210408500,3894.0,77398,2673884,3013743440.0,3895.0,121,3894.0,70
rb1805,20171211,20171208,210409000,3894.0,77604,2673884,3021766380.0,3895.0,58,3894.0,44
rb1805,20171211,20171208,210409500,3894.0,77688,2673870,3025037940.0,3895.0,30,3894.0,132
rb1805,20171211,20171208,210410000,3895.0,77758,2673844,3027764440.0,3896.0,378,3895.0,329
rb1805,20171211,20171208,210410500,3895.0,77852,2673842,3031426220.0,3896.0,346,3895.0,285
rb1805,20171211,20171208,210411000,3895.0,77912,2673820,3033763220.0,3896.0,340,3895.0,231
rb1805,20171211,20171208,210411500,3896.0,77914,2673820,3033841140.0,3896.0,343,3895.0,232
rb1805,20171211,20171208,210412000,3895.0,77918,2673818,3033996960.0,3896.0,343,3895.0,233
rb1805,20171211,20171208,210412500,3895.0,78000,2673752,3037191560.0,3896.0,308,3895.0,228
rb1805,20171211,20171208,210413000,3895.0,78006,2673746,3037425300.0,3896.0,307,3895.0,237
rb1805,20171211,20171208,210413500,3896.0,78042,2673734,3038827720.0,3896.0,297,3895.0,265
rb1805,20171211,20171208,210414000,3895.0,78298,2673764,3048799480.0,3896.0,269,3895.0,164
rb1805,20171211,20171208,210414500,3896.0,78348,2673730,3050747380.0,3896.0,251,3895.0,182
rb1805,20171211,20171208,210415000,3896.0,78538,2673918,3058149780.0,3896.0,167,3895.0,198
rb1805,20171211,20171208,210415500,3895.0,78720,2674046,3065240240.0,3896.0,90,3895.0,196
rb1805,20171211,20171208,210416000,3896.0,78932,2674112,3073499500.0,3897.0,356,3896.0,73
rb1805,20171211,20171208,210416500,3897.0,78942,2674116,3073889160.0,3897.0,359,3896.0,118
rb1805,20171211,20171208,210417000,3897.0,78952,2674124,3074278800.0,3897.0,199,3896.0,136
rb1805,20171211,20171208,210417500,3897.0,78978,2674150,3075291860.0,3897.0,205,3896.0,143
rb1805,20171211,20171208,210418000,3896.0,78998,2674158,3076071160.0,3897.0,192,3896.0,139
rb1805,20171211,20171208,210418500,3896.0,79370,2674228,3090565880.0,3897.0,115,3896.0,43
rb1805,20171211,20171208,210419000,3897.0,79382,2674228,3091033520.0,3897.0,110,3896.0,43
rb1805,20171211,20171208,210419500,3896.0,79402,2674228,3091812720.0,3897.0,110,3896.0,257
rb1805,20171211,20171208,210420000,3896.0,79406,2674228,3091968560.0,3897.0,147,3896.0,343
rb1805,20171211,20171208,210420500,3896.0,79448,2674266,3093604880.0,3897.0,189,3896.0,324
rb1805,20171211,20171208,210421000,3897.0,79470,2674282,3094462060.0,3897.0,197,3896.0,195
rb1805,20171211,20171208,210421500,3896.0,79472,2674282,3094539980.0,3897.0,136,3896.0,194
rb1805,20171211,20171208,210422000,3897.0,79496,2674282,3095475160.0,3897.0,138,3896.0,189
rb1805,20171211,20171208,210422500,3897.0,79534,2674316,3096956000.0,3897.0,122,3896.0,211
rb1805,20171211,20171208,210423000,3896.0,79542,2674308,3097267680.0,3897.0,112,3896.0,211
rb1805,20171211,20171208,210423500,3896.0,79542,2674308,3097267680.0,3897.0,112,3896.0,227
rb1805,20171211,20171208,210424000,3897.0,79572,2674322,3098436700.0,3897.0,109,3896.0,223
rb1805,20171211,20171208,210424500,3896.0,79582,2674322,3098826320.0,3897.0,110,3896.0,204
rb1805,20171211,20171208,210425000,3896.0,79586,2674318,3098982160.0,3897.0,117,3896.0,203
rb1805,20171211,20171208,210425500,3896.0,79590,2674318,3099138000.0,3897.0,122,3896.0,201
rb1805,20171211,20171208,210426000,3896.0,79616,2674324,3100151120.0,3897.0,150,3896.0,197
rb1805,20171211,20171208,210426500,3896.0,79626,2674322,3100540740.0,3897.0,151,3896.0,194
rb1805,20171211,20171208,210427000,3897.0,79688,2674276,3102956480.0,3897.0,191,3896.0,174
rb1805,20171211,20171208,210427500,3897.0,79694,2674274,3103190300.0,3897.0,193,3896.0,175
rb1805,20171211,20171208,210428000,3896.0,79720,2674272,3104203260.0,3897.0,213,3896.0,162
rb1805,20171211,20171208,210428500,3896.0,79782,2674222,3106618880.0,3897.0,209,3896.0,136
rb1805,20171211,20171208,210429000,3897.0,79786,2674220,3106774740.0,3897.0,217,3896.0,138
rb1805,20171211,20171208,210429500,3896.0,80116,2674332,3119631560.0,3896.0,61,3895.0,226
rb1805,20171211,20171208,210430000,3896.0,80196,2674400,3122748200.0,3896.0,65,3895.0,208
rb1805,20171211,20171208,210430500,3895.0,80226,2674414,3123916760.0,3896.0,74,3895.0,199
rb1805,20171211,20171208,210431000,3895.0,80434,2674254,3132018380.0,3896.0,173,3895.0,99
rb1805,20171211,20171208,210431500,3896.0,80500,2674232,3134589280.0,3896.0,173,3895.0,76
rb1805,20171211,20171208,210432000,3895.0,80530,2674248,3135757880.0,3896.0,181,3895.0,70
rb1805,20171211,20171208,210432500,3896.0,80544,2674262,3136303280.0,3896.0,176,3895.0,69
rb1805,20171211,20171208,210433000,3895.0,80548,2674262,3136459080.0,3896.0,176,3895.0,68
rb1805,20171211,20171208,210433500,3896.0,80692,2674300,3142069300.0,3896.0,311,3895.0,77
rb1805,20171211,20171208,210434000,3896.0,80738,2674298,3143861320.0,3896.0,307,3895.0,76
rb1805,20171211,20171208,210434500,3896.0,80768,2674308,3145030020.0,3896.0,298,3895.0,71
rb1805,20171211,20171208,210435000,3896.0,80850,2674270,3148224740.0,3896.0,260,3895.0,73
rb1805,20171211,20171208,210435500,3896.0,80866,2674268,3148848000.0,3896.0,257,3895.0,83
rb1805,20171211,20171208,210436000,3895.0,80870,2674268,3149003820.0,3896.0,257,3895.0,83
rb1805,20171211,20171208,210436500,3895.0,80940,2674270,3151730540.0,3896.0,260,3895.0,67
rb1805,20171211,20171208,210437000,3895.0,80960,2674288,3152509540.0,3896.0,276,3895.0,56
rb1805,20171211,20171208,210437500,3895.0,80992,2674290,3153756000.0,3896.0,272,3895.0,48
rb1805,20171211,20171208,210438000,3896.0,81064,2674358,3156560420.0,3896.0,289,3895.0,18
rb1805,20171211,20171208,210438500,3895.0,81124,2674346,3158897460.0,3895.0,136,3894.0,191
rb1805,20171211,20171208,210439000,3895.0,81410,2674150,3170037160.0,3895.0,24,3894.0,183
rb1805,20171211,20171208,210439500,3895.0,81536,2674258,3174944980.0,3896.0,243,3895.0,41
rb1805,20171211,20171208,210440000,3895.0,81578,2674290,3176580920.0,3896.0,247,3895.0,43
rb1805,20171211,20171208,210440500,3896.0,81672,2674312,3180242340.0,3896.0,238,3895.0,4
rb1805,20171211,20171208,210441000,3895.0,81700,2674306,3181332900.0,3895.0,95,3894.0,185
rb1805,20171211,20171208,210441500,3895.0,81930,2674266,3190290840.0,3895.0,19,3894.0,155
rb1805,20171211,20171208,210442000,3895.0,81968,2674282,3191770920.0,3895.0,56,3894.0,155
rb1805,20171211,20171208,210442500,3896.0,82688,2674570,3219821000.0,3897.0,375,3896.0,140
rb1805,20171211,20171208,210443000,3896.0,82772,2674626,3223093640.0,3897.0,377,3896.0,149
rb1805,20171211,20171208,210443500,3896.0,82798,2674650,3224106600.0,3897.0,394,3896.0,137
rb1805,20171211,20171208,210444000,3896.0,82810,2674660,3224574120.0,3897.0,394,3896.0,133
rb1805,20171211,20171208,210444500,3896.0,82978,2674664,3231119420.0,3897.0,393,3896.0,51
rb1805,20171211,20171208,210445000,3897.0,83004,2674666,3232132400.0,3897.0,394,3896.0,39
rb1805,20171211,20171208,210445500,3896.0,83084,2674730,3235249200.0,3896.0,18,3895.0,167
rb1805,20171211,20171208,210446000,3896.0,83134,2674734,3237197200.0,3896.0,18,3895.0,168
rb1805,20171211,20171208,210446500,3896.0,83174,2674760,3238755600.0,3896.0,83,3895.0,163
rb1805,20171211,20171208,210447000,3896.0,83210,2674790,3240158160.0,3896.0,70,3895.0,161
rb1805,20171211,20171208,210447500,3896.0,83214,2674794,3240314000.0,3896.0,70,3895.0,171
rb1805,20171211,20171208,210448000,3896.0,83252,2674822,3241794460.0,3896.0,57,3895.0,191
rb1805,20171211,20171208,210448500,3896.0,83296,2674864,3243508700.0,3896.0,32,3895.0,191
rb1805,20171211,20171208,210449000,3896.0,83316,2674882,3244287900.0,3896.0,22,3895.0,191
rb1805,20171211,20171208,210449500,3896.0,83338,2674904,3245145020.0,3896.0,11,3895.0,190
rb1805,20171211,20171208,210450000,3896.0,83344,2674906,3245378760.0,3896.0,12,3895.0,211
rb1805,20171211,20171208,210450500,3895.0,83356,2674910,3245846260.0,3896.0,22,3895.0,217
rb1805,20171211,20171208,210451000,3896.0,83374,2674912,3246547480.0,3896.0,15,3895.0,214
rb1805,20171211,20171208,210451500,3895.0,83376,2674912,3246625380.0,3896.0,18,3895.0,217
rb1805,20171211,20171208,210452000,3896.0,83396,2674930,3247404580.0,3896.0,8,3895.0,238
rb1805,20171211,20171208,210452500,3896.0,83420,2674946,3248339600.0,3896.0,3,3895.0,240
rb1805,20171211,20171208,210453000,3896.0,83422,2674946,3248417520.0,3896.0,8,3895.0,247
rb1805,20171211,20171208,210453500,3896.0,83444,2674956,3249274580.0,3897.0,421,3896.0,51
rb1805,20171211,20171208,210454000,3896.0,83500,2674964,3251456360.0,3897.0,433,3896.0,29
rb1805,20171211,20171208,210454500,3895.0,83610,2675028,3255741580.0,3896.0,1,3895.0,249
rb1805,20171211,20171208,210455000,3896.0,83620,2675028,3256131180.0,3896.0,20,3895.0,254
rb1805,20171211,20171208,210455500,3896.0,83622,2675028,3256209100.0,3896.0,56,3895.0,249
rb1805,20171211,20171208,210456000,3896.0,83626,2675030,3256364920.0,3896.0,71,3895.0,249
rb1805,20171211,20171208,210456500,3895.0,83860,2675074,3265480060.0,3896.0,35,3895.0,181
rb1805,20171211,20171208,210457000,3895.0,83930,2675072,3268207140.0,3896.0,26,3895.0,176
rb1805,20171211,20171208,210457500,3897.0,84050,2675114,3272882360.0,3897.0,429,3896.0,52
rb1805,20171211,20171208,210458000,3896.0,84146,2675194,3276622520.0,3897.0,429,3896.0,18
rb1805,20171211,20171208,210458500,3896.0,84266,2675172,3281297200.0,3896.0,26,3895.0,171
rb1805,20171211,20171208,210459000,3895.0,84388,2675192,3286049800.0,3896.0,21,3895.0,145
rb1805,20171211,20171208,210459500,3896.0,84498,2675164,3290335040.0,3896.0,113,3895.0,141
rb1805,20171211,20171208,210500000,3895.0,84612,2675188,3294776280.0,3896.0,114,3895.0,132
rb1805,20171211,20171208,210500500,3895.0,85156,2675302,3315965980.0,3895.0,232,3894.0,260
rb1805,20171211,20171208,210501000,3895.0,85246,2675338,3319471480.0,3895.0,211,3894.0,262
rb1805,20171211,20171208,210501500,3895.0,85302,2675358,3321652440.0,3895.0,210,3894.0,197
rb1805,20171211,20171208,210502000,3895.0,85360,2675400,3323911520.0,3895.0,188,3894.0,196
rb1805,20171211,20171208,210502500,3895.0,85376,2675402,3324534620.0,3895.0,218,3894.0,191
rb1805,20171211,20171208,210503000,3895.0,85516,2675508,3329987560.0,3895.0,148,3894.0,204
rb1805,20171211,20171208,210503500,3895.0,85540,2675522,3330922320.0,3895.0,141,3894.0,200
rb1805,20171211,20171208,210504000,3895.0,85576,2675546,3332324440.0,3895.0,127,3894.0,198
rb1805,20171211,20171208,210504500,3895.0,85594,2675538,3333025400.0,3895.0,125,3894.0,195
rb1805,20171211,20171208,210505000,3894.0,85986,2675266,3348289880.0,3894.0,30,3893.0,327
rb1805,20171211,20171208,210505500,3894.0,86030,2675252,3350003220.0,3894.0,134,3893.0,326
rb1805,20171211,20171208,210506000,3894.0,86040,2675250,3350392620.0,3894.0,157,3893.0,311
rb1805,20171211,20171208,210506500,3894.0,86062,2675260,3351249300.0,3894.0,154,3893.0,311
rb1805,20171211,20171208,210507000,3894.0,86128,2675254,3353819240.0,3894.0,126,3893.0,305
rb1805,20171211,20171208,210507500,3894.0,86160,2675244,3355065320.0,3894.0,115,3893.0,307
rb1805,20171211,20171208,210508000,3893.0,86418,2675056,3365109440.0,3894.0,107,3893.0,186
rb1805,20171211,20171208,210508500,3893.0,86478,2675022,3367445260.0,3894.0,187,3893.0,160
rb1805,20171211,20171208,210509000,3893.0,86562,2674956,3370715460.0,3894.0,184,3893.0,124
rb1805,20171211,20171208,210509500,3894.0,86706,2675054,3376322440.0,3894.0,151,3893.0,108
rb1805,20171211,20171208,210510000,3894.0,86776,2675078,3379048040.0,3894.0,126,3893.0,100
rb1805,20171211,20171208,210510500,3893.0,87036,2675050,3389169860.0,3893.0,193,3892.0,259
rb1805,20171211,20171208,210511000,3893.0,87058,2675046,3390026160.0,3893.0,195,3892.0,251
rb1805,20171211,20171208,210511500,3893.0,87066,2675042,3390337600.0,3893.0,195,3892.0,252
rb1805,20171211,20171208,210512000,3892.0,87184,2674962,3394931320.0,3893.0,144,3892.0,251
rb1805,20171211,20171208,210512500,3892.0,87360,2674936,3401782520.0,3893.0,81,3892.0,230
rb1805,20171211,20171208,210513000,3893.0,87542,2674798,3408867680.0,3894.0,140,3893.0,15
rb1805,20171211,20171208,210513500,3893.0,87554,2674792,3409334840.0,3894.0,150,3893.0,48
rb1805,20171211,20171208,210514000,3893.0,87778,2674960,3418054140.0,3894.0,149,3893.0,113
rb1805,20171211,20171208,210514500,3893.0,87900,2674950,3422803620.0,3894.0,149,3893.0,64
rb1805,20171211,20171208,210515000,3893.0,88140,2674780,3432146560.0,3894.0,149,3893.0,13
rb1805,20171211,20171208,210515500,3894.0,88248,2674678,3436352020.0,3894.0,108,3893.0,105
rb1805,20171211,20171208,210516000,3894.0,88358,2674630,3440635080.0,3894.0,73,3893.0,93
rb1805,20171211,20171208,210516500,3893.0,88428,2674652,3443360280.0,3894.0,69,3893.0,77
rb1805,20171211,20171208,210517000,3893.0,88436,2674654,3443671720.0,3894.0,79,3893.0,107
rb1805,20171211,20171208,210517500,3894.0,88450,2674664,3444216840.0,3894.0,74,3893.0,110
rb1805,20171211,20171208,210518000,3894.0,88578,2674628,3449199920.0,3894.0,72,3893.0,84
rb1805,20171211,20171208,210518500,3893.0,88592,2674636,3449745000.0,3894.0,72,3893.0,87
rb1805,20171211,20171208,210519000,3893.0,88610,2674636,3450445760.0,3894.0,85,3893.0,124
rb1805,20171211,20171208,210519500,3893.0,88724,2674616,3454884780.0,3894.0,35,3893.0,152
rb1805,20171211,20171208,210520000,3894.0,88806,2674570,3458077860.0,3895.0,143,3894.0,32
rb1805,20171211,20171208,210520500,3895.0,88810,2674574,3458233660.0,3895.0,153,3894.0,35
rb1805,20171211,20171208,210521000,3893.0,89016,2674524,3466254000.0,3895.0,153,3894.0,1
rb1805,20171211,20171208,210521500,3893.0,89038,2674530,3467110520.0,3894.0,31,3893.0,132
rb1805,20171211,20171208,210522000,3894.0,89074,2674498,3468512040.0,3894.0,57,3893.0,116
rb1805,20171211,20171208,210522500,3894.0,89124,2674488,3470459020.0,3894.0,34,3893.0,126
rb1805,20171211,20171208,210523000,3894.0,89124,2674488,3470459020.0,3894.0,95,3893.0,127
rb1805,20171211,20171208,210523500,3893.0,89240,2674478,3474975920.0,3894.0,57,3893.0,121
rb1805,20171211,20171208,210524000,3893.0,89242,2674478,3475053780.0,3894.0,15,3893.0,120
rb1805,20171211,20171208,210524500,3895.0,89290,2674466,3476922780.0,3894.0,4,3893.0,123
rb1805,20171211,20171208,210525000,3894.0,89312,2674470,3477779420.0,3895.0,190,3894.0,249
rb1805,20171211,20171208,210525500,3894.0,89346,2674504,3479103700.0,3895.0,181,3894.0,250
rb1805,20171211,20171208,210526000,3894.0,89358,2674514,3479570980.0,3895.0,183,3894.0,250
rb1805,20171211,20171208,210526500,3894.0,89362,2674518,3479726740.0,3895.0,204,3894.0,249
rb1805,20171211,20171208,210527000,3894.0,89384,2674540,3480583420.0,3895.0,206,3894.0,240
rb1805,20171211,20171208,210527500,3895.0,89408,2674562,3481518200.0,3895.0,195,3894.0,241
rb1805,20171211,20171208,210528000,3894.0,89412,2674566,3481673960.0,3895.0,197,3894.0,239
rb1805,20171211,20171208,210528500,3894.0,89638,2674690,3490476480.0,3895.0,93,3894.0,240
rb1805,20171211,20171208,210529000,3895.0,89644,2674696,3490710180.0,3895.0,115,3894.0,240
rb1805,20171211,20171208,210529500,3894.0,89862,2674898,3499199240.0,3895.0,113,3894.0,139
rb1805,20171211,20171208,210530000,3894.0,89870,2674906,3499510760.0,3895.0,118,3894.0,135
rb1805,20171211,20171208,210530500,3894.0,89974,2674874,3503561520.0,3895.0,100,3894.0,137
rb1805,20171211,20171208,210531000,3895.0,89984,2674880,3503951000.0,3895.0,110,3894.0,137
rb1805,20171211,20171208,210531500,3895.0,90058,2674942,3506832600.0,3895.0,108,3894.0,102
rb1805,20171211,20171208,210532000,3894.0,90060,2674944,3506910480.0,3895.0,111,3894.0,134
rb1805,20171211,20171208,210532500,3894.0,90100,2674954,3508468400.0,3895.0,96,3894.0,130
rb1805,20171211,20171208,210533000,3895.0,90216,2674860,3512986600.0,3895.0,38,3894.0,136
rb1805,20171211,20171208,210533500,3895.0,90230,2674860,3513531900.0,3895.0,94,3894.0,153
rb1805,20171211,20171208,210534000,3895.0,90232,2674860,3513609800.0,3895.0,115,3894.0,154
rb1805,20171211,20171208,210534500,3895.0,90262,2674880,3514778060.0,3895.0,124,3894.0,137
rb1805,20171211,20171208,210535000,3894.0,90474,2674990,3523035440.0,3895.0,19,3894.0,143
rb1805,20171211,20171208,210535500,3895.0,90490,2674980,3523658620.0,3895.0,34,3894.0,142
rb1805,20171211,20171208,210536000,3894.0,90494,2674984,3523814380.0,3895.0,36,3894.0,142
rb1805,20171211,20171208,210536500,3895.0,90534,2674988,3525372040.0,3895.0,34,3894.0,125
rb1805,20171211,20171208,210537000,3895.0,90534,2674988,3525372040.0,3895.0,34,3894.0,134
rb1805,20171211,20171208,210537500,3894.0,90766,2674896,3534406120.0,3895.0,36,3894.0,19
rb1805,20171211,20171208,210538000,3895.0,90774,2674898,3534717680.0,3895.0,66,3894.0,31
rb1805,20171211,20171208,210538500,3894.0,90886,2674920,3539079000.0,3894.0,7,3893.0,200
rb1805,20171211,20171208,210539000,3895.0,90930,2674928,3540792640.0,3895.0,221,3894.0,24
rb1805,20171211,20171208,210539500,3894.0,90960,2674926,3541961040.0,3895.0,289,3894.0,22
rb1805,20171211,20171208,210540000,3894.0,91366,2675108,3557774700.0,3895.0,100,3894.0,45
rb1805,20171211,20171208,210540500,3894.0,91426,2675150,3560111580.0,3895.0,77,3894.0,171
rb1805,20171211,20171208,210541000,3895.0,91580,2675296,3566109880.0,3896.0,316,3895.0,56
rb1805,20171211,20171208,210541500,3896.0,91586,2675300,3566343600.0,3896.0,285,3895.0,58
rb1805,20171211,20171208,210542000,3895.0,91620,2675328,3567667920.0,3896.0,285,3895.0,54
rb1805,20171211,20171208,210542500,3895.0,91622,2675330,3567745820.0,3896.0,285,3895.0,49
rb1805,20171211,20171208,210543000,3896.0,91626,2675330,3567901660.0,3896.0,282,3895.0,73
rb1805,20171211,20171208,210543500,3895.0,91634,2675332,3568213320.0,3896.0,280,3895.0,89
rb1805,20171211,20171208,210544000,3895.0,91660,2675358,3569226020.0,3896.0,286,3895.0,124
rb1805,20171211,20171208,210544500,3895.0,91668,2675362,3569537640.0,3896.0,284,3895.0,122
rb1805,20171211,20171208,210545000,3895.0,91782,2675408,3573977980.0,3896.0,282,3895.0,78
rb1805,20171211,20171208,210545500,3895.0,91790,2675408,3574289620.0,3896.0,280,3895.0,84
rb1805,20171211,20171208,210546000,3896.0,91798,2675412,3574601260.0,3896.0,279,3895.0,83
rb1805,20171211,20171208,210546500,3896.0,91810,2675422,3575068720.0,3896.0,277,3895.0,133
rb1805,20171211,20171208,210547000,3896.0,91818,2675426,3575380360.0,3896.0,291,3895.0,146
rb1805,20171211,20171208,210547500,3896.0,92026,2675482,3583484040.0,3896.0,187,3895.0,159
rb1805,20171211,20171208,210548000,3896.0,92036,2675472,3583873640.0,3896.0,197,3895.0,162
rb1805,20171211,20171208,210548500,3896.0,92084,2675472,3585743720.0,3896.0,173,3895.0,163
rb1805,20171211,20171208,210549000,3896.0,92090,2675468,3585977480.0,3896.0,170,3895.0,164
rb1805,20171211,20171208,210549500,3896.0,92094,2675468,3586133320.0,3896.0,168,3895.0,170
rb1805,20171211,20171208,210550000,3895.0,92152,2675452,3588392720.0,3896.0,154,3895.0,166
rb1805,20171211,20171208,210550500,3896.0,92186,2675450,3589717360.0,3896.0,138,3895.0,176
rb1805,20171211,20171208,210551000,3895.0,92226,2675450,3591275360.0,3896.0,141,3895.0,157
rb1805,20171211,20171208,210551500,3896.0,92248,2675452,3592132460.0,3896.0,135,3895.0,158
rb1805,20171211,20171208,210552000,3896.0,92488,2675522,3601482840.0,3896.0,16,3895.0,158
rb1805,20171211,20171208,210552500,3896.0,92552,2675568,3603976420.0,3897.0,172,3896.0,347
rb1805,20171211,20171208,210553000,3897.0,92928,2675734,3618629160.0,3898.0,537,3897.0,368
rb1805,20171211,20171208,210553500,3898.0,93480,2675840,3640145900.0,3898.0,273,3897.0,206
rb1805,20171211,20171208,210554000,3897.0,94016,2675782,3661038740.0,3898.0,31,3897.0,184
rb1805,20171211,20171208,210554500,3898.0,94136,2675792,3665716340.0,3899.0,316,3898.0,266
rb1805,20171211,20171208,210555000,3899.0,94196,2675810,3668055260.0,3899.0,310,3898.0,267
rb1805,20171211,20171208,210555500,3899.0,94276,2675814,3671173760.0,3899.0,305,3898.0,252
rb1805,20171211,20171208,210556000,3899.0,94308,2675830,3672421200.0,3899.0,301,3898.0,251
rb1805,20171211,20171208,210556500,3899.0,94324,2675838,3673045020.0,3899.0,294,3898.0,256
rb1805,20171211,20171208,210557000,3899.0,94634,2675798,3685131920.0,3899.0,139,3898.0,254
rb1805,20171211,20171208,210557500,3899.0,94830,2675954,3692773920.0,3899.0,87,3898.0,252
rb1805,20171211,20171208,210558000,3899.0,95020,2676032,3700181900.0,3900.0,759,3899.0,3
rb1805,20171211,20171208,210558500,3899.0,95138,2675998,3704783060.0,3900.0,748,3899.0,106
rb1805,20171211,20171208,210559000,3899.0,95376,2675788,3714062820.0,3900.0,741,3899.0,10
rb1805,20171211,20171208,210559500,3899.0,95418,2675776,3715700320.0,3899.0,222,3898.0,237
rb1805,20171211,20171208,210600000,3898.0,95514,2675730,3719443140.0,3899.0,211,3898.0,228
rb1805,20171211,20171208,210600500,3899.0,95636,2675682,3724199860.0,3899.0,155,3898.0,209
rb1805,20171211,20171208,210601000,3899.0,95756,2675574,3728878640.0,3899.0,99,3898.0,190
rb1805,20171211,20171208,210601500,3899.0,96186,2675554,3745641380.0,3899.0,80,3898.0,52
rb1805,20171211,20171208,210602000,3897.0,96412,2675562,3754450840.0,3898.0,120,3897.0,25
rb1805,20171211,20171208,210602500,3897.0,96566,2675610,3760452220.0,3897.0,226,3896.0,51
rb1805,20171211,20171208,210603000,3896.0,96714,2675684,3766218680.0,3896.0,48,3895.0,142
rb1805,20171211,20171208,210603500,3896.0,96796,2675720,3769413400.0,3896.0,12,3895.0,84
rb1805,20171211,20171208,210604000,3897.0,96838,2675710,3771049800.0,3897.0,87,3896.0,13
rb1805,20171211,20171208,210604500,3897.0,96852,2675708,3771595360.0,3897.0,108,3896.0,49
rb1805,20171211,20171208,210605000,3898.0,97074,2675668,3780246440.0,3898.0,39,3897.0,8
rb1805,20171211,20171208,210605500,3897.0,97178,2675608,3784299820.0,3898.0,7,3897.0,46
rb1805,20171211,20171208,210606000,3897.0,97216,2675620,3785780920.0,3898.0,12,3897.0,104
rb1805,20171211,20171208,210606500,3898.0,97218,2675622,3785858880.0,3898.0,12,3897.0,126
rb1805,20171211,20171208,210607000,3898.0,97262,2675634,3787574000.0,3899.0,230,3898.0,16
rb1805,20171211,20171208,210607500,3898.0,97286,2675632,3788509580.0,3899.0,217,3898.0,20
rb1805,20171211,20171208,210608000,3899.0,97312,2675638,3789523280.0,3899.0,212,3898.0,59
rb1805,20171211,20171208,210608500,3899.0,97370,2675650,3791784620.0,3899.0,193,3898.0,83
rb1805,20171211,20171208,210609000,3898.0,97578,2675680,3799894520.0,3899.0,76,3898.0,155
rb1805,20171211,20171208,210609500,3899.0,97842,2675658,3810187880.0,3899.0,41,3898.0,322
rb1805,20171211,20171208,210610000,3899.0,97970,2675724,3815178600.0,3900.0,768,3899.0,151
rb1805,20171211,20171208,210610500,3899.0,97984,2675732,3815724460.0,3900.0,772,3899.0,113
rb1805,20171211,20171208,210611000,3899.0,97996,2675732,3816192340.0,3900.0,775,3899.0,239
rb1805,20171211,20171208,210611500,3900.0,98772,2676080,3846456340.0,3900.0,388,3899.0,376
rb1805,20171211,20171208,210612000,3901.0,99594,2676372,3878514160.0,3901.0,467,3900.0,114
rb1805,20171211,20171208,210612500,3900.0,99814,2676266,3887096180.0,3901.0,366,3900.0,321
rb1805,20171211,20171208,210613000,3900.0,99944,2676262,3892167300.0,3901.0,310,3900.0,445
rb1805,20171211,20171208,210613500,3901.0,100020,2676244,3895132000.0,3901.0,276,3900.0,406
rb1805,20171211,20171208,210614000,3901.0,100482,2676306,3913154500.0,3901.0,51,3900.0,317
rb1805,20171211,20171208,210614500,3901.0,100610,2676308,3918147720.0,3902.0,306,3901.0,83
rb1805,20171211,20171208,210615000,3901.0,100620,2676310,3918537880.0,3902.0,307,3901.0,211
rb1805,20171211,20171208,210615500,3902.0,101000,2676074,3933364920.0,3902.0,147,3901.0,210
rb1805,20171211,20171208,210616000,3902.0,101210,2676050,3941557960.0,3902.0,102,3901.0,182
rb1805,20171211,20171208,210616500,3902.0,101488,2675868,3952405300.0,3903.0,205,3902.0,10
rb1805,20171211,20171208,210617000,3903.0,101586,2675858,3956229380.0,3903.0,226,3902.0,92
rb1805,20171211,20171208,210617500,3903.0,101820,2675930,3965362140.0,3903.0,133,3902.0,105
rb1805,20171211,20171208,210618000,3903.0,101938,2675948,3969967480.0,3903.0,97,3902.0,115
rb1805,20171211,20171208,210618500,3903.0,102214,2675930,3980739400.0,3904.0,391,3903.0,1
rb1805,20171211,20171208,210619000,3903.0,102420,2675960,3988779840.0,3904.0,381,3903.0,2
rb1805,20171211,20171208,210619500,3903.0,102528,2676030,3992995160.0,3904.0,409,3903.0,1
rb1805,20171211,20171208,210620000,3903.0,103000,2676246,4011420260.0,3903.0,64,3902.0,118
rb1805,20171211,20171208,210620500,3903.0,103158,2676224,4017586820.0,3903.0,12,3902.0,110
rb1805,20171211,20171208,210621000,3903.0,103250,2676232,4021177500.0,3903.0,82,3902.0,105
rb1805,20171211,20171208,210621500,3903.0,103490,2676234,4030544560.0,3903.0,45,3902.0,88
rb1805,20171211,20171208,210622000,3903.0,103726,2676128,4039755580.0,3903.0,5,3902.0,88
rb1805,20171211,20171208,210622500,3903.0,103882,2676162,4045843720.0,3904.0,309,3903.0,5
rb1805,20171211,20171208,210623000,3903.0,103990,2676202,4050058980.0,3904.0,305,3903.0,32
rb1805,20171211,20171208,210623500,3902.0,104134,2676258,4055678840.0,3903.0,106,3902.0,138
rb1805,20171211,20171208,210624000,3903.0,104238,2676248,4059737820.0,3903.0,97,3902.0,144
rb1805,20171211,20171208,210624500,3903.0,104498,2676176,4069885440.0,3903.0,25,3902.0,144
rb1805,20171211,20171208,210625000,3903.0,104556,2676182,4072149020.0,3903.0,59,3902.0,136
rb1805,20171211,20171208,210625500,3902.0,104608,2676198,4074178360.0,3903.0,55,3902.0,125
rb1805,20171211,20171208,210626000,3902.0,104686,2676232,4077222600.0,3903.0,157,3902.0,125
rb1805,20171211,20171208,210626500,3902.0,105050,2676318,4091429340.0,3904.0,337,3902.0,179
rb1805,20171211,20171208,210627000,3903.0,105298,2676162,4101111140.0,3904.0,321,3903.0,9
rb1805,20171211,20171208,210627500,3903.0,105446,2676144,4106887260.0,3903.0,203,3902.0,170
rb1805,20171211,20171208,210628000,3902.0,105606,2676090,4113131640.0,3903.0,177,3902.0,150
rb1805,20171211,20171208,210628500,3903.0,105910,2676082,4124995600.0,3903.0,216,3902.0,124
rb1805,20171211,20171208,210629000,3903.0,105984,2676068,4127883420.0,3903.0,229,3902.0,107
rb1805,20171211,20171208,210629500,3903.0,106478,2676122,4147161880.0,3903.0,100,3901.0,298
rb1805,20171211,20171208,210630000,3903.0,106828,2675994,4160822260.0,3903.0,5,3902.0,3
rb1805,20171211,20171208,210630500,3903.0,106990,2676032,4167144080.0,3902.0,2,3901.0,294
rb1805,20171211,20171208,210631000,3903.0,107100,2675996,4171436520.0,3903.0,23,3902.0,8
rb1805,20171211,20171208,210631500,3902.0,107214,2676088,4175884960.0,3902.0,160,3901.0,306
rb1805,20171211,20171208,210632000,3901.0,107286,2676142,4178694320.0,3902.0,143,3901.0,305
rb1805,20171211,20171208,210632500,3901.0,107380,2676164,4182362140.0,3902.0,108,3901.0,327
rb1805,20171211,20171208,210633000,3902.0,107636,2676346,4192351520.0,3903.0,136,3902.0,53
rb1805,20171211,20171208,210633500,3903.0,107672,2676346,4193756580.0,3903.0,146,3902.0,95
rb1805,20171211,20171208,210634000,3902.0,107744,2676364,4196566640.0,3903.0,128,3902.0,105
rb1805,20171211,20171208,210634500,3902.0,107790,2676368,4198361600.0,3903.0,127,3902.0,219
rb1805,20171211,20171208,210635000,3903.0,107816,2676372,4199376180.0,3903.0,131,3902.0,230
rb1805,20171211,20171208,210635500,3903.0,107872,2676390,4201561680.0,3903.0,85,3902.0,236
rb1805,20171211,20171208,210636000,3902.0,108044,2676440,4208273620.0,3903.0,64,3902.0,185
rb1805,20171211,20171208,210636500,3903.0,108198,2676436,4214284180.0,3904.0,393,3903.0,17
rb1805,20171211,20171208,210637000,3903.0,108256,2676444,4216548280.0,3904.0,376,3903.0,24
rb1805,20171211,20171208,210637500,3903.0,108300,2676434,4218265740.0,3904.0,372,3903.0,82
rb1805,20171211,20171208,210638000,3904.0,108364,2676436,4220763880.0,3904.0,362,3903.0,101
rb1805,20171211,20171208,210638500,3904.0,108734,2676342,4235207680.0,3904.0,227,3903.0,162
rb1805,20171211,20171208,210639000,3903.0,108978,2676446,4244733220.0,3904.0,117,3903.0,171
rb1805,20171211,20171208,210639500,3904.0,109238,2676532,4254883360.0,3905.0,804,3904.0,2
rb1805,20171211,20171208,210640000,3905.0,109356,2676566,4259490120.0,3905.0,788,3903.0,167
rb1805,20171211,20171208,210640500,3905.0,109596,2676422,4268861820.0,3905.0,936,3904.0,5
rb1805,20171211,20171208,210641000,3905.0,109660,2676376,4271360960.0,3905.0,909,3904.0,318
rb1805,20171211,20171208,210641500,3905.0,109720,2676354,4273703920.0,3905.0,892,3904.0,320
rb1805,20171211,20171208,210642000,3904.0,110490,2676032,4303770000.0,3905.0,639,3904.0,207
rb1805,20171211,20171208,210642500,3904.0,110758,2676094,4314235060.0,3905.0,563,3904.0,206
rb1805,20171211,20171208,210643000,3904.0,111276,2675716,4334457900.0,3904.0,152,3903.0,276
rb1805,20171211,20171208,210643500,3904.0,111462,2675662,4341718880.0,3904.0,87,3903.0,252
rb1805,20171211,20171208,210644000,3904.0,111738,2675450,4352494680.0,3904.0,4,3903.0,261
rb1805,20171211,20171208,210644500,3904.0,111870,2675482,4357647660.0,3904.0,11,3903.0,233
rb1805,20171211,20171208,210645000,3904.0,112110,2675448,4367018920.0,3905.0,512,3904.0,44
rb1805,20171211,20171208,210645500,3904.0,112260,2675390,4372876320.0,3905.0,496,3904.0,85
rb1805,20171211,20171208,210646000,3904.0,112354,2675386,4376546320.0,3905.0,490,3904.0,65
rb1805,20171211,20171208,210646500,3905.0,112584,2675340,4385526220.0,3905.0,458,3904.0,3
rb1805,20171211,20171208,210647000,3904.0,112692,2675342,4389742520.0,3904.0,108,3903.0,233
rb1805,20171211,20171208,210647500,3904.0,112956,2675356,4400049060.0,3904.0,152,3903.0,250
rb1805,20171211,20171208,210648000,3904.0,113226,2675314,4410587960.0,3904.0,162,3903.0,239
rb1805,20171211,20171208,210648500,3903.0,114018,2675224,4441502640.0,3903.0,142,3902.0,553
rb1805,20171211,20171208,210649000,3902.0,114102,2675222,4444781120.0,3903.0,252,3902.0,549
rb1805,20171211,20171208,210649500,3903.0,114352,2675270,4454536960.0,3903.0,224,3902.0,472
rb1805,20171211,20171208,210650000,3903.0,114548,2675298,4462186800.0,3903.0,131,3902.0,629
rb1805,20171211,20171208,210650500,3904.0,114820,2675370,4472803420.0,3904.0,149,3903.0,798
rb1805,20171211,20171208,210651000,3904.0,115234,2675516,4488965980.0,3905.0,528,3904.0,114
rb1805,20171211,20171208,210651500,3904.0,115320,2675546,4492323560.0,3905.0,526,3904.0,87
rb1805,20171211,20171208,210652000,3904.0,115384,2675538,4494822220.0,3905.0,547,3904.0,74
rb1805,20171211,20171208,210652500,3904.0,115500,2675532,4499351920.0,3905.0,495,3904.0,70
rb1805,20171211,20171208,210653000,3904.0,115526,2675524,4500367000.0,3905.0,506,3904.0,92
rb1805,20171211,20171208,210653500,3904.0,115862,2675488,4513486760.0,3905.0,394,3904.0,118
rb1805,20171211,20171208,210654000,3905.0,115898,2675480,4514892260.0,3905.0,412,3904.0,104
rb1805,20171211,20171208,210654500,3905.0,115962,2675522,4517390880.0,3905.0,628,3904.0,87
rb1805,20171211,20171208,210655000,3904.0,116190,2675520,4526294080.0,3905.0,525,3904.0,31
rb1805,20171211,20171208,210655500,3905.0,116250,2675540,4528636900.0,3905.0,508,3904.0,76
rb1805,20171211,20171208,210656000,3904.0,116492,2675552,4538084560.0,3904.0,22,3903.0,733
rb1805,20171211,20171208,210656500,3905.0,116618,2675606,4543003780.0,3904.0,1,3903.0,739
rb1805,20171211,20171208,210657000,3905.0,116654,2675626,4544409400.0,3905.0,496,3904.0,26
rb1805,20171211,20171208,210657500,3905.0,116812,2675714,4550579020.0,3905.0,433,3904.0,84
rb1805,20171211,20171208,210658000,3904.0,117708,2675204,4585553120.0,3905.0,404,3904.0,11
rb1805,20171211,20171208,210658500,3903.0,117810,2675192,4589535180.0,3904.0,96,3903.0,429
rb1805,20171211,20171208,210659000,3903.0,117950,2675138,4595000600.0,3904.0,80,3903.0,425
rb1805,20171211,20171208,210659500,3904.0,118022,2675124,4597811080.0,3904.0,121,3903.0,406
rb1805,20171211,20171208,210700000,3904.0,118166,2675026,4603432780.0,3904.0,142,3903.0,503
rb1805,20171211,20171208,210700500,3904.0,118328,2674918,4609756100.0,3904.0,124,3903.0,445
rb1805,20171211,20171208,210701000,3904.0,119280,2675256,4646928480.0,3905.0,99,3904.0,12
rb1805,20171211,20171208,210701500,3904.0,119446,2675150,4653409100.0,3905.0,123,3904.0,47
rb1805,20171211,20171208,210702000,3904.0,119636,2675044,4660826820.0,3905.0,150,3904.0,25
rb1805,20171211,20171208,210702500,3904.0,119732,2675048,4664574740.0,3905.0,177,3904.0,38
rb1805,20171211,20171208,210703000,3904.0,119760,2675050,4665667880.0,3905.0,192,3904.0,85
rb1805,20171211,20171208,210703500,3904.0,119824,2675072,4668166560.0,3905.0,221,3904.0,69
rb1805,20171211,20171208,210704000,3904.0,119848,2675086,4669103620.0,3905.0,224,3904.0,69
rb1805,20171211,20171208,210704500,3904.0,120028,2675190,4676131900.0,3905.0,172,3904.0,35
rb1805,20171211,20171208,210705000,3904.0,120150,2675196,4680894880.0,3905.0,204,3904.0,16
rb1805,20171211,20171208,210705500,3905.0,120290,2675230,4686360520.0,3904.0,1,3903.0,386
rb1805,20171211,20171208,210706000,3904.0,120752,2675556,4704392540.0,3904.0,223,3903.0,166
rb1805,20171211,20171208,210706500,3903.0,121110,2675780,4718365280.0,3903.0,86,3902.0,416
rb1805,20171211,20171208,210707000,3903.0,121254,2675652,4723985580.0,3903.0,39,3902.0,415
rb1805,20171211,20171208,210707500,3903.0,121278,2675660,4724922260.0,3903.0,56,3902.0,413
rb1805,20171211,20171208,210708000,3903.0,121406,2675594,4729918060.0,3903.0,31,3902.0,413
rb1805,20171211,20171208,210708500,3902.0,121584,2675602,4736864260.0,3904.0,367,3902.0,357
rb1805,20171211,20171208,210709000,3902.0,121790,2675804,4744902480.0,3903.0,1,3902.0,260
rb1805,20171211,20171208,210709500,3903.0,122158,2676040,4759264980.0,3903.0,59,3902.0,243
rb1805,20171211,20171208,210710000,3903.0,122178,2676048,4760045480.0,3903.0,229,3902.0,238
rb1805,20171211,20171208,210710500,3902.0,122682,2676530,4779711560.0,3902.0,554,3901.0,316
rb1805,20171211,20171208,210711000,3902.0,123048,2676624,4793989680.0,3902.0,555,3901.0,157
rb1805,20171211,20171208,210711500,3901.0,123382,2676818,4807019020.0,3901.0,73,3900.0,368
rb1805,20171211,20171208,210712000,3900.0,123400,2676832,4807721180.0,3901.0,113,3900.0,387
rb1805,20171211,20171208,210712500,3901.0,123600,2676848,4815522220.0,3901.0,81,3900.0,303
rb1805,20171211,20171208,210713000,3900.0,124032,2677024,4832372320.0,3901.0,24,3900.0,191
rb1805,20171211,20171208,210713500,3900.0,124282,2677134,4842124280.0,3901.0,33,3900.0,170
rb1805,20171211,20171208,210714000,3900.0,124534,2677146,4851952460.0,3901.0,56,3900.0,107
rb1805,20171211,20171208,210714500,3899.0,124812,2677030,4862794220.0,3900.0,12,3899.0,307
rb1805,20171211,20171208,210715000,3899.0,124856,2677024,4864510100.0,3900.0,68,3899.0,302
rb1805,20171211,20171208,210715500,3900.0,125262,2677036,4880340500.0,3900.0,73,3899.0,124
rb1805,20171211,20171208,210716000,3900.0,125656,2677090,4895702720.0,3899.0,9,3898.0,143
rb1805,20171211,20171208,210716500,3900.0,125782,2677042,4900615980.0,3900.0,47,3899.0,1
rb1805,20171211,20171208,210717000,3899.0,125828,2677030,4902409560.0,3900.0,51,3899.0,8
rb1805,20171211,20171208,210717500,3899.0,125894,2677012,4904982840.0,3899.0,7,3898.0,128
rb1805,20171211,20171208,210718000,3899.0,125944,2677032,4906932340.0,3900.0,58,3899.0,99
rb1805,20171211,20171208,210718500,3900.0,125968,2677032,4907868220.0,3900.0,123,3899.0,93
rb1805,20171211,20171208,210719000,3899.0,126004,2677032,4909272040.0,3900.0,110,3899.0,107
rb1805,20171211,20171208,210719500,3899.0,126076,2677050,4912079360.0,3900.0,109,3899.0,85
rb1805,20171211,20171208,210720000,3899.0,126268,2677164,4919565440.0,3899.0,408,3898.0,151
rb1805,20171211,20171208,210720500,3899.0,126316,2677200,4921436780.0,3899.0,406,3898.0,144
rb1805,20171211,20171208,210721000,3898.0,126434,2677222,4926037140.0,3899.0,380,3898.0,114
rb1805,20171211,20171208,210721500,3898.0,126702,2677274,4936484160.0,3898.0,1,3897.0,119
rb1805,20171211,20171208,210722000,3898.0,126740,2677290,4937965360.0,3898.0,15,3897.0,130
rb1805,20171211,20171208,210722500,3897.0,126800,2677326,4940304460.0,3899.0,368,3897.0,109
rb1805,20171211,20171208,210723000,3898.0,126854,2677340,4942409380.0,3899.0,366,3898.0,8
rb1805,20171211,20171208,210723500,3899.0,126872,2677354,4943111060.0,3899.0,365,3898.0,3
rb1805,20171211,20171208,210724000,3897.0,126894,2677366,4943968580.0,3898.0,106,3897.0,116
rb1805,20171211,20171208,210724500,3898.0,126938,2677404,4945683660.0,3898.0,92,3897.0,149
rb1805,20171211,20171208,210725000,3897.0,126960,2677398,4946541100.0,3898.0,110,3897.0,145
rb1805,20171211,20171208,210725500,3898.0,127086,2677314,4951451560.0,3898.0,152,3897.0,158
rb1805,20171211,20171208,210726000,3897.0,127438,2677526,4965169200.0,3897.0,44,3896.0,185
rb1805,20171211,20171208,210726500,3897.0,127508,2677548,4967897100.0,3897.0,30,3896.0,185
rb1805,20171211,20171208,210727000,3897.0,127686,2677566,4974834000.0,3897.0,25,3896.0,167
rb1805,20171211,20171208,210727500,3897.0,127794,2677574,4979042880.0,3898.0,154,3897.0,7
rb1805,20171211,20171208,210728000,3897.0,127816,2677574,4979900220.0,3898.0,156,3897.0,19
rb1805,20171211,20171208,210728500,3898.0,127852,2677554,4981303220.0,3898.0,154,3897.0,9
rb1805,20171211,20171208,210729000,3897.0,127882,2677556,4982472340.0,3898.0,137,3897.0,8
rb1805,20171211,20171208,210729500,3897.0,127918,2677556,4983875280.0,3898.0,134,3897.0,5
rb1805,20171211,20171208,210730000,3897.0,127962,2677548,4985590000.0,3897.0,41,3896.0,213
rb1805,20171211,20171208,210730500,3898.0,128126,2677482,4991981540.0,3898.0,125,3897.0,135
rb1805,20171211,20171208,210731000,3898.0,128200,2677466,4994865900.0,3898.0,94,3897.0,146
rb1805,20171211,20171208,210731500,3897.0,128412,2677480,5003129580.0,3899.0,413,3897.0,160
rb1805,20171211,20171208,210732000,3897.0,128434,2677460,5003986920.0,3899.0,414,3898.0,26
rb1805,20171211,20171208,210732500,3898.0,128450,2677466,5004610660.0,3899.0,409,3898.0,45
rb1805,20171211,20171208,210733000,3898.0,128506,2677434,5006793540.0,3899.0,410,3898.0,24
rb1805,20171211,20171208,210733500,3898.0,128574,2677384,5009444200.0,3899.0,409,3898.0,11
rb1805,20171211,20171208,210734000,3899.0,128624,2677424,5011393640.0,3899.0,388,3898.0,9
rb1805,20171211,20171208,210734500,3899.0,128624,2677424,5011393640.0,3899.0,389,3898.0,53
rb1805,20171211,20171208,210735000,3898.0,128636,2677420,5011861420.0,3899.0,388,3898.0,51
rb1805,20171211,20171208,210735500,3898.0,128682,2677458,5013654580.0,3899.0,386,3898.0,33
rb1805,20171211,20171208,210736000,3899.0,128690,2677466,5013966460.0,3899.0,384,3898.0,32
rb1805,20171211,20171208,210736500,3898.0,128714,2677474,5014902000.0,3899.0,385,3898.0,23
rb1805,20171211,20171208,210737000,3898.0,128740,2677494,5015915620.0,3899.0,385,3898.0,5
rb1805,20171211,20171208,210737500,3898.0,128752,2677502,5016383460.0,3899.0,381,3898.0,4
rb1805,20171211,20171208,210738000,3898.0,128780,2677502,5017474800.0,3898.0,1,3897.0,270
rb1805,20171211,20171208,210738500,3898.0,128832,2677550,5019502240.0,3899.0,358,3898.0,33
rb1805,20171211,20171208,210739000,3899.0,128848,2677564,5020126060.0,3899.0,349,3898.0,17
rb1805,20171211,20171208,210739500,3899.0,128860,2677564,5020593860.0,3899.0,348,3898.0,32
rb1805,20171211,20171208,210740000,3898.0,128934,2677576,5023478880.0,3899.0,328,3898.0,22
rb1805,20171211,20171208,210740500,3899.0,128996,2677618,5025896140.0,3899.0,364,3898.0,66
rb1805,20171211,20171208,210741000,3898.0,129064,2677570,5028546860.0,3899.0,360,3898.0,43
rb1805,20171211,20171208,210741500,3899.0,129110,2677574,5030340000.0,3899.0,359,3898.0,66
rb1805,20171211,20171208,210742000,3899.0,129124,2677576,5030885800.0,3899.0,364,3898.0,49
rb1805,20171211,20171208,210742500,3898.0,129154,2677586,5032055260.0,3899.0,362,3898.0,48
rb1805,20171211,20171208,210743000,3899.0,129170,2677590,5032679040.0,3899.0,357,3898.0,47
rb1805,20171211,20171208,210743500,3899.0,129176,2677592,5032912940.0,3899.0,356,3898.0,45
rb1805,20171211,20171208,210744000,3898.0,129308,2677668,5038058320.0,3898.0,1,3897.0,289
rb1805,20171211,20171208,210744500,3898.0,129356,2677670,5039929360.0,3898.0,152,3897.0,293
rb1805,20171211,20171208,210745000,3898.0,129666,2677388,5052013160.0,3898.0,2,3897.0,298
rb1805,20171211,20171208,210745500,3898.0,129678,2677392,5052480980.0,3898.0,11,3897.0,282
rb1805,20171211,20171208,210746000,3897.0,129710,2677370,5053728300.0,3898.0,14,3897.0,290
rb1805,20171211,20171208,210746500,3897.0,129772,2677330,5056144780.0,3898.0,3,3897.0,276
rb1805,20171211,20171208,210747000,3898.0,129784,2677334,5056612540.0,3899.0,355,3898.0,243
rb1805,20171211,20171208,210747500,3898.0,129818,2677362,5057938080.0,3899.0,344,3898.0,243
rb1805,20171211,20171208,210748000,3898.0,129858,2677372,5059497360.0,3899.0,341,3898.0,244
rb1805,20171211,20171208,210748500,3898.0,129874,2677380,5060121080.0,3899.0,340,3898.0,260
rb1805,20171211,20171208,210749000,3898.0,129904,2677382,5061290480.0,3899.0,342,3898.0,248
rb1805,20171211,20171208,210749500,3899.0,129958,2677420,5063395860.0,3899.0,318,3898.0,251
rb1805,20171211,20171208,210750000,3898.0,129964,2677414,5063629740.0,3899.0,318,3898.0,748
rb1805,20171211,20171208,210750500,3899.0,130896,2677666,5099971140.0,3900.0,1,3899.0,796
rb1805,20171211,20171208,210751000,3900.0,131244,2677530,5113546500.0,3902.0,57,3900.0,636
rb1805,20171211,20171208,210751500,3902.0,131384,2677514,5119009260.0,3903.0,284,3902.0,50
rb1805,20171211,20171208,210752000,3901.0,131530,2677512,5124706020.0,3902.0,151,3901.0,6
rb1805,20171211,20171208,210752500,3901.0,131906,2677352,5139376320.0,3901.0,192,3900.0,623
rb1805,20171211,20171208,210753000,3901.0,132068,2677354,5145695920.0,3901.0,136,3900.0,567
rb1805,20171211,20171208,210753500,3901.0,132096,2677376,5146788140.0,3901.0,127,3900.0,515
rb1805,20171211,20171208,210754000,3901.0,132230,2677470,5152015200.0,3901.0,83,3900.0,490
rb1805,20171211,20171208,210754500,3901.0,132384,2677444,5158022480.0,3901.0,20,3900.0,477
rb1805,20171211,20171208,210755000,3901.0,132428,2677410,5159738920.0,3902.0,31,3901.0,37
rb1805,20171211,20171208,210755500,3901.0,132452,2677410,5160675160.0,3902.0,61,3901.0,27
rb1805,20171211,20171208,210756000,3901.0,132538,2677400,5164030020.0,3902.0,64,3901.0,11
rb1805,20171211,20171208,210756500,3901.0,132548,2677396,5164420120.0,3902.0,72,3901.0,17
rb1805,20171211,20171208,210757000,3902.0,132562,2677400,5164966280.0,3902.0,69,3901.0,101
rb1805,20171211,20171208,210757500,3902.0,132574,2677400,5165434480.0,3902.0,50,3901.0,112
rb1805,20171211,20171208,210758000,3902.0,132680,2677328,5169570600.0,3903.0,308,3902.0,12
rb1805,20171211,20171208,210758500,3902.0,132686,2677326,5169804760.0,3903.0,309,3902.0,15
rb1805,20171211,20171208,210759000,3903.0,132798,2677394,5174175920.0,3903.0,267,3902.0,41
rb1805,20171211,20171208,210759500,3902.0,132804,2677396,5174410040.0,3903.0,298,3902.0,50
rb1805,20171211,20171208,210800000,3902.0,132896,2677378,5178000480.0,3903.0,268,3902.0,37
rb1805,20171211,20171208,210800500,3902.0,133000,2677454,5182058540.0,3902.0,68,3901.0,868
rb1805,20171211,20171208,210801000,3901.0,133288,2677486,5193296320.0,3902.0,24,3901.0,828
rb1805,20171211,20171208,210801500,3902.0,134680,2676836,5247599060.0,3902.0,19,3901.0,318
rb1805,20171211,20171208,210802000,3902.0,134780,2676844,5251500500.0,3902.0,87,3901.0,290
rb1805,20171211,20171208,210802500,3902.0,134814,2676844,5252827060.0,3902.0,117,3901.0,284
rb1805,20171211,20171208,210803000,3901.0,134918,2676834,5256884260.0,3902.0,153,3901.0,240
rb1805,20171211,20171208,210803500,3902.0,134976,2676822,5259146920.0,3902.0,152,3901.0,217
rb1805,20171211,20171208,210804000,3902.0,135446,2676954,5277481980.0,3902.0,144,3900.0,464
rb1805,20171211,20171208,210804500,3902.0,135480,2676976,5278808660.0,3902.0,148,3901.0,1
rb1805,20171211,20171208,210805000,3902.0,135498,2676978,5279510980.0,3902.0,143,3900.0,314
rb1805,20171211,20171208,210805500,3901.0,135502,2676982,5279667020.0,3901.0,4,3900.0,315
rb1805,20171211,20171208,210806000,3902.0,135568,2676984,5282241700.0,3902.0,141,3901.0,57
rb1805,20171211,20171208,210806500,3901.0,135574,2676982,5282475760.0,3902.0,147,3901.0,59
rb1805,20171211,20171208,210807000,3901.0,135604,2676970,5283646160.0,3902.0,143,3901.0,49
rb1805,20171211,20171208,210807500,3902.0,135638,2676964,5284972800.0,3902.0,136,3901.0,51
rb1805,20171211,20171208,210808000,3900.0,136514,2677462,5319138100.0,3900.0,64,3899.0,123
rb1805,20171211,20171208,210808500,3901.0,136736,2677494,5327796580.0,3901.0,36,3900.0,248
rb1805,20171211,20171208,210809000,3901.0,137108,2677450,5342310320.0,3902.0,39,3901.0,209
rb1805,20171211,20171208,210809500,3902.0,137238,2677526,5347383020.0,3903.0,345,3902.0,5
rb1805,20171211,20171208,210810000,3902.0,137316,2677460,5350427180.0,3903.0,322,3902.0,42
rb1805,20171211,20171208,210810500,3902.0,137354,2677428,5351910040.0,3903.0,328,3902.0,70
rb1805,20171211,20171208,210811000,3902.0,137390,2677426,5353314780.0,3903.0,369,3902.0,70
rb1805,20171211,20171208,210811500,3903.0,137492,2677468,5357294880.0,3903.0,367,3902.0,30
rb1805,20171211,20171208,210812000,3902.0,137542,2677494,5359245880.0,3903.0,372,3902.0,11
rb1805,20171211,20171208,210812500,3902.0,137556,2677498,5359792180.0,3903.0,379,3902.0,9
rb1805,20171211,20171208,210813000,3902.0,137580,2677502,5360728660.0,3902.0,3,3901.0,196
rb1805,20171211,20171208,210813500,3902.0,137618,2677508,5362211440.0,3903.0,408,3902.0,33
rb1805,20171211,20171208,210814000,3902.0,137652,2677512,5363538140.0,3903.0,457,3902.0,27
rb1805,20171211,20171208,210814500,3902.0,137710,2677504,5365801300.0,3903.0,470,3901.0,176
rb1805,20171211,20171208,210815000,3903.0,137756,2677488,5367596480.0,3903.0,455,3901.0,185
rb1805,20171211,20171208,210815500,3903.0,137764,2677490,5367908660.0,3902.0,1,3901.0,191
rb1805,20171211,20171208,210816000,3902.0,137814,2677504,5369859780.0,3903.0,449,3902.0,49
rb1805,20171211,20171208,210816500,3903.0,137902,2677512,5373294180.0,3903.0,419,3902.0,47
rb1805,20171211,20171208,210817000,3902.0,137998,2677578,5377040340.0,3903.0,422,3902.0,61
rb1805,20171211,20171208,210817500,3902.0,138142,2677550,5382659320.0,3902.0,175,3901.0,223
rb1805,20171211,20171208,210818000,3902.0,138186,2677516,5384376140.0,3902.0,165,3901.0,222
rb1805,20171211,20171208,210818500,3901.0,138198,2677518,5384844360.0,3902.0,173,3901.0,221
rb1805,20171211,20171208,210819000,3902.0,138208,2677516,5385234520.0,3902.0,172,3901.0,161
rb1805,20171211,20171208,210819500,3902.0,138232,2677516,5386171000.0,3902.0,165,3901.0,163
rb1805,20171211,20171208,210820000,3902.0,138284,2677516,5388200020.0,3902.0,142,3901.0,162
rb1805,20171211,20171208,210820500,3902.0,138316,2677506,5389448640.0,3902.0,134,3901.0,166
rb1805,20171211,20171208,210821000,3902.0,138354,2677504,5390931380.0,3902.0,139,3901.0,167
rb1805,20171211,20171208,210821500,3901.0,138458,2677504,5394989200.0,3902.0,103,3901.0,154
rb1805,20171211,20171208,210822000,3902.0,138462,2677504,5395145280.0,3902.0,153,3901.0,155
rb1805,20171211,20171208,210822500,3902.0,138488,2677502,5396159720.0,3902.0,164,3901.0,153
rb1805,20171211,20171208,210823000,3901.0,138510,2677502,5397018020.0,3902.0,160,3901.0,149
rb1805,20171211,20171208,210823500,3901.0,138524,2677494,5397564260.0,3902.0,159,3901.0,146
rb1805,20171211,20171208,210824000,3901.0,138570,2677488,5399359120.0,3902.0,139,3901.0,144
rb1805,20171211,20171208,210824500,3902.0,138624,2677496,5401466140.0,3902.0,125,3901.0,142
rb1805,20171211,20171208,210825000,3902.0,138692,2677496,5404119260.0,3902.0,107,3901.0,132
rb1805,20171211,20171208,210825500,3902.0,138754,2677552,5406538500.0,3902.0,79,3901.0,151
rb1805,20171211,20171208,210826000,3901.0,138808,2677576,5408645380.0,3902.0,63,3901.0,143
rb1805,20171211,20171208,210826500,3901.0,138914,2677628,5412781340.0,3902.0,18,3901.0,135
rb1805,20171211,20171208,210827000,3902.0,139064,2677746,5418634340.0,3902.0,46,3901.0,144
rb1805,20171211,20171208,210827500,3902.0,139144,2677764,5421755340.0,3902.0,87,3901.0,115
rb1805,20171211,20171208,210828000,3901.0,139200,2677758,5423940100.0,3902.0,129,3901.0,98
rb1805,20171211,20171208,210828500,3901.0,139230,2677776,5425110500.0,3902.0,138,3901.0,92
rb1805,20171211,20171208,210829000,3902.0,139594,2677678,5439313540.0,3903.0,524,3902.0,330
rb1805,20171211,20171208,210829500,3902.0,139614,2677668,5440093960.0,3903.0,523,3902.0,327
rb1805,20171211,20171208,210830000,3902.0,139634,2677666,5440874360.0,3903.0,523,3902.0,322
rb1805,20171211,20171208,210830500,3902.0,139648,2677658,5441420640.0,3903.0,519,3902.0,321
rb1805,20171211,20171208,210831000,3902.0,139652,2677656,5441576720.0,3903.0,528,3902.0,319
rb1805,20171211,20171208,210831500,3902.0,139660,2677654,5441888880.0,3903.0,530,3902.0,327
rb1805,20171211,20171208,210832000,3902.0,139686,2677638,5442903480.0,3903.0,526,3902.0,318
rb1805,20171211,20171208,210832500,3902.0,139764,2677616,5445947340.0,3903.0,514,3902.0,294
rb1805,20171211,20171208,210833000,3903.0,139824,2677604,5448289000.0,3903.0,496,3902.0,313
rb1805,20171211,20171208,210833500,3903.0,139980,2677560,5454376640.0,3903.0,470,3902.0,263
rb1805,20171211,20171208,210834000,3902.0,140526,2677502,5475681620.0,3902.0,39,3901.0,110
rb1805,20171211,20171208,210834500,3901.0,140580,2677492,5477788620.0,3902.0,184,3901.0,116
rb1805,20171211,20171208,210835000,3902.0,140588,2677490,5478100760.0,3902.0,183,3901.0,105
rb1805,20171211,20171208,210835500,3902.0,140630,2677470,5479739600.0,3902.0,169,3901.0,95
rb1805,20171211,20171208,210836000,3901.0,140680,2677468,5481690580.0,3902.0,157,3901.0,95
rb1805,20171211,20171208,210836500,3901.0,140696,2677474,5482314760.0,3902.0,161,3901.0,89
rb1805,20171211,20171208,210837000,3902.0,140716,2677474,5483095140.0,3902.0,153,3901.0,89
rb1805,20171211,20171208,210837500,3901.0,140850,2677460,5488322780.0,3902.0,145,3901.0,42
rb1805,20171211,20171208,210838000,3901.0,140878,2677452,5489415200.0,3902.0,140,3901.0,35
rb1805,20171211,20171208,210838500,3901.0,140984,2677346,5493551280.0,3902.0,92,3901.0,40
rb1805,20171211,20171208,210839000,3901.0,141022,2677344,5495033900.0,3902.0,80,3901.0,96
rb1805,20171211,20171208,210839500,3901.0,141112,2677334,5498545060.0,3902.0,68,3901.0,79
rb1805,20171211,20171208,210840000,3901.0,141178,2677288,5501120340.0,3902.0,37,3901.0,82
rb1805,20171211,20171208,210840500,3902.0,141258,2677230,5504241900.0,3903.0,505,3902.0,14
rb1805,20171211,20171208,210841000,3902.0,141294,2677210,5505646600.0,3902.0,50,3901.0,77
rb1805,20171211,20171208,210841500,3902.0,141586,2677062,5517039720.0,3902.0,44,3901.0,178
rb1805,20171211,20171208,210842000,3902.0,141676,2677044,5520550780.0,3902.0,36,3901.0,141
rb1805,20171211,20171208,210842500,3902.0,141694,2677040,5521253100.0,3902.0,45,3901.0,145
rb1805,20171211,20171208,210843000,3902.0,141730,2677038,5522657800.0,3902.0,38,3901.0,147
rb1805,20171211,20171208,210843500,3902.0,141842,2677078,5527027940.0,3903.0,521,3902.0,106
rb1805,20171211,20171208,210844000,3902.0,141898,2677084,5529213060.0,3903.0,520,3902.0,93
rb1805,20171211,20171208,210844500,3902.0,142092,2677114,5536782960.0,3902.0,2,3901.0,142
rb1805,20171211,20171208,210845000,3902.0,142140,2677120,5538655820.0,3903.0,570,3901.0,143
rb1805,20171211,20171208,210845500,3902.0,142276,2677122,5543961260.0,3903.0,569,3902.0,24
rb1805,20171211,20171208,210846000,3902.0,142398,2677024,5548721740.0,3903.0,567,3902.0,88
rb1805,20171211,20171208,210846500,3902.0,142414,2677024,5549346060.0,3903.0,567,3902.0,152
rb1805,20171211,20171208,210847000,3902.0,142426,2677022,5549814300.0,3903.0,568,3902.0,148
rb1805,20171211,20171208,210847500,3902.0,142474,2676994,5551687280.0,3903.0,574,3902.0,108
rb1805,20171211,20171208,210848000,3902.0,142504,2676990,5552857920.0,3903.0,572,3902.0,95
rb1805,20171211,20171208,210848500,3902.0,142842,2677150,5566047780.0,3903.0,567,3902.0,11
rb1805,20171211,20171208,210849000,3901.0,142868,2677130,5567062280.0,3902.0,11,3901.0,119
rb1805,20171211,20171208,210849500,3902.0,142900,2677142,5568310920.0,3902.0,85,3901.0,114
rb1805,20171211,20171208,210850000,3902.0,142914,2677148,5568857200.0,3902.0,92,3901.0,114
rb1805,20171211,20171208,210850500,3901.0,142918,2677152,5569013260.0,3902.0,110,3901.0,116
rb1805,20171211,20171208,210851000,3902.0,142942,2677174,5569949740.0,3902.0,128,3901.0,135
rb1805,20171211,20171208,210851500,3902.0,142946,2677178,5570105820.0,3902.0,133,3901.0,139
rb1805,20171211,20171208,210852000,3902.0,142984,2677190,5571588540.0,3902.0,117,3901.0,137
rb1805,20171211,20171208,210852500,3902.0,142984,2677190,5571588540.0,3902.0,167,3901.0,142
rb1805,20171211,20171208,210853000,3901.0,143018,2677214,5572914980.0,3902.0,166,3901.0,127
rb1805,20171211,20171208,210853500,3902.0,143030,2677224,5573383200.0,3902.0,156,3901.0,127
rb1805,20171211,20171208,210854000,3902.0,143030,2677224,5573383200.0,3902.0,166,3901.0,132
rb1805,20171211,20171208,210854500,3901.0,143056,2677238,5574397480.0,3902.0,209,3901.0,120
rb1805,20171211,20171208,210855000,3900.0,143302,2677150,5583993960.0,3901.0,168,3900.0,206
rb1805,20171211,20171208,210855500,3901.0,143334,2677150,5585242280.0,3901.0,218,3900.0,213
rb1805,20171211,20171208,210856000,3901.0,143350,2677140,5585866420.0,3901.0,228,3900.0,214
rb1805,20171211,20171208,210856500,3901.0,143408,2677126,5588129000.0,3901.0,201,3900.0,215
rb1805,20171211,20171208,210857000,3901.0,143408,2677126,5588129000.0,3901.0,201,3900.0,215
rb1805,20171211,20171208,210857500,3901.0,143480,2677138,5590937700.0,3901.0,167,3900.0,214
rb1805,20171211,20171208,210858000,3901.0,143616,2677218,5596243000.0,3901.0,103,3900.0,211
rb1805,20171211,20171208,210858500,3901.0,143636,2677216,5597023120.0,3901.0,99,3900.0,217
rb1805,20171211,20171208,210859000,3901.0,143660,2677198,5597959300.0,3901.0,91,3900.0,215
rb1805,20171211,20171208,210859500,3901.0,143710,2677182,5599909520.0,3901.0,81,3900.0,202
rb1805,20171211,20171208,210900000,3900.0,143712,2677180,5599987520.0,3901.0,81,3900.0,232
rb1805,20171211,20171208,210900500,3900.0,143858,2677198,5605681700.0,3901.0,72,3900.0,178
rb1805,20171211,20171208,210901000,3901.0,143896,2677188,5607163960.0,3901.0,64,3900.0,187
rb1805,20171211,20171208,210901500,3900.0,143936,2677210,5608724020.0,3901.0,62,3900.0,181
rb1805,20171211,20171208,210902000,3900.0,144202,2677394,5619098080.0,3901.0,59,3900.0,51
rb1805,20171211,20171208,210902500,3901.0,144320,2677298,5623701260.0,3902.0,247,3901.0,52
rb1805,20171211,20171208,210903000,3901.0,144392,2677234,5626509980.0,3902.0,265,3901.0,27
rb1805,20171211,20171208,210903500,3901.0,144492,2677186,5630410980.0,3902.0,264,3901.0,5
rb1805,20171211,20171208,210904000,3898.0,144912,2677344,5646788380.0,3902.0,264,3899.0,15
rb1805,20171211,20171208,210904500,3900.0,144952,2677346,5648348480.0,3901.0,88,3900.0,4
rb1805,20171211,20171208,210905000,3900.0,144972,2677328,5649128480.0,3901.0,74,3900.0,28
rb1805,20171211,20171208,210905500,3900.0,144972,2677328,5649128480.0,3901.0,75,3900.0,60
rb1805,20171211,20171208,210906000,3900.0,144984,2677336,5649596560.0,3901.0,49,3900.0,74
rb1805,20171211,20171208,210906500,3901.0,145014,2677338,5650766620.0,3901.0,43,3900.0,69
rb1805,20171211,20171208,210907000,3900.0,145140,2677370,5655680620.0,3901.0,55,3900.0,7
rb1805,20171211,20171208,210907500,3900.0,145172,2677368,5656928620.0,3900.0,31,3899.0,39
rb1805,20171211,20171208,210908000,3900.0,145270,2677354,5660750620.0,3900.0,4,3899.0,57
rb1805,20171211,20171208,210908500,3901.0,145356,2677356,5664104860.0,3901.0,125,3900.0,7
rb1805,20171211,20171208,210909000,3900.0,145398,2677356,5665743240.0,3901.0,106,3900.0,38
rb1805,20171211,20171208,210909500,3901.0,145506,2677394,5669956280.0,3901.0,64,3900.0,36
rb1805,20171211,20171208,210910000,3900.0,145512,2677390,5670190280.0,3901.0,86,3900.0,105
rb1805,20171211,20171208,210910500,3901.0,145528,2677374,5670814440.0,3901.0,68,3900.0,117
rb1805,20171211,20171208,210911000,3901.0,145548,2677374,5671594600.0,3901.0,62,3900.0,132
rb1805,20171211,20171208,210911500,3900.0,145554,2677378,5671828620.0,3901.0,61,3900.0,131
