instrument,tradingday,calendarday,time,lastp,volume,openinterest,turnover,ask1,asksz1,bid1,bidsz1
rb1805,20170914,20170913,183124500,3779.0,0,340706,0.0,0.0,0,0.0,0
rb1805,20170914,20170913,205900500,3772.0,286,340752,10787920.0,3774.0,5,3772.0,2
rb1805,20170914,20170913,210000500,3774.0,466,340870,17578120.0,3772.0,9,3770.0,56
rb1805,20170914,20170913,210001000,3774.0,740,340978,27917700.0,3777.0,31,3774.0,4
rb1805,20170914,20170913,210001500,3774.0,898,341106,33880900.0,3774.0,20,3773.0,12
rb1805,20170914,20170913,210002000,3773.0,1004,341134,37880540.0,3774.0,6,3773.0,6
rb1805,20170914,20170913,210002500,3771.0,1166,341184,43990840.0,3773.0,2,3771.0,32
rb1805,20170914,20170913,210003000,3773.0,1284,341194,48443080.0,3773.0,2,3772.0,8
rb1805,20170914,20170913,210003500,3774.0,1336,341212,50405000.0,3774.0,1,3773.0,2
rb1805,20170914,20170913,210004000,3773.0,1392,341190,52517460.0,3773.0,3,3771.0,31
rb1805,20170914,20170913,210004500,3773.0,1452,341196,54781100.0,3773.0,35,3771.0,154
rb1805,20170914,20170913,210005000,3773.0,1540,341214,58101420.0,3775.0,8,3773.0,12
rb1805,20170914,20170913,210005500,3775.0,1606,341222,60591500.0,3775.0,15,3772.0,1
rb1805,20170914,20170913,210006000,3774.0,1620,341228,61119860.0,3774.0,1,3773.0,19
rb1805,20170914,20170913,210006500,3774.0,1652,341232,62327380.0,3775.0,9,3774.0,4
rb1805,20170914,20170913,210007000,3773.0,1828,341160,68968080.0,3774.0,13,3773.0,137
rb1805,20170914,20170913,210007500,3775.0,1856,341146,70024640.0,3775.0,17,3773.0,128
rb1805,20170914,20170913,210008000,3773.0,1908,341134,71987040.0,3774.0,11,3773.0,116
rb1805,20170914,20170913,210008500,3774.0,1994,341132,75232780.0,3776.0,3,3774.0,2
rb1805,20170914,20170913,210009000,3774.0,2060,341128,77723380.0,3775.0,6,3774.0,24
rb1805,20170914,20170913,210009500,3775.0,2148,341116,81044660.0,3776.0,18,3774.0,51
rb1805,20170914,20170913,210010000,3774.0,2236,341124,84365880.0,3776.0,12,3774.0,15
rb1805,20170914,20170913,210010500,3774.0,2246,341120,84743360.0,3775.0,7,3774.0,16
rb1805,20170914,20170913,210011000,3775.0,2314,341130,87309740.0,3775.0,5,3773.0,105
rb1805,20170914,20170913,210011500,3775.0,2356,341128,88894860.0,3775.0,4,3774.0,10
rb1805,20170914,20170913,210012000,3774.0,2476,341036,93422760.0,3774.0,19,3773.0,55
rb1805,20170914,20170913,210012500,3774.0,2524,341042,95234240.0,3774.0,7,3773.0,62
rb1805,20170914,20170913,210013000,3774.0,2550,341046,96215560.0,3776.0,6,3773.0,62
rb1805,20170914,20170913,210013500,3775.0,2576,341050,97196840.0,3775.0,4,3773.0,61
rb1805,20170914,20170913,210014000,3775.0,2588,341040,97649840.0,3776.0,3,3775.0,11
rb1805,20170914,20170913,210014500,3775.0,2640,341016,99612840.0,3775.0,3,3774.0,27
rb1805,20170914,20170913,210015000,3774.0,2644,341016,99763800.0,3775.0,2,3774.0,24
rb1805,20170914,20170913,210015500,3774.0,2676,341042,100971520.0,3776.0,12,3774.0,12
rb1805,20170914,20170913,210016000,3775.0,2684,341036,101273520.0,3775.0,2,3774.0,23
rb1805,20170914,20170913,210016500,3776.0,2692,341040,101575540.0,3776.0,15,3774.0,43
rb1805,20170914,20170913,210017000,3776.0,2734,341050,103161380.0,3776.0,5,3774.0,42
rb1805,20170914,20170913,210017500,3776.0,2738,341052,103312380.0,3776.0,7,3774.0,41
rb1805,20170914,20170913,210018000,3776.0,2760,341056,104143060.0,3776.0,1,3774.0,46
rb1805,20170914,20170913,210018500,3776.0,2760,341056,104143060.0,3776.0,1,3774.0,46
rb1805,20170914,20170913,210019000,3776.0,2762,341056,104218580.0,3777.0,6,3776.0,1
rb1805,20170914,20170913,210019500,3775.0,2782,341056,104973740.0,3776.0,30,3775.0,5
rb1805,20170914,20170913,210020000,3776.0,2842,341066,107239320.0,3777.0,19,3776.0,8
rb1805,20170914,20170913,210020500,3776.0,2858,341068,107843480.0,3777.0,10,3776.0,9
rb1805,20170914,20170913,210021000,3777.0,2866,341074,108145600.0,3777.0,11,3776.0,10
rb1805,20170914,20170913,210021500,3776.0,2870,341076,108296640.0,3777.0,17,3776.0,11
rb1805,20170914,20170913,210022000,3777.0,2876,341074,108523240.0,3777.0,22,3776.0,5
rb1805,20170914,20170913,210022500,3778.0,2948,341020,111242820.0,3776.0,1,3775.0,10
rb1805,20170914,20170913,210023000,3776.0,2968,341022,111998000.0,3778.0,62,3777.0,2
rb1805,20170914,20170913,210023500,3777.0,2978,341024,112375660.0,3777.0,34,3776.0,6
rb1805,20170914,20170913,210024000,3776.0,3010,341018,113584180.0,3777.0,27,3776.0,1
rb1805,20170914,20170913,210024500,3777.0,3018,341020,113886280.0,3777.0,25,3776.0,1
rb1805,20170914,20170913,210025000,3776.0,3078,341006,116151980.0,3776.0,3,3775.0,61
rb1805,20170914,20170913,210025500,3776.0,3090,341008,116605020.0,3777.0,24,3775.0,57
rb1805,20170914,20170913,210026000,3775.0,3194,341002,120531080.0,3776.0,7,3775.0,7
rb1805,20170914,20170913,210026500,3776.0,3324,341070,125439460.0,3776.0,6,3775.0,1
rb1805,20170914,20170913,210027000,3776.0,3362,341064,126874140.0,3776.0,7,3775.0,42
rb1805,20170914,20170913,210027500,3776.0,3442,341082,129894480.0,3776.0,9,3775.0,25
rb1805,20170914,20170913,210028000,3775.0,3488,341118,131631020.0,3775.0,14,3774.0,50
rb1805,20170914,20170913,210028500,3775.0,3494,341124,131857520.0,3775.0,20,3774.0,52
rb1805,20170914,20170913,210029000,3775.0,3534,341118,133367520.0,3776.0,23,3775.0,25
rb1805,20170914,20170913,210029500,3776.0,3580,341120,135104460.0,3776.0,1,3775.0,28
rb1805,20170914,20170913,210030000,3776.0,3582,341120,135179980.0,3776.0,16,3775.0,32
rb1805,20170914,20170913,210030500,3775.0,3654,341166,137897980.0,3775.0,15,3774.0,52
rb1805,20170914,20170913,210031000,3775.0,3676,341164,138728340.0,3775.0,17,3774.0,45
rb1805,20170914,20170913,210031500,3776.0,3708,341164,139936340.0,3776.0,23,3774.0,44
rb1805,20170914,20170913,210032000,3776.0,3734,341178,140917900.0,3776.0,20,3775.0,6
rb1805,20170914,20170913,210032500,3776.0,3736,341178,140993420.0,3776.0,13,3775.0,14
rb1805,20170914,20170913,210033000,3775.0,3742,341180,141219960.0,3776.0,17,3775.0,8
rb1805,20170914,20170913,210033500,3776.0,3752,341184,141597540.0,3776.0,14,3775.0,7
rb1805,20170914,20170913,210034000,3776.0,3764,341192,142050660.0,3776.0,12,3775.0,18
rb1805,20170914,20170913,210034500,3776.0,3784,341188,142805860.0,3777.0,13,3776.0,6
rb1805,20170914,20170913,210035000,3776.0,3800,341190,143410080.0,3777.0,10,3776.0,9
rb1805,20170914,20170913,210035500,3776.0,3816,341192,144014320.0,3777.0,6,3776.0,9
rb1805,20170914,20170913,210036000,3776.0,3824,341192,144316420.0,3777.0,5,3776.0,19
rb1805,20170914,20170913,210036500,3776.0,3830,341196,144543000.0,3777.0,4,3776.0,18
rb1805,20170914,20170913,210037000,3776.0,3846,341204,145147260.0,3777.0,9,3776.0,17
rb1805,20170914,20170913,210037500,3777.0,3900,341230,147186340.0,3777.0,16,3775.0,22
rb1805,20170914,20170913,210038000,3776.0,3906,341230,147412900.0,3776.0,9,3775.0,24
rb1805,20170914,20170913,210038500,3776.0,3906,341230,147412900.0,3776.0,10,3775.0,25
rb1805,20170914,20170913,210039000,3775.0,3914,341232,147714900.0,3776.0,13,3775.0,21
rb1805,20170914,20170913,210039500,3776.0,3926,341244,148168020.0,3776.0,43,3775.0,21
rb1805,20170914,20170913,210040000,3776.0,3972,341278,149904980.0,3776.0,20,3775.0,21
rb1805,20170914,20170913,210040500,3775.0,3992,341286,150660080.0,3776.0,21,3775.0,17
rb1805,20170914,20170913,210041000,3775.0,3994,341286,150735580.0,3776.0,17,3775.0,22
rb1805,20170914,20170913,210041500,3775.0,4010,341292,151339700.0,3776.0,11,3775.0,25
rb1805,20170914,20170913,210042000,3776.0,4018,341292,151641740.0,3776.0,9,3775.0,23
rb1805,20170914,20170913,210042500,3775.0,4024,341292,151868260.0,3776.0,8,3775.0,21
rb1805,20170914,20170913,210043000,3775.0,4026,341294,151943760.0,3776.0,13,3775.0,24
rb1805,20170914,20170913,210043500,3776.0,4094,341360,154511440.0,3777.0,28,3776.0,46
rb1805,20170914,20170913,210044000,3776.0,4102,341360,154813520.0,3777.0,28,3776.0,24
rb1805,20170914,20170913,210044500,3776.0,4106,341364,154964560.0,3777.0,28,3776.0,49
rb1805,20170914,20170913,210045000,3776.0,4106,341364,154964560.0,3777.0,28,3776.0,63
rb1805,20170914,20170913,210045500,3776.0,4128,341366,155795280.0,3777.0,32,3776.0,57
rb1805,20170914,20170913,210046000,3776.0,4128,341366,155795280.0,3777.0,38,3776.0,57
rb1805,20170914,20170913,210046500,3776.0,4136,341372,156097380.0,3777.0,50,3776.0,58
rb1805,20170914,20170913,210047000,3776.0,4140,341374,156248420.0,3777.0,50,3776.0,56
rb1805,20170914,20170913,210047500,3777.0,4162,341354,157079340.0,3777.0,40,3776.0,59
rb1805,20170914,20170913,210048000,3777.0,4162,341354,157079340.0,3777.0,40,3776.0,59
rb1805,20170914,20170913,210048500,3777.0,4184,341352,157910280.0,3777.0,31,3776.0,59
rb1805,20170914,20170913,210049000,3776.0,4254,341344,160554040.0,3778.0,65,3777.0,2
rb1805,20170914,20170913,210049500,3776.0,4256,341344,160629560.0,3778.0,65,3777.0,1
rb1805,20170914,20170913,210050000,3777.0,4266,341340,161007260.0,3778.0,78,3777.0,22
rb1805,20170914,20170913,210050500,3777.0,4276,341340,161384980.0,3778.0,77,3777.0,19
rb1805,20170914,20170913,210051000,3778.0,4278,341342,161460540.0,3778.0,76,3777.0,19
rb1805,20170914,20170913,210051500,3778.0,4306,341346,162518360.0,3778.0,63,3777.0,18
rb1805,20170914,20170913,210052000,3778.0,4320,341334,163047280.0,3778.0,56,3777.0,38
rb1805,20170914,20170913,210052500,3778.0,4434,341298,167354200.0,3778.0,2,3777.0,39
rb1805,20170914,20170913,210053000,3778.0,4442,341300,167656460.0,3779.0,189,3778.0,28
rb1805,20170914,20170913,210053500,3779.0,4462,341298,168412260.0,3779.0,179,3778.0,42
rb1805,20170914,20170913,210054000,3779.0,4710,341348,177784180.0,3779.0,55,3778.0,59
rb1805,20170914,20170913,210054500,3779.0,4822,341328,182016660.0,3780.0,37,3779.0,88
rb1805,20170914,20170913,210055000,3780.0,5034,341400,190028700.0,3780.0,14,3778.0,31
rb1805,20170914,20170913,210055500,3780.0,5052,341392,190709140.0,3781.0,4,3780.0,19
rb1805,20170914,20170913,210056000,3780.0,5138,341310,193959680.0,3780.0,107,3779.0,10
rb1805,20170914,20170913,210056500,3779.0,5188,341280,195849200.0,3780.0,110,3779.0,4
rb1805,20170914,20170913,210057000,3778.0,5200,341282,196302660.0,3779.0,38,3778.0,46
rb1805,20170914,20170913,210057500,3779.0,5204,341282,196453820.0,3779.0,39,3778.0,46
rb1805,20170914,20170913,210058000,3778.0,5260,341280,198569740.0,3779.0,30,3778.0,32
rb1805,20170914,20170913,210058500,3779.0,5276,341278,199174300.0,3779.0,36,3778.0,28
rb1805,20170914,20170913,210059000,3779.0,5292,341278,199778860.0,3779.0,23,3778.0,25
rb1805,20170914,20170913,210059500,3779.0,5314,341280,200610220.0,3780.0,95,3778.0,34
rb1805,20170914,20170913,210100000,3778.0,5334,341276,201365860.0,3779.0,9,3778.0,26
rb1805,20170914,20170913,210100500,3779.0,5430,341194,204993740.0,3780.0,133,3779.0,55
rb1805,20170914,20170913,210101000,3779.0,5512,341162,208092520.0,3780.0,172,3779.0,14
rb1805,20170914,20170913,210101500,3779.0,5572,341160,210359920.0,3780.0,139,3778.0,29
rb1805,20170914,20170913,210102000,3779.0,5576,341160,210511080.0,3779.0,13,3778.0,29
rb1805,20170914,20170913,210102500,3779.0,5578,341162,210586660.0,3779.0,18,3778.0,29
rb1805,20170914,20170913,210103000,3779.0,5578,341162,210586660.0,3779.0,28,3778.0,29
rb1805,20170914,20170913,210103500,3778.0,5626,341162,212400380.0,3779.0,20,3778.0,19
rb1805,20170914,20170913,210104000,3779.0,5638,341158,212853760.0,3779.0,25,3778.0,24
rb1805,20170914,20170913,210104500,3778.0,5640,341158,212929320.0,3779.0,35,3778.0,24
rb1805,20170914,20170913,210105000,3778.0,5650,341152,213307160.0,3779.0,33,3778.0,22
rb1805,20170914,20170913,210105500,3778.0,5654,341152,213458280.0,3779.0,34,3778.0,25
rb1805,20170914,20170913,210106000,3778.0,5658,341152,213609400.0,3779.0,37,3778.0,23
rb1805,20170914,20170913,210106500,3779.0,5668,341150,213987280.0,3779.0,33,3778.0,22
rb1805,20170914,20170913,210107000,3779.0,5680,341150,214440760.0,3779.0,25,3778.0,22
rb1805,20170914,20170913,210107500,3779.0,5684,341148,214591920.0,3779.0,23,3778.0,22
rb1805,20170914,20170913,210108000,3779.0,5730,341146,216330260.0,3780.0,99,3779.0,35
rb1805,20170914,20170913,210108500,3780.0,5802,341146,219051860.0,3780.0,63,3779.0,98
rb1805,20170914,20170913,210109000,3780.0,5838,341146,220412660.0,3780.0,48,3779.0,99
rb1805,20170914,20170913,210109500,3779.0,5850,341146,220866200.0,3780.0,45,3779.0,43
rb1805,20170914,20170913,210110000,3779.0,5858,341152,221168580.0,3780.0,39,3779.0,38
rb1805,20170914,20170913,210110500,3779.0,5866,341156,221470900.0,3780.0,40,3779.0,28
rb1805,20170914,20170913,210111000,3779.0,5866,341156,221470900.0,3780.0,43,3779.0,36
rb1805,20170914,20170913,210111500,3780.0,5960,341190,225024100.0,3781.0,7,3780.0,4
rb1805,20170914,20170913,210112000,3779.0,5978,341194,225704420.0,3780.0,30,3779.0,25
rb1805,20170914,20170913,210112500,3780.0,5980,341194,225780020.0,3780.0,26,3779.0,33
rb1805,20170914,20170913,210113000,3780.0,5998,341198,226460360.0,3780.0,22,3779.0,30
rb1805,20170914,20170913,210113500,3779.0,6006,341198,226762700.0,3780.0,25,3779.0,23
rb1805,20170914,20170913,210114000,3780.0,6014,341190,227065100.0,3780.0,22,3779.0,23
rb1805,20170914,20170913,210114500,3780.0,6016,341188,227140700.0,3780.0,26,3779.0,23
rb1805,20170914,20170913,210115000,3780.0,6026,341190,227518680.0,3780.0,18,3779.0,22
rb1805,20170914,20170913,210115500,3780.0,6034,341184,227821080.0,3780.0,14,3779.0,23
rb1805,20170914,20170913,210116000,3780.0,6036,341182,227896680.0,3780.0,14,3779.0,43
rb1805,20170914,20170913,210116500,3779.0,6078,341208,229484240.0,3780.0,2,3779.0,42
rb1805,20170914,20170913,210117000,3779.0,6082,341206,229635420.0,3780.0,3,3779.0,41
rb1805,20170914,20170913,210117500,3780.0,6090,341208,229937820.0,3781.0,16,3779.0,49
rb1805,20170914,20170913,210118000,3780.0,6090,341208,229937820.0,3780.0,5,3779.0,49
rb1805,20170914,20170913,210118500,3780.0,6090,341208,229937820.0,3780.0,21,3779.0,49
rb1805,20170914,20170913,210119000,3780.0,6102,341206,230391420.0,3780.0,1,3779.0,50
rb1805,20170914,20170913,210119500,3780.0,6106,341208,230542620.0,3781.0,17,3779.0,50
rb1805,20170914,20170913,210120000,3780.0,6112,341210,230769460.0,3781.0,26,3780.0,20
rb1805,20170914,20170913,210120500,3780.0,6166,341210,232810660.0,3781.0,26,3780.0,93
rb1805,20170914,20170913,210121000,3781.0,6206,341226,234323060.0,3782.0,57,3781.0,7
rb1805,20170914,20170913,210121500,3782.0,6262,341182,236440640.0,3781.0,4,3780.0,100
rb1805,20170914,20170913,210122000,3781.0,6368,341138,240448820.0,3781.0,1,3780.0,108
rb1805,20170914,20170913,210122500,3781.0,6378,341146,240826900.0,3781.0,6,3780.0,107
rb1805,20170914,20170913,210123000,3782.0,6464,341128,244079140.0,3783.0,40,3782.0,3
rb1805,20170914,20170913,210123500,3782.0,6490,341122,245062320.0,3782.0,39,3780.0,119
rb1805,20170914,20170913,210124000,3781.0,6508,341108,245743000.0,3782.0,10,3781.0,13
rb1805,20170914,20170913,210124500,3781.0,6508,341108,245743000.0,3782.0,10,3781.0,19
rb1805,20170914,20170913,210125000,3781.0,6528,341088,246499300.0,3782.0,5,3781.0,40
rb1805,20170914,20170913,210125500,3782.0,6538,341084,246877500.0,3783.0,43,3781.0,41
rb1805,20170914,20170913,210126000,3782.0,6542,341086,247028780.0,3783.0,57,3782.0,1
rb1805,20170914,20170913,210126500,3781.0,6584,341112,248617180.0,3782.0,3,3781.0,33
rb1805,20170914,20170913,210127000,3781.0,6586,341110,248692800.0,3782.0,13,3781.0,39
rb1805,20170914,20170913,210127500,3782.0,6592,341106,248919680.0,3782.0,22,3781.0,89
rb1805,20170914,20170913,210128000,3782.0,6612,341122,249676080.0,3782.0,12,3781.0,92
rb1805,20170914,20170913,210128500,3783.0,6656,341098,251340360.0,3782.0,1,3781.0,94
rb1805,20170914,20170913,210129000,3783.0,6672,341090,251945540.0,3783.0,32,3781.0,94
rb1805,20170914,20170913,210129500,3783.0,6698,341074,252928980.0,3783.0,46,3782.0,1
rb1805,20170914,20170913,210130000,3782.0,6744,341052,254668700.0,3782.0,2,3781.0,109
rb1805,20170914,20170913,210130500,3781.0,6754,341058,255046820.0,3783.0,34,3781.0,117
rb1805,20170914,20170913,210131000,3781.0,6756,341058,255122440.0,3782.0,1,3781.0,111
rb1805,20170914,20170913,210131500,3782.0,6834,341054,258071680.0,3782.0,13,3781.0,65
rb1805,20170914,20170913,210132000,3782.0,6880,341030,259811400.0,3783.0,67,3782.0,63
rb1805,20170914,20170913,210132500,3783.0,6950,341032,262458820.0,3783.0,38,3782.0,29
rb1805,20170914,20170913,210133000,3782.0,6960,341036,262837020.0,3783.0,45,3782.0,82
rb1805,20170914,20170913,210133500,3782.0,6996,341052,264198540.0,3783.0,73,3782.0,78
rb1805,20170914,20170913,210134000,3782.0,7018,341054,265030600.0,3783.0,61,3782.0,71
rb1805,20170914,20170913,210134500,3782.0,7036,341050,265711360.0,3783.0,61,3782.0,62
rb1805,20170914,20170913,210135000,3782.0,7042,341052,265938280.0,3783.0,61,3782.0,60
rb1805,20170914,20170913,210135500,3783.0,7076,341052,267224460.0,3783.0,46,3782.0,58
rb1805,20170914,20170913,210136000,3783.0,7086,341054,267602740.0,3783.0,42,3782.0,57
rb1805,20170914,20170913,210136500,3782.0,7092,341050,267829700.0,3783.0,44,3782.0,56
rb1805,20170914,20170913,210137000,3783.0,7102,341054,268207920.0,3783.0,44,3782.0,52
rb1805,20170914,20170913,210137500,3782.0,7140,341044,269645320.0,3783.0,32,3782.0,47
rb1805,20170914,20170913,210138000,3782.0,7148,341046,269947940.0,3783.0,29,3782.0,47
rb1805,20170914,20170913,210138500,3782.0,7174,341046,270931280.0,3783.0,29,3782.0,36
rb1805,20170914,20170913,210139000,3782.0,7174,341046,270931280.0,3783.0,30,3782.0,36
rb1805,20170914,20170913,210139500,3783.0,7176,341046,271006940.0,3783.0,29,3782.0,38
rb1805,20170914,20170913,210140000,3782.0,7184,341044,271309520.0,3783.0,31,3782.0,35
rb1805,20170914,20170913,210140500,3782.0,7188,341046,271460800.0,3783.0,17,3782.0,33
rb1805,20170914,20170913,210141000,3783.0,7190,341046,271536460.0,3783.0,16,3782.0,34
rb1805,20170914,20170913,210141500,3783.0,7190,341046,271536460.0,3783.0,29,3782.0,34
rb1805,20170914,20170913,210142000,3783.0,7300,341040,275696940.0,3782.0,1,3781.0,66
rb1805,20170914,20170913,210142500,3781.0,7304,341044,275848180.0,3782.0,7,3781.0,64
rb1805,20170914,20170913,210143000,3782.0,7318,341044,276377660.0,3782.0,4,3781.0,80
rb1805,20170914,20170913,210143500,3782.0,7330,341040,276831500.0,3782.0,28,3781.0,64
rb1805,20170914,20170913,210144000,3781.0,7382,341040,278797620.0,3782.0,49,3781.0,38
rb1805,20170914,20170913,210144500,3781.0,7462,341070,281822420.0,3781.0,43,3780.0,129
rb1805,20170914,20170913,210145000,3780.0,7466,341072,281973620.0,3781.0,50,3780.0,127
rb1805,20170914,20170913,210145500,3781.0,7468,341074,282049240.0,3781.0,51,3780.0,122
rb1805,20170914,20170913,210146000,3781.0,7474,341078,282276100.0,3781.0,48,3780.0,122
rb1805,20170914,20170913,210146500,3781.0,7480,341082,282502920.0,3781.0,62,3780.0,120
rb1805,20170914,20170913,210147000,3780.0,7558,341154,285451320.0,3781.0,62,3780.0,81
rb1805,20170914,20170913,210147500,3781.0,7610,341194,287416960.0,3781.0,60,3780.0,61
rb1805,20170914,20170913,210148000,3780.0,7642,341220,288626580.0,3781.0,49,3780.0,47
rb1805,20170914,20170913,210148500,3780.0,7678,341210,289987380.0,3781.0,49,3780.0,29
rb1805,20170914,20170913,210149000,3780.0,7758,341234,293011380.0,3780.0,76,3779.0,36
rb1805,20170914,20170913,210149500,3779.0,7764,341236,293238140.0,3780.0,91,3779.0,34
rb1805,20170914,20170913,210150000,3780.0,7770,341236,293464920.0,3780.0,77,3779.0,39
rb1805,20170914,20170913,210150500,3780.0,7778,341236,293767320.0,3780.0,84,3779.0,39
rb1805,20170914,20170913,210151000,3780.0,7780,341238,293842920.0,3780.0,83,3779.0,39
rb1805,20170914,20170913,210151500,3779.0,7786,341244,294069680.0,3780.0,82,3779.0,41
rb1805,20170914,20170913,210152000,3780.0,7790,341248,294220880.0,3780.0,90,3779.0,42
rb1805,20170914,20170913,210152500,3779.0,7794,341252,294372060.0,3780.0,90,3779.0,41
rb1805,20170914,20170913,210153000,3780.0,7836,341224,295959640.0,3780.0,72,3779.0,50
rb1805,20170914,20170913,210153500,3780.0,7842,341224,296186400.0,3780.0,72,3779.0,49
rb1805,20170914,20170913,210154000,3780.0,7898,341184,298303120.0,3780.0,49,3779.0,45
rb1805,20170914,20170913,210154500,3780.0,7900,341182,298378720.0,3780.0,47,3779.0,45
rb1805,20170914,20170913,210155000,3780.0,7914,341184,298907880.0,3780.0,43,3779.0,43
rb1805,20170914,20170913,210155500,3780.0,7920,341186,299134660.0,3780.0,41,3779.0,43
rb1805,20170914,20170913,210156000,3779.0,7922,341186,299210240.0,3780.0,42,3779.0,48
rb1805,20170914,20170913,210156500,3780.0,7930,341186,299512600.0,3780.0,41,3779.0,46
rb1805,20170914,20170913,210157000,3780.0,8012,341234,302612200.0,3781.0,27,3780.0,140
rb1805,20170914,20170913,210157500,3781.0,8090,341242,305561380.0,3782.0,83,3781.0,46
rb1805,20170914,20170913,210158000,3781.0,8216,341226,310326660.0,3782.0,22,3781.0,42
rb1805,20170914,20170913,210158500,3782.0,8278,341250,312671660.0,3783.0,18,3782.0,49
rb1805,20170914,20170913,210159000,3782.0,8296,341248,313352540.0,3783.0,12,3782.0,28
rb1805,20170914,20170913,210159500,3782.0,8300,341248,313503820.0,3783.0,12,3782.0,28
rb1805,20170914,20170913,210200000,3783.0,8312,341252,313957780.0,3783.0,12,3782.0,28
rb1805,20170914,20170913,210200500,3783.0,8312,341252,313957780.0,3783.0,6,3782.0,28
rb1805,20170914,20170913,210201000,3783.0,8336,341254,314865480.0,3783.0,5,3782.0,13
rb1805,20170914,20170913,210201500,3783.0,8380,341232,316530000.0,3784.0,68,3783.0,10
rb1805,20170914,20170913,210202000,3782.0,8406,341246,317513520.0,3783.0,107,3782.0,14
rb1805,20170914,20170913,210202500,3782.0,8450,341240,319177600.0,3782.0,5,3781.0,46
rb1805,20170914,20170913,210203000,3783.0,8622,341090,325684240.0,3784.0,70,3783.0,15
rb1805,20170914,20170913,210203500,3782.0,8664,341060,327272960.0,3782.0,2,3781.0,58
rb1805,20170914,20170913,210204000,3782.0,8670,341056,327499880.0,3783.0,56,3782.0,17
rb1805,20170914,20170913,210204500,3782.0,8678,341060,327802440.0,3783.0,68,3781.0,45
rb1805,20170914,20170913,210205000,3782.0,8678,341060,327802440.0,3783.0,96,3781.0,45
rb1805,20170914,20170913,210205500,3781.0,8680,341060,327878060.0,3782.0,17,3781.0,44
rb1805,20170914,20170913,210206000,3781.0,8680,341060,327878060.0,3782.0,18,3781.0,70
rb1805,20170914,20170913,210206500,3782.0,8690,341060,328256260.0,3782.0,16,3781.0,70
rb1805,20170914,20170913,210207000,3782.0,8724,341036,329542140.0,3782.0,4,3781.0,70
rb1805,20170914,20170913,210207500,3782.0,8736,341036,329995980.0,3783.0,109,3782.0,19
rb1805,20170914,20170913,210208000,3782.0,8740,341034,330147260.0,3783.0,111,3782.0,17
rb1805,20170914,20170913,210208500,3782.0,8744,341034,330298540.0,3783.0,111,3782.0,23
rb1805,20170914,20170913,210209000,3782.0,8774,341014,331433340.0,3783.0,108,3782.0,21
rb1805,20170914,20170913,210209500,3782.0,8776,341012,331508980.0,3783.0,108,3782.0,20
rb1805,20170914,20170913,210210000,3782.0,8776,341012,331508980.0,3783.0,111,3782.0,20
rb1805,20170914,20170913,210210500,3782.0,8778,341012,331584620.0,3783.0,119,3782.0,25
rb1805,20170914,20170913,210211000,3782.0,8792,341008,332114100.0,3783.0,119,3782.0,18
rb1805,20170914,20170913,210211500,3782.0,8798,341002,332341020.0,3783.0,119,3782.0,9
rb1805,20170914,20170913,210212000,3782.0,8802,341000,332492320.0,3783.0,119,3782.0,9
rb1805,20170914,20170913,210212500,3782.0,8802,341000,332492320.0,3783.0,118,3782.0,10
rb1805,20170914,20170913,210213000,3782.0,8802,341000,332492320.0,3783.0,118,3782.0,13
rb1805,20170914,20170913,210213500,3783.0,8804,341000,332567980.0,3783.0,112,3782.0,13
rb1805,20170914,20170913,210214000,3783.0,8850,340960,334308100.0,3783.0,92,3782.0,14
rb1805,20170914,20170913,210214500,3783.0,8850,340960,334308100.0,3783.0,92,3782.0,14
rb1805,20170914,20170913,210215000,3783.0,8850,340960,334308100.0,3783.0,114,3782.0,15
rb1805,20170914,20170913,210215500,3783.0,9004,341046,340133920.0,3783.0,38,3782.0,17
rb1805,20170914,20170913,210216000,3782.0,9064,341092,342403120.0,3782.0,16,3781.0,41
rb1805,20170914,20170913,210216500,3782.0,9084,341112,343159520.0,3782.0,6,3781.0,42
rb1805,20170914,20170913,210217000,3782.0,9084,341112,343159520.0,3782.0,8,3781.0,42
rb1805,20170914,20170913,210217500,3782.0,9084,341112,343159520.0,3782.0,9,3781.0,33
rb1805,20170914,20170913,210218000,3781.0,9096,341120,343613340.0,3782.0,14,3781.0,24
rb1805,20170914,20170913,210218500,3782.0,9142,341092,345353060.0,3783.0,40,3782.0,9
rb1805,20170914,20170913,210219000,3781.0,9170,341064,346411920.0,3782.0,46,3781.0,19
rb1805,20170914,20170913,210219500,3781.0,9220,341064,348302420.0,3781.0,4,3780.0,120
rb1805,20170914,20170913,210220000,3781.0,9224,341062,348453660.0,3781.0,11,3780.0,107
rb1805,20170914,20170913,210220500,3781.0,9224,341062,348453660.0,3781.0,11,3780.0,113
rb1805,20170914,20170913,210221000,3781.0,9226,341062,348529280.0,3781.0,16,3780.0,91
rb1805,20170914,20170913,210221500,3781.0,9226,341062,348529280.0,3781.0,16,3780.0,77
rb1805,20170914,20170913,210222000,3780.0,9228,341060,348604880.0,3781.0,16,3780.0,76
rb1805,20170914,20170913,210222500,3781.0,9232,341058,348756100.0,3781.0,16,3780.0,75
rb1805,20170914,20170913,210223000,3780.0,9250,341056,349436500.0,3781.0,17,3780.0,86
rb1805,20170914,20170913,210223500,3780.0,9260,341056,349814500.0,3781.0,9,3780.0,83
rb1805,20170914,20170913,210224000,3780.0,9262,341054,349890100.0,3781.0,6,3780.0,82
rb1805,20170914,20170913,210224500,3781.0,9294,341054,351100020.0,3781.0,11,3780.0,92
rb1805,20170914,20170913,210225000,3781.0,9318,341076,352007460.0,3782.0,28,3781.0,76
rb1805,20170914,20170913,210225500,3782.0,9342,341080,352915140.0,3782.0,6,3781.0,76
rb1805,20170914,20170913,210226000,3781.0,9344,341080,352990760.0,3782.0,6,3781.0,78
rb1805,20170914,20170913,210226500,3781.0,9356,341068,353444480.0,3782.0,15,3781.0,73
rb1805,20170914,20170913,210227000,3781.0,9356,341068,353444480.0,3782.0,7,3781.0,78
rb1805,20170914,20170913,210227500,3781.0,9358,341066,353520100.0,3782.0,7,3781.0,78
rb1805,20170914,20170913,210228000,3781.0,9358,341066,353520100.0,3782.0,13,3781.0,84
rb1805,20170914,20170913,210228500,3781.0,9358,341066,353520100.0,3782.0,28,3781.0,84
rb1805,20170914,20170913,210229000,3781.0,9492,340998,358586640.0,3782.0,40,3781.0,11
rb1805,20170914,20170913,210229500,3781.0,9516,340988,359494080.0,3781.0,42,3780.0,73
rb1805,20170914,20170913,210230000,3781.0,9516,340988,359494080.0,3781.0,47,3780.0,63
rb1805,20170914,20170913,210230500,3781.0,9516,340988,359494080.0,3781.0,47,3780.0,63
rb1805,20170914,20170913,210231000,3781.0,9534,340998,360174580.0,3781.0,43,3780.0,59
rb1805,20170914,20170913,210231500,3781.0,9554,341016,360930780.0,3781.0,35,3780.0,60
rb1805,20170914,20170913,210232000,3781.0,9558,341014,361082020.0,3781.0,33,3780.0,60
rb1805,20170914,20170913,210232500,3780.0,9560,341014,361157620.0,3781.0,33,3780.0,59
rb1805,20170914,20170913,210233000,3780.0,9562,341014,361233220.0,3781.0,43,3780.0,59
rb1805,20170914,20170913,210233500,3780.0,9650,341026,364560440.0,3782.0,38,3780.0,66
rb1805,20170914,20170913,210234000,3781.0,9652,341024,364636060.0,3782.0,43,3781.0,44
rb1805,20170914,20170913,210234500,3781.0,9654,341024,364711680.0,3782.0,43,3781.0,47
rb1805,20170914,20170913,210235000,3782.0,9744,341056,368115480.0,3783.0,63,3782.0,33
rb1805,20170914,20170913,210235500,3782.0,9752,341050,368418040.0,3783.0,73,3782.0,20
rb1805,20170914,20170913,210236000,3783.0,9794,341062,370006620.0,3783.0,66,3782.0,6
rb1805,20170914,20170913,210236500,3782.0,9796,341064,370082260.0,3783.0,67,3782.0,5
rb1805,20170914,20170913,210237000,3782.0,9810,341056,370611740.0,3783.0,68,3782.0,6
rb1805,20170914,20170913,210237500,3782.0,9810,341056,370611740.0,3783.0,68,3782.0,11
rb1805,20170914,20170913,210238000,3782.0,9850,341016,372124540.0,3783.0,68,3782.0,22
rb1805,20170914,20170913,210238500,3782.0,9854,341016,372275820.0,3783.0,68,3782.0,25
rb1805,20170914,20170913,210239000,3783.0,9856,341016,372351480.0,3783.0,68,3782.0,25
rb1805,20170914,20170913,210239500,3781.0,9910,340994,374393740.0,3782.0,27,3781.0,55
rb1805,20170914,20170913,210240000,3781.0,9910,340994,374393740.0,3782.0,27,3781.0,45
rb1805,20170914,20170913,210240500,3781.0,9910,340994,374393740.0,3782.0,37,3781.0,26
rb1805,20170914,20170913,210241000,3781.0,9912,340994,374469360.0,3782.0,40,3781.0,25
rb1805,20170914,20170913,210241500,3782.0,9922,340994,374847560.0,3782.0,35,3781.0,25
rb1805,20170914,20170913,210242000,3782.0,9922,340994,374847560.0,3782.0,13,3781.0,25
rb1805,20170914,20170913,210242500,3781.0,9946,341018,375755040.0,3782.0,15,3781.0,15
rb1805,20170914,20170913,210243000,3781.0,9956,341018,376133140.0,3782.0,23,3781.0,7
rb1805,20170914,20170913,210243500,3782.0,9966,341018,376511340.0,3782.0,18,3781.0,17
rb1805,20170914,20170913,210244000,3782.0,9966,341018,376511340.0,3782.0,14,3781.0,17
rb1805,20170914,20170913,210245000,3781.0,9968,341020,376586960.0,3782.0,16,3781.0,16
rb1805,20170914,20170913,210245500,3782.0,9974,341020,376813860.0,3782.0,23,3781.0,15
rb1805,20170914,20170913,210246000,3781.0,9978,341020,376965100.0,3782.0,17,3781.0,13
rb1805,20170914,20170913,210246500,3781.0,9992,341022,377494440.0,3782.0,23,3781.0,6
rb1805,20170914,20170913,210247000,3781.0,9994,341022,377570060.0,3782.0,17,3781.0,5
rb1805,20170914,20170913,210247500,3782.0,10004,341032,377948260.0,3782.0,12,3781.0,5
rb1805,20170914,20170913,210248000,3782.0,10004,341032,377948260.0,3782.0,12,3781.0,5
rb1805,20170914,20170913,210248500,3782.0,10004,341032,377948260.0,3782.0,12,3781.0,6
rb1805,20170914,20170913,210249000,3782.0,10004,341032,377948260.0,3782.0,15,3781.0,12
rb1805,20170914,20170913,210249500,3781.0,10008,341032,378099520.0,3782.0,14,3781.0,30
rb1805,20170914,20170913,210250000,3782.0,10020,341028,378553360.0,3782.0,8,3781.0,32
rb1805,20170914,20170913,210250500,3782.0,10020,341028,378553360.0,3782.0,16,3781.0,30
rb1805,20170914,20170913,210251000,3781.0,10028,341028,378855840.0,3782.0,17,3781.0,24
rb1805,20170914,20170913,210251500,3781.0,10028,341028,378855840.0,3782.0,17,3781.0,19
rb1805,20170914,20170913,210252000,3781.0,10028,341028,378855840.0,3782.0,17,3781.0,17
rb1805,20170914,20170913,210252500,3781.0,10034,341022,379082700.0,3782.0,17,3781.0,16
rb1805,20170914,20170913,210253000,3781.0,10034,341022,379082700.0,3782.0,17,3781.0,17
rb1805,20170914,20170913,210253500,3781.0,10034,341022,379082700.0,3782.0,19,3781.0,23
rb1805,20170914,20170913,210254000,3781.0,10052,341016,379763280.0,3782.0,23,3781.0,16
rb1805,20170914,20170913,210254500,3781.0,10064,341028,380217020.0,3782.0,22,3781.0,11
rb1805,20170914,20170913,210255000,3782.0,10066,341028,380292660.0,3782.0,21,3781.0,11
rb1805,20170914,20170913,210255500,3782.0,10108,341020,381881100.0,3783.0,109,3781.0,13
rb1805,20170914,20170913,210256000,3782.0,10108,341020,381881100.0,3783.0,110,3781.0,33
rb1805,20170914,20170913,210256500,3782.0,10110,341020,381956740.0,3783.0,110,3782.0,1
rb1805,20170914,20170913,210257000,3782.0,10112,341020,382032380.0,3782.0,1,3781.0,28
rb1805,20170914,20170913,210257500,3782.0,10122,341018,382410580.0,3782.0,7,3781.0,13
rb1805,20170914,20170913,210258000,3782.0,10122,341018,382410580.0,3782.0,7,3781.0,13
rb1805,20170914,20170913,210258500,3782.0,10122,341018,382410580.0,3782.0,8,3781.0,13
rb1805,20170914,20170913,210259000,3782.0,10122,341018,382410580.0,3782.0,9,3781.0,13
rb1805,20170914,20170913,210259500,3781.0,10148,341034,383393640.0,3782.0,9,3780.0,134
rb1805,20170914,20170913,210300000,3780.0,10152,341036,383544880.0,3781.0,19,3780.0,123
rb1805,20170914,20170913,210300500,3780.0,10152,341036,383544880.0,3781.0,29,3780.0,123
rb1805,20170914,20170913,210301000,3780.0,10206,341068,385586080.0,3781.0,31,3780.0,97
rb1805,20170914,20170913,210301500,3781.0,10398,340906,392843700.0,3781.0,41,3780.0,5
rb1805,20170914,20170913,210302000,3779.0,10524,340876,397606340.0,3780.0,10,3779.0,54
rb1805,20170914,20170913,210302500,3780.0,10526,340876,397681940.0,3780.0,13,3779.0,44
rb1805,20170914,20170913,210303000,3780.0,10530,340874,397833140.0,3780.0,30,3779.0,44
rb1805,20170914,20170913,210303500,3779.0,10542,340880,398286680.0,3780.0,27,3779.0,41
rb1805,20170914,20170913,210304000,3779.0,10544,340878,398362260.0,3780.0,27,3779.0,40
rb1805,20170914,20170913,210304500,3780.0,10546,340878,398437860.0,3780.0,26,3779.0,43
rb1805,20170914,20170913,210305000,3780.0,10546,340878,398437860.0,3780.0,26,3779.0,43
rb1805,20170914,20170913,210305500,3780.0,10602,340928,400554660.0,3781.0,13,3780.0,2
rb1805,20170914,20170913,210306000,3779.0,10610,340930,400857020.0,3780.0,10,3779.0,51
rb1805,20170914,20170913,210306500,3779.0,10612,340930,400932600.0,3780.0,6,3779.0,55
rb1805,20170914,20170913,210307000,3780.0,10632,340914,401688600.0,3781.0,23,3780.0,7
rb1805,20170914,20170913,210307500,3780.0,10638,340908,401915400.0,3781.0,28,3780.0,35
rb1805,20170914,20170913,210308000,3781.0,10668,340892,403049600.0,3781.0,14,3780.0,35
rb1805,20170914,20170913,210308500,3780.0,10674,340890,403276420.0,3781.0,8,3780.0,35
rb1805,20170914,20170913,210309000,3780.0,10678,340888,403427620.0,3781.0,8,3780.0,33
rb1805,20170914,20170913,210309500,3780.0,10682,340886,403578820.0,3781.0,8,3780.0,36
rb1805,20170914,20170913,210310000,3780.0,10714,340864,404788420.0,3781.0,10,3780.0,20
rb1805,20170914,20170913,210310500,3780.0,10736,340864,405620040.0,3781.0,17,3780.0,10
rb1805,20170914,20170913,210311000,3780.0,10744,340860,405922440.0,3781.0,18,3780.0,5
rb1805,20170914,20170913,210311500,3780.0,10748,340860,406073640.0,3781.0,22,3780.0,3
rb1805,20170914,20170913,210312000,3779.0,10758,340862,406451620.0,3780.0,19,3779.0,68
rb1805,20170914,20170913,210312500,3780.0,10800,340856,408039240.0,3781.0,32,3780.0,12
rb1805,20170914,20170913,210313000,3780.0,10834,340874,409324440.0,3780.0,16,3779.0,53
rb1805,20170914,20170913,210313500,3780.0,10886,340926,411290040.0,3781.0,33,3780.0,38
rb1805,20170914,20170913,210314000,3781.0,10954,340920,413861120.0,3782.0,39,3781.0,34
rb1805,20170914,20170913,210314500,3781.0,10984,340912,414995620.0,3782.0,23,3781.0,29
rb1805,20170914,20170913,210315000,3781.0,11052,340928,417567200.0,3783.0,113,3781.0,20
rb1805,20170914,20170913,210315500,3782.0,11066,340924,418096560.0,3783.0,113,3782.0,16
rb1805,20170914,20170913,210316000,3782.0,11070,340926,418247840.0,3783.0,113,3782.0,11
rb1805,20170914,20170913,210316500,3781.0,11114,340910,419911760.0,3783.0,114,3781.0,6
rb1805,20170914,20170913,210317000,3781.0,11114,340910,419911760.0,3782.0,21,3781.0,17
rb1805,20170914,20170913,210317500,3782.0,11122,340908,420214280.0,3782.0,20,3781.0,19
rb1805,20170914,20170913,210318000,3781.0,11126,340908,420365540.0,3782.0,20,3781.0,14
rb1805,20170914,20170913,210318500,3782.0,11128,340906,420441180.0,3782.0,19,3781.0,15
rb1805,20170914,20170913,210319000,3782.0,11128,340906,420441180.0,3782.0,23,3781.0,17
rb1805,20170914,20170913,210320000,3782.0,11128,340906,420441180.0,3782.0,23,3781.0,17
rb1805,20170914,20170913,210320500,3782.0,11128,340906,420441180.0,3782.0,41,3781.0,13
rb1805,20170914,20170913,210321000,3782.0,11130,340906,420516820.0,3782.0,40,3781.0,7
rb1805,20170914,20170913,210321500,3782.0,11130,340906,420516820.0,3782.0,40,3781.0,7
rb1805,20170914,20170913,210322000,3781.0,11144,340908,421046160.0,3781.0,19,3780.0,34
rb1805,20170914,20170913,210322500,3781.0,11144,340908,421046160.0,3781.0,12,3780.0,34
rb1805,20170914,20170913,210323000,3781.0,11146,340908,421121780.0,3781.0,11,3780.0,41
rb1805,20170914,20170913,210323500,3781.0,11146,340908,421121780.0,3781.0,18,3780.0,20
rb1805,20170914,20170913,210324000,3781.0,11148,340910,421197400.0,3781.0,18,3780.0,20
rb1805,20170914,20170913,210324500,3780.0,11150,340910,421273000.0,3781.0,16,3780.0,20
rb1805,20170914,20170913,210325000,3780.0,11150,340910,421273000.0,3781.0,7,3780.0,22
rb1805,20170914,20170913,210325500,3780.0,11156,340916,421499840.0,3781.0,6,3780.0,20
rb1805,20170914,20170913,210326000,3780.0,11156,340916,421499840.0,3781.0,7,3780.0,22
rb1805,20170914,20170913,210326500,3781.0,11158,340918,421575460.0,3781.0,6,3780.0,24
rb1805,20170914,20170913,210327000,3781.0,11170,340916,422029180.0,3782.0,41,3780.0,24
rb1805,20170914,20170913,210327500,3780.0,11174,340918,422180420.0,3782.0,40,3780.0,23
rb1805,20170914,20170913,210328000,3781.0,11206,340936,423390040.0,3782.0,41,3780.0,8
rb1805,20170914,20170913,210328500,3780.0,11208,340938,423465640.0,3782.0,40,3780.0,12
rb1805,20170914,20170913,210329000,3780.0,11212,340942,423616880.0,3782.0,40,3780.0,17
rb1805,20170914,20170913,210329500,3780.0,11214,340942,423692480.0,3782.0,40,3780.0,21
rb1805,20170914,20170913,210330000,3780.0,11214,340942,423692480.0,3782.0,42,3781.0,1
rb1805,20170914,20170913,210330500,3780.0,11216,340942,423768080.0,3782.0,43,3780.0,19
rb1805,20170914,20170913,210331000,3780.0,11218,340940,423843680.0,3782.0,44,3780.0,20
rb1805,20170914,20170913,210331500,3782.0,11220,340942,423919320.0,3782.0,42,3780.0,20
rb1805,20170914,20170913,210332000,3779.0,11262,340956,425506900.0,3780.0,4,3779.0,63
rb1805,20170914,20170913,210332500,3780.0,11270,340956,425809300.0,3782.0,42,3780.0,36
rb1805,20170914,20170913,210333000,3782.0,11272,340958,425884940.0,3782.0,42,3780.0,20
rb1805,20170914,20170913,210333500,3782.0,11272,340958,425884940.0,3782.0,41,3780.0,27
rb1805,20170914,20170913,210334000,3782.0,11272,340958,425884940.0,3781.0,30,3780.0,29
rb1805,20170914,20170913,210334500,3781.0,11276,340960,426036180.0,3781.0,28,3780.0,29
rb1805,20170914,20170913,210335000,3781.0,11276,340960,426036180.0,3781.0,35,3780.0,29
rb1805,20170914,20170913,210335500,3781.0,11280,340964,426187420.0,3781.0,38,3780.0,27
rb1805,20170914,20170913,210336000,3781.0,11282,340966,426263040.0,3781.0,39,3780.0,25
rb1805,20170914,20170913,210336500,3781.0,11282,340966,426263040.0,3781.0,39,3780.0,25
rb1805,20170914,20170913,210337000,3781.0,11284,340968,426338660.0,3781.0,39,3780.0,25
rb1805,20170914,20170913,210337500,3781.0,11288,340972,426489900.0,3781.0,37,3780.0,26
rb1805,20170914,20170913,210338000,3781.0,11288,340972,426489900.0,3781.0,37,3780.0,27
rb1805,20170914,20170913,210338500,3780.0,11290,340972,426565500.0,3781.0,37,3780.0,28
rb1805,20170914,20170913,210339000,3780.0,11294,340974,426716720.0,3781.0,36,3780.0,27
rb1805,20170914,20170913,210339500,3780.0,11294,340974,426716720.0,3781.0,36,3780.0,27
rb1805,20170914,20170913,210340000,3782.0,11394,340938,430498000.0,3782.0,61,3780.0,27
rb1805,20170914,20170913,210340500,3782.0,11394,340938,430498000.0,3782.0,62,3780.0,27
rb1805,20170914,20170913,210341000,3780.0,11396,340938,430573600.0,3782.0,62,3780.0,26
rb1805,20170914,20170913,210341500,3780.0,11396,340938,430573600.0,3782.0,56,3781.0,1
rb1805,20170914,20170913,210342000,3780.0,11396,340938,430573600.0,3782.0,55,3781.0,11
rb1805,20170914,20170913,210342500,3780.0,11396,340938,430573600.0,3782.0,65,3781.0,11
rb1805,20170914,20170913,210343000,3780.0,11396,340938,430573600.0,3782.0,66,3781.0,11
rb1805,20170914,20170913,210343500,3780.0,11396,340938,430573600.0,3782.0,67,3781.0,11
rb1805,20170914,20170913,210344000,3780.0,11396,340938,430573600.0,3782.0,67,3781.0,12
rb1805,20170914,20170913,210344500,3781.0,11398,340938,430649220.0,3782.0,67,3781.0,11
rb1805,20170914,20170913,210345000,3781.0,11398,340938,430649220.0,3782.0,67,3781.0,15
rb1805,20170914,20170913,210345500,3782.0,11400,340940,430724860.0,3782.0,55,3781.0,19
rb1805,20170914,20170913,210346000,3782.0,11400,340940,430724860.0,3782.0,56,3781.0,21
rb1805,20170914,20170913,210346500,3782.0,11464,340944,433145340.0,3782.0,25,3781.0,21
rb1805,20170914,20170913,210347000,3782.0,11490,340958,434128640.0,3782.0,13,3781.0,33
rb1805,20170914,20170913,210347500,3782.0,11540,340954,436019640.0,3782.0,8,3781.0,48
rb1805,20170914,20170913,210348000,3783.0,11560,340966,436776080.0,3783.0,88,3782.0,19
rb1805,20170914,20170913,210348500,3782.0,11564,340968,436927360.0,3783.0,88,3782.0,13
rb1805,20170914,20170913,210349000,3782.0,11568,340972,437078640.0,3783.0,88,3782.0,12
rb1805,20170914,20170913,210349500,3782.0,11572,340976,437229940.0,3783.0,88,3782.0,11
rb1805,20170914,20170913,210350000,3782.0,11572,340976,437229940.0,3783.0,88,3782.0,18
rb1805,20170914,20170913,210350500,3783.0,11576,340976,437381260.0,3783.0,86,3782.0,18
rb1805,20170914,20170913,210351000,3783.0,11576,340976,437381260.0,3783.0,86,3782.0,19
rb1805,20170914,20170913,210351500,3783.0,11576,340976,437381260.0,3783.0,86,3782.0,19
rb1805,20170914,20170913,210352000,3783.0,11596,340960,438137860.0,3783.0,76,3782.0,12
rb1805,20170914,20170913,210352500,3783.0,11748,341088,443888020.0,3784.0,60,3783.0,24
rb1805,20170914,20170913,210353000,3783.0,11796,341122,445703860.0,3783.0,1,3782.0,13
rb1805,20170914,20170913,210353500,3783.0,11798,341122,445779520.0,3784.0,60,3783.0,2
rb1805,20170914,20170913,210354000,3783.0,11806,341126,446082160.0,3784.0,60,3782.0,13
rb1805,20170914,20170913,210354500,3783.0,11806,341126,446082160.0,3784.0,60,3782.0,10
rb1805,20170914,20170913,210355000,3783.0,11808,341126,446157820.0,3783.0,10,3782.0,10
rb1805,20170914,20170913,210355500,3783.0,11808,341126,446157820.0,3783.0,10,3782.0,10
rb1805,20170914,20170913,210356000,3783.0,11808,341126,446157820.0,3783.0,16,3782.0,10
rb1805,20170914,20170913,210356500,3783.0,11830,341106,446990080.0,3783.0,5,3782.0,10
rb1805,20170914,20170913,210357000,3784.0,11842,341104,447444060.0,3784.0,60,3783.0,9
rb1805,20170914,20170913,210357500,3784.0,11854,341096,447898140.0,3784.0,55,3783.0,15
rb1805,20170914,20170913,210358000,3784.0,11862,341098,448200860.0,3784.0,51,3783.0,15
rb1805,20170914,20170913,210358500,3783.0,11868,341100,448427880.0,3784.0,55,3783.0,14
rb1805,20170914,20170913,210359000,3784.0,11880,341090,448881960.0,3784.0,49,3783.0,16
rb1805,20170914,20170913,210359500,3784.0,11900,341082,449638760.0,3784.0,39,3783.0,19
rb1805,20170914,20170913,210400000,3784.0,11910,341080,450017120.0,3784.0,37,3783.0,27
rb1805,20170914,20170913,210400500,3784.0,11914,341080,450168480.0,3784.0,35,3783.0,27
rb1805,20170914,20170913,210401000,3784.0,11938,341072,451076600.0,3784.0,25,3783.0,26
rb1805,20170914,20170913,210401500,3784.0,11994,341060,453195660.0,3785.0,104,3784.0,132
rb1805,20170914,20170913,210402000,3785.0,12020,341048,454179720.0,3785.0,93,3784.0,86
rb1805,20170914,20170913,210402500,3785.0,12084,341014,456602080.0,3785.0,63,3784.0,70
rb1805,20170914,20170913,210403000,3785.0,12118,340988,457888960.0,3785.0,47,3784.0,69
rb1805,20170914,20170913,210403500,3785.0,12132,340980,458418820.0,3785.0,42,3784.0,68
rb1805,20170914,20170913,210404000,3785.0,12136,340976,458570220.0,3785.0,40,3784.0,88
rb1805,20170914,20170913,210404500,3785.0,12156,340972,459327180.0,3785.0,32,3784.0,96
rb1805,20170914,20170913,210405000,3785.0,12160,340970,459478580.0,3785.0,31,3784.0,96
rb1805,20170914,20170913,210405500,3785.0,12180,340958,460235580.0,3785.0,21,3784.0,96
rb1805,20170914,20170913,210406000,3785.0,12224,341000,461900980.0,3786.0,57,3785.0,17
rb1805,20170914,20170913,210406500,3785.0,12230,340998,462128080.0,3786.0,73,3785.0,14
rb1805,20170914,20170913,210407000,3786.0,12318,341004,465459340.0,3786.0,50,3785.0,2
rb1805,20170914,20170913,210407500,3786.0,12388,341030,468109200.0,3786.0,33,3785.0,4
rb1805,20170914,20170913,210408000,3785.0,12426,341010,469547800.0,3786.0,25,3785.0,8
rb1805,20170914,20170913,210408500,3786.0,12430,341008,469699240.0,3786.0,23,3785.0,15
rb1805,20170914,20170913,210409000,3786.0,12462,341000,470910480.0,3786.0,21,3785.0,7
rb1805,20170914,20170913,210409500,3785.0,12490,341000,471970340.0,3786.0,48,3785.0,4
rb1805,20170914,20170913,210410000,3785.0,12502,341000,472424540.0,3785.0,4,3784.0,92
rb1805,20170914,20170913,210410500,3785.0,12574,341064,475149740.0,3786.0,29,3785.0,16
rb1805,20170914,20170913,210411000,3786.0,12612,341072,476588100.0,3786.0,57,3784.0,92
rb1805,20170914,20170913,210411500,3786.0,12616,341074,476739540.0,3785.0,1,3784.0,94
rb1805,20170914,20170913,210412000,3785.0,12618,341074,476815240.0,3786.0,30,3785.0,1
rb1805,20170914,20170913,210412500,3785.0,12624,341080,477042340.0,3785.0,3,3784.0,94
rb1805,20170914,20170913,210413000,3786.0,12636,341080,477496580.0,3786.0,29,3785.0,9
rb1805,20170914,20170913,210413500,3785.0,12644,341080,477799400.0,3786.0,28,3785.0,25
rb1805,20170914,20170913,210414000,3786.0,12700,341032,479919400.0,3786.0,33,3785.0,19
rb1805,20170914,20170913,210414500,3785.0,12722,341010,480752100.0,3786.0,44,3785.0,15
rb1805,20170914,20170913,210415000,3785.0,12732,341018,481130680.0,3786.0,16,3785.0,16
rb1805,20170914,20170913,210415500,3785.0,12832,340960,484916300.0,3786.0,8,3784.0,72
rb1805,20170914,20170913,210416000,3786.0,12838,340964,485143460.0,3786.0,26,3784.0,72
rb1805,20170914,20170913,210416500,3785.0,12840,340964,485219160.0,3786.0,29,3784.0,28
rb1805,20170914,20170913,210417000,3785.0,12842,340962,485294860.0,3786.0,30,3784.0,28
rb1805,20170914,20170913,210417500,3785.0,12848,340968,485521960.0,3785.0,5,3784.0,29
rb1805,20170914,20170913,210418000,3784.0,12910,341002,487868060.0,3785.0,26,3784.0,2
rb1805,20170914,20170913,210418500,3784.0,12952,341000,489457220.0,3784.0,24,3783.0,32
rb1805,20170914,20170913,210419000,3784.0,12954,341000,489532900.0,3784.0,16,3783.0,30
rb1805,20170914,20170913,210419500,3784.0,12956,341000,489608580.0,3784.0,18,3783.0,30
rb1805,20170914,20170913,210420000,3784.0,12962,340998,489835580.0,3784.0,17,3783.0,40
rb1805,20170914,20170913,210420500,3784.0,13002,341002,491349180.0,3785.0,70,3784.0,2
rb1805,20170914,20170913,210421000,3783.0,13044,340992,492938080.0,3784.0,48,3783.0,11
rb1805,20170914,20170913,210421500,3784.0,13054,340996,493316460.0,3784.0,16,3783.0,13
rb1805,20170914,20170913,210422000,3783.0,13096,340972,494905340.0,3783.0,81,3782.0,34
rb1805,20170914,20170913,210422500,3783.0,13172,340896,497780420.0,3783.0,43,3782.0,57
rb1805,20170914,20170913,210423000,3783.0,13192,340892,498537020.0,3783.0,33,3782.0,59
rb1805,20170914,20170913,210423500,3782.0,13222,340902,499671640.0,3783.0,32,3782.0,50
rb1805,20170914,20170913,210424000,3782.0,13222,340902,499671640.0,3783.0,33,3782.0,51
rb1805,20170914,20170913,210424500,3782.0,13228,340902,499898580.0,3783.0,37,3782.0,49
rb1805,20170914,20170913,210425000,3782.0,13262,340902,501184780.0,3783.0,22,3782.0,48
rb1805,20170914,20170913,210425500,3782.0,13262,340902,501184780.0,3783.0,23,3782.0,48
rb1805,20170914,20170913,210426000,3783.0,13266,340900,501336080.0,3783.0,42,3782.0,47
rb1805,20170914,20170913,210426500,3783.0,13270,340898,501487380.0,3783.0,41,3782.0,46
rb1805,20170914,20170913,210427000,3783.0,13270,340898,501487380.0,3783.0,41,3782.0,47
rb1805,20170914,20170913,210427500,3783.0,13270,340898,501487380.0,3783.0,41,3782.0,47
rb1805,20170914,20170913,210428000,3782.0,13272,340898,501563020.0,3783.0,41,3782.0,47
rb1805,20170914,20170913,210428500,3782.0,13274,340896,501638660.0,3783.0,41,3782.0,55
rb1805,20170914,20170913,210429000,3782.0,13278,340894,501789960.0,3783.0,40,3782.0,46
rb1805,20170914,20170913,210429500,3782.0,13280,340892,501865600.0,3783.0,40,3782.0,45
rb1805,20170914,20170913,210430000,3782.0,13282,340892,501941240.0,3783.0,40,3782.0,48
rb1805,20170914,20170913,210430500,3782.0,13282,340892,501941240.0,3783.0,40,3782.0,53
rb1805,20170914,20170913,210431000,3782.0,13284,340892,502016880.0,3783.0,40,3782.0,52
rb1805,20170914,20170913,210431500,3783.0,13286,340892,502092540.0,3783.0,40,3782.0,52
rb1805,20170914,20170913,210432000,3783.0,13300,340890,502622040.0,3783.0,40,3782.0,47
rb1805,20170914,20170913,210432500,3783.0,13304,340888,502773360.0,3783.0,38,3782.0,47
rb1805,20170914,20170913,210433000,3783.0,13304,340888,502773360.0,3783.0,38,3782.0,47
rb1805,20170914,20170913,210433500,3783.0,13304,340888,502773360.0,3783.0,38,3782.0,57
rb1805,20170914,20170913,210434000,3783.0,13304,340888,502773360.0,3783.0,38,3782.0,57
rb1805,20170914,20170913,210434500,3783.0,13306,340888,502849020.0,3783.0,37,3782.0,47
rb1805,20170914,20170913,210435000,3782.0,13390,340840,506026640.0,3784.0,15,3782.0,51
rb1805,20170914,20170913,210435500,3782.0,13394,340836,506177920.0,3784.0,15,3783.0,2
rb1805,20170914,20170913,210436000,3782.0,13406,340840,506631760.0,3784.0,15,3782.0,50
rb1805,20170914,20170913,210436500,3782.0,13416,340840,507009960.0,3784.0,15,3783.0,3
rb1805,20170914,20170913,210437000,3783.0,13420,340838,507161260.0,3784.0,15,3783.0,1
rb1805,20170914,20170913,210437500,3783.0,13422,340836,507236920.0,3783.0,1,3782.0,46
rb1805,20170914,20170913,210438000,3782.0,13424,340834,507312560.0,3783.0,2,3782.0,45
rb1805,20170914,20170913,210438500,3782.0,13424,340834,507312560.0,3783.0,2,3782.0,37
rb1805,20170914,20170913,210439000,3782.0,13424,340834,507312560.0,3783.0,6,3782.0,37
rb1805,20170914,20170913,210439500,3783.0,13426,340834,507388220.0,3783.0,16,3782.0,37
rb1805,20170914,20170913,210440000,3782.0,13504,340814,510338180.0,3782.0,92,3781.0,73
rb1805,20170914,20170913,210440500,3781.0,13570,340812,512833680.0,3782.0,70,3781.0,32
rb1805,20170914,20170913,210441000,3782.0,13636,340798,515329160.0,3782.0,71,3780.0,90
rb1805,20170914,20170913,210441500,3780.0,13640,340794,515480360.0,3781.0,4,3780.0,87
rb1805,20170914,20170913,210442000,3781.0,13642,340796,515555980.0,3781.0,6,3780.0,87
rb1805,20170914,20170913,210442500,3781.0,13642,340796,515555980.0,3781.0,10,3780.0,87
rb1805,20170914,20170913,210443000,3780.0,13644,340794,515631580.0,3781.0,10,3780.0,86
rb1805,20170914,20170913,210443500,3780.0,13646,340794,515707180.0,3781.0,10,3780.0,92
rb1805,20170914,20170913,210444000,3780.0,13648,340794,515782780.0,3781.0,10,3780.0,91
rb1805,20170914,20170913,210444500,3781.0,13650,340796,515858400.0,3781.0,7,3780.0,91
rb1805,20170914,20170913,210445000,3780.0,13652,340798,515934000.0,3781.0,7,3780.0,90
rb1805,20170914,20170913,210445500,3781.0,13686,340818,517219220.0,3781.0,6,3780.0,74
rb1805,20170914,20170913,210446000,3781.0,13686,340818,517219220.0,3781.0,10,3780.0,76
rb1805,20170914,20170913,210446500,3781.0,13746,340804,519487660.0,3782.0,39,3780.0,68
rb1805,20170914,20170913,210447000,3780.0,13750,340806,519638880.0,3781.0,6,3780.0,68
rb1805,20170914,20170913,210447500,3780.0,13832,340788,522738480.0,3781.0,6,3780.0,27
rb1805,20170914,20170913,210448000,3781.0,13838,340786,522965300.0,3781.0,5,3780.0,25
rb1805,20170914,20170913,210448500,3780.0,13902,340776,525384500.0,3780.0,18,3779.0,53
rb1805,20170914,20170913,210449000,3780.0,13920,340794,526064900.0,3780.0,9,3779.0,58
rb1805,20170914,20170913,210449500,3779.0,13942,340810,526896500.0,3780.0,7,3779.0,57
rb1805,20170914,20170913,210450000,3780.0,13966,340830,527803680.0,3780.0,1,3779.0,56
rb1805,20170914,20170913,210450500,3781.0,13974,340832,528106120.0,3781.0,20,3779.0,66
rb1805,20170914,20170913,210451000,3781.0,13974,340832,528106120.0,3781.0,24,3779.0,66
rb1805,20170914,20170913,210451500,3780.0,13984,340834,528484060.0,3781.0,26,3779.0,64
rb1805,20170914,20170913,210452000,3780.0,13984,340834,528484060.0,3781.0,28,3779.0,64
rb1805,20170914,20170913,210452500,3779.0,13988,340836,528635220.0,3781.0,21,3780.0,2
rb1805,20170914,20170913,210453000,3780.0,13992,340834,528786420.0,3781.0,23,3780.0,2
rb1805,20170914,20170913,210453500,3780.0,13996,340832,528937620.0,3781.0,21,3780.0,6
rb1805,20170914,20170913,210454000,3780.0,14012,340830,529542420.0,3781.0,30,3780.0,19
rb1805,20170914,20170913,210454500,3780.0,14020,340822,529844820.0,3781.0,26,3780.0,15
rb1805,20170914,20170913,210455000,3780.0,14050,340810,530978820.0,3780.0,39,3779.0,74
rb1805,20170914,20170913,210455500,3780.0,14144,340858,534532020.0,3780.0,2,3779.0,74
rb1805,20170914,20170913,210456000,3780.0,14150,340864,534758820.0,3781.0,27,3780.0,85
rb1805,20170914,20170913,210456500,3781.0,14208,340864,536951800.0,3782.0,24,3781.0,32
rb1805,20170914,20170913,210457000,3781.0,14218,340872,537329900.0,3782.0,9,3781.0,62
rb1805,20170914,20170913,210457500,3781.0,14344,340882,542093960.0,3781.0,23,3780.0,85
rb1805,20170914,20170913,210458000,3780.0,14346,340882,542169560.0,3781.0,23,3780.0,60
rb1805,20170914,20170913,210458500,3780.0,14346,340882,542169560.0,3781.0,24,3780.0,61
rb1805,20170914,20170913,210459000,3780.0,14348,340882,542245160.0,3781.0,28,3780.0,61
rb1805,20170914,20170913,210459500,3781.0,14356,340880,542547640.0,3781.0,15,3780.0,63
rb1805,20170914,20170913,210500000,3780.0,14362,340880,542774460.0,3781.0,18,3780.0,66
rb1805,20170914,20170913,210500500,3780.0,14374,340880,543228060.0,3781.0,18,3780.0,58
rb1805,20170914,20170913,210501000,3781.0,14426,340868,545193700.0,3781.0,29,3780.0,35
rb1805,20170914,20170913,210501500,3781.0,14426,340868,545193700.0,3781.0,28,3780.0,36
rb1805,20170914,20170913,210502000,3780.0,14442,340868,545798620.0,3781.0,15,3780.0,47
rb1805,20170914,20170913,210502500,3780.0,14442,340868,545798620.0,3781.0,44,3780.0,48
rb1805,20170914,20170913,210503000,3781.0,14566,340826,550486420.0,3781.0,22,3780.0,17
rb1805,20170914,20170913,210503500,3781.0,14568,340828,550562040.0,3781.0,17,3780.0,20
rb1805,20170914,20170913,210504000,3779.0,14610,340862,552149620.0,3781.0,17,3779.0,83
rb1805,20170914,20170913,210504500,3780.0,14642,340870,553359420.0,3780.0,3,3779.0,83
rb1805,20170914,20170913,210505000,3780.0,14652,340872,553737420.0,3781.0,8,3780.0,10
rb1805,20170914,20170913,210505500,3781.0,14670,340882,554417980.0,3782.0,57,3781.0,42
rb1805,20170914,20170913,210506000,3781.0,14732,340884,556762220.0,3782.0,62,3781.0,12
rb1805,20170914,20170913,210506500,3781.0,14740,340892,557064700.0,3782.0,46,3781.0,8
rb1805,20170914,20170913,210507000,3781.0,14748,340898,557367240.0,3782.0,43,3781.0,7
rb1805,20170914,20170913,210507500,3781.0,14748,340898,557367240.0,3782.0,63,3781.0,7
rb1805,20170914,20170913,210508000,3782.0,14750,340900,557442880.0,3782.0,62,3781.0,12
rb1805,20170914,20170913,210508500,3782.0,14750,340900,557442880.0,3782.0,62,3781.0,12
rb1805,20170914,20170913,210509000,3781.0,14756,340906,557669740.0,3782.0,63,3781.0,5
rb1805,20170914,20170913,210509500,3781.0,14756,340906,557669740.0,3782.0,64,3781.0,7
rb1805,20170914,20170913,210510000,3781.0,14760,340910,557820980.0,3782.0,64,3781.0,6
rb1805,20170914,20170913,210510500,3781.0,14762,340910,557896600.0,3782.0,64,3781.0,5
rb1805,20170914,20170913,210511000,3781.0,14766,340910,558047840.0,3782.0,91,3781.0,10
rb1805,20170914,20170913,210511500,3781.0,14766,340910,558047840.0,3782.0,91,3781.0,3
rb1805,20170914,20170913,210512000,3781.0,14766,340910,558047840.0,3782.0,91,3781.0,4
rb1805,20170914,20170913,210513000,3781.0,14766,340910,558047840.0,3782.0,91,3781.0,4
rb1805,20170914,20170913,210513500,3782.0,14798,340908,559258080.0,3782.0,76,3781.0,14
rb1805,20170914,20170913,210514000,3781.0,14804,340910,559484940.0,3782.0,76,3781.0,11
rb1805,20170914,20170913,210514500,3782.0,14808,340914,559636220.0,3782.0,75,3781.0,13
rb1805,20170914,20170913,210515000,3782.0,14808,340914,559636220.0,3782.0,75,3781.0,13
rb1805,20170914,20170913,210515500,3782.0,14808,340914,559636220.0,3782.0,75,3781.0,25
rb1805,20170914,20170913,210516000,3781.0,14838,340940,560770560.0,3782.0,73,3781.0,12
rb1805,20170914,20170913,210516500,3781.0,14838,340940,560770560.0,3782.0,73,3781.0,5
rb1805,20170914,20170913,210517000,3782.0,14848,340946,561148760.0,3782.0,69,3781.0,13
rb1805,20170914,20170913,210517500,3781.0,14858,340950,561526940.0,3782.0,65,3781.0,22
rb1805,20170914,20170913,210518000,3781.0,14868,340952,561905080.0,3782.0,63,3781.0,20
rb1805,20170914,20170913,210518500,3782.0,15006,341044,567124320.0,3783.0,41,3782.0,73
rb1805,20170914,20170913,210519000,3781.0,15058,341058,569091360.0,3783.0,10,3782.0,1
rb1805,20170914,20170913,210519500,3781.0,15058,341058,569091360.0,3783.0,10,3782.0,1
rb1805,20170914,20170913,210520000,3782.0,15062,341056,569242640.0,3782.0,5,3781.0,19
rb1805,20170914,20170913,210520500,3781.0,15100,341032,570679420.0,3781.0,9,3780.0,29
rb1805,20170914,20170913,210521000,3781.0,15118,341022,571360000.0,3782.0,25,3781.0,15
rb1805,20170914,20170913,210521500,3781.0,15150,340992,572569920.0,3781.0,16,3780.0,29
rb1805,20170914,20170913,210522000,3781.0,15150,340992,572569920.0,3781.0,16,3780.0,29
rb1805,20170914,20170913,210522500,3781.0,15154,340988,572721160.0,3781.0,14,3780.0,29
rb1805,20170914,20170913,210523000,3782.0,15190,340954,574082380.0,3782.0,32,3780.0,35
rb1805,20170914,20170913,210523500,3781.0,15194,340958,574233620.0,3781.0,2,3780.0,55
rb1805,20170914,20170913,210524000,3782.0,15200,340954,574460500.0,3782.0,30,3781.0,4
rb1805,20170914,20170913,210524500,3782.0,15200,340954,574460500.0,3782.0,30,3781.0,4
rb1805,20170914,20170913,210525000,3782.0,15200,340954,574460500.0,3782.0,28,3781.0,7
rb1805,20170914,20170913,210525500,3782.0,15200,340954,574460500.0,3782.0,28,3781.0,7
rb1805,20170914,20170913,210526000,3782.0,15200,340954,574460500.0,3782.0,18,3781.0,7
rb1805,20170914,20170913,210526500,3782.0,15200,340954,574460500.0,3782.0,18,3781.0,8
rb1805,20170914,20170913,210527000,3782.0,15200,340954,574460500.0,3782.0,20,3781.0,10
rb1805,20170914,20170913,210527500,3782.0,15200,340954,574460500.0,3782.0,60,3781.0,12
rb1805,20170914,20170913,210528000,3781.0,15226,340970,575443560.0,3781.0,82,3780.0,85
rb1805,20170914,20170913,210528500,3781.0,15228,340970,575519180.0,3781.0,51,3780.0,85
rb1805,20170914,20170913,210529000,3781.0,15228,340970,575519180.0,3781.0,56,3780.0,85
rb1805,20170914,20170913,210529500,3781.0,15288,340970,577787780.0,3781.0,26,3780.0,85
rb1805,20170914,20170913,210530000,3781.0,15290,340970,577863400.0,3781.0,27,3780.0,93
rb1805,20170914,20170913,210530500,3781.0,15292,340970,577939020.0,3781.0,31,3780.0,87
rb1805,20170914,20170913,210531000,3781.0,15354,340984,580283240.0,3782.0,89,3781.0,19
rb1805,20170914,20170913,210531500,3781.0,15354,340984,580283240.0,3782.0,79,3781.0,19
rb1805,20170914,20170913,210532000,3781.0,15354,340984,580283240.0,3782.0,74,3781.0,21
rb1805,20170914,20170913,210532500,3781.0,15354,340984,580283240.0,3782.0,75,3781.0,22
rb1805,20170914,20170913,210533000,3781.0,15354,340984,580283240.0,3782.0,75,3781.0,22
rb1805,20170914,20170913,210534000,3781.0,15354,340984,580283240.0,3782.0,75,3781.0,33
rb1805,20170914,20170913,210535000,3781.0,15354,340984,580283240.0,3782.0,75,3781.0,43
rb1805,20170914,20170913,210535500,3781.0,15356,340986,580358860.0,3782.0,75,3781.0,44
rb1805,20170914,20170913,210536500,3781.0,15358,340986,580434480.0,3782.0,77,3781.0,43
rb1805,20170914,20170913,210537000,3781.0,15358,340986,580434480.0,3782.0,77,3781.0,43
rb1805,20170914,20170913,210537500,3781.0,15358,340986,580434480.0,3782.0,77,3781.0,43
rb1805,20170914,20170913,210538000,3781.0,15358,340986,580434480.0,3782.0,77,3781.0,43
rb1805,20170914,20170913,210538500,3781.0,15398,341024,581946880.0,3782.0,77,3781.0,23
rb1805,20170914,20170913,210539000,3781.0,15398,341024,581946880.0,3782.0,77,3781.0,24
rb1805,20170914,20170913,210539500,3781.0,15398,341024,581946880.0,3782.0,77,3781.0,24
rb1805,20170914,20170913,210540000,3781.0,15398,341024,581946880.0,3782.0,77,3781.0,28
rb1805,20170914,20170913,210540500,3781.0,15398,341024,581946880.0,3782.0,77,3781.0,28
rb1805,20170914,20170913,210541000,3781.0,15398,341024,581946880.0,3782.0,77,3781.0,28
rb1805,20170914,20170913,210541500,3782.0,15402,341026,582098140.0,3782.0,76,3781.0,27
rb1805,20170914,20170913,210542000,3781.0,15404,341028,582173760.0,3782.0,76,3781.0,26
rb1805,20170914,20170913,210542500,3781.0,15408,341032,582325000.0,3782.0,76,3781.0,25
rb1805,20170914,20170913,210543000,3781.0,15470,341090,584669440.0,3782.0,65,3781.0,10
rb1805,20170914,20170913,210543500,3782.0,15496,341104,585652760.0,3782.0,53,3781.0,17
rb1805,20170914,20170913,210544000,3782.0,15604,341144,589737320.0,3783.0,26,3782.0,73
rb1805,20170914,20170913,210544500,3783.0,15636,341154,590947880.0,3784.0,15,3783.0,28
rb1805,20170914,20170913,210545000,3784.0,15658,341138,591780360.0,3784.0,5,3783.0,44
rb1805,20170914,20170913,210545500,3784.0,15684,341154,592764240.0,3785.0,49,3784.0,18
rb1805,20170914,20170913,210546000,3784.0,15684,341154,592764240.0,3785.0,41,3784.0,14
rb1805,20170914,20170913,210546500,3784.0,15684,341154,592764240.0,3785.0,42,3784.0,22
rb1805,20170914,20170913,210547000,3785.0,15688,341152,592915640.0,3785.0,40,3784.0,22
rb1805,20170914,20170913,210547500,3785.0,15694,341152,593142740.0,3785.0,39,3784.0,22
rb1805,20170914,20170913,210548000,3784.0,15702,341152,593445500.0,3785.0,42,3784.0,21
rb1805,20170914,20170913,210548500,3785.0,15718,341166,594051100.0,3785.0,34,3784.0,21
rb1805,20170914,20170913,210549000,3785.0,15720,341168,594126800.0,3785.0,35,3784.0,21
rb1805,20170914,20170913,210549500,3784.0,15728,341164,594429540.0,3785.0,39,3784.0,18
rb1805,20170914,20170913,210550000,3784.0,15734,341166,594656600.0,3785.0,40,3784.0,16
rb1805,20170914,20170913,210550500,3784.0,15734,341166,594656600.0,3785.0,40,3784.0,18
rb1805,20170914,20170913,210551000,3785.0,15736,341168,594732300.0,3785.0,39,3784.0,19
rb1805,20170914,20170913,210551500,3785.0,15736,341168,594732300.0,3785.0,44,3784.0,19
rb1805,20170914,20170913,210552000,3784.0,15740,341166,594883660.0,3785.0,44,3784.0,17
rb1805,20170914,20170913,210552500,3785.0,15744,341166,595035040.0,3785.0,44,3784.0,16
rb1805,20170914,20170913,210553000,3785.0,15744,341166,595035040.0,3785.0,44,3784.0,16
rb1805,20170914,20170913,210553500,3785.0,15744,341166,595035040.0,3785.0,43,3784.0,17
rb1805,20170914,20170913,210554000,3785.0,15744,341166,595035040.0,3785.0,43,3784.0,17
rb1805,20170914,20170913,210554500,3785.0,15750,341162,595262120.0,3785.0,41,3784.0,16
rb1805,20170914,20170913,210555000,3785.0,15758,341162,595564920.0,3785.0,37,3784.0,18
rb1805,20170914,20170913,210555500,3785.0,15798,341144,597078600.0,3785.0,35,3784.0,4
rb1805,20170914,20170913,210556000,3785.0,15804,341142,597305700.0,3785.0,42,3784.0,4
rb1805,20170914,20170913,210556500,3784.0,15806,341142,597381380.0,3785.0,42,3784.0,3
rb1805,20170914,20170913,210557000,3784.0,15830,341138,598289540.0,3784.0,18,3783.0,4
rb1805,20170914,20170913,210557500,3784.0,15860,341112,599424780.0,3785.0,41,3784.0,16
rb1805,20170914,20170913,210558000,3785.0,15862,341114,599500480.0,3785.0,42,3783.0,5
rb1805,20170914,20170913,210558500,3784.0,15884,341134,600332960.0,3785.0,42,3784.0,5
rb1805,20170914,20170913,210559000,3784.0,15884,341134,600332960.0,3785.0,42,3784.0,5
rb1805,20170914,20170913,210559500,3784.0,15886,341134,600408640.0,3785.0,43,3784.0,4
rb1805,20170914,20170913,210600000,3783.0,15914,341120,601467960.0,3784.0,37,3783.0,21
rb1805,20170914,20170913,210600500,3783.0,15980,341092,603965340.0,3784.0,2,3783.0,18
rb1805,20170914,20170913,210601000,3784.0,15986,341088,604192380.0,3785.0,49,3784.0,36
rb1805,20170914,20170913,210601500,3785.0,16084,341030,607901680.0,3786.0,77,3785.0,11
rb1805,20170914,20170913,210602000,3785.0,16084,341030,607901680.0,3786.0,67,3784.0,20
rb1805,20170914,20170913,210602500,3785.0,16088,341034,608053100.0,3786.0,66,3785.0,4
rb1805,20170914,20170913,210603000,3786.0,16090,341034,608128820.0,3786.0,65,3785.0,8
rb1805,20170914,20170913,210603500,3786.0,16098,341038,608431680.0,3786.0,63,3785.0,41
rb1805,20170914,20170913,210604000,3786.0,16100,341038,608507400.0,3786.0,62,3785.0,41
rb1805,20170914,20170913,210604500,3786.0,16104,341038,608658820.0,3786.0,61,3785.0,44
rb1805,20170914,20170913,210605000,3786.0,16104,341038,608658820.0,3786.0,76,3785.0,44
rb1805,20170914,20170913,210605500,3785.0,16108,341038,608810240.0,3786.0,75,3785.0,43
rb1805,20170914,20170913,210606000,3786.0,16118,341038,609188760.0,3786.0,75,3785.0,39
rb1805,20170914,20170913,210606500,3785.0,16214,340958,612822360.0,3785.0,1,3784.0,31
rb1805,20170914,20170913,210607000,3785.0,16218,340956,612973760.0,3786.0,69,3785.0,7
rb1805,20170914,20170913,210607500,3786.0,16230,340958,613428080.0,3786.0,64,3785.0,4
rb1805,20170914,20170913,210608000,3786.0,16338,340910,617516960.0,3786.0,10,3785.0,6
rb1805,20170914,20170913,210608500,3785.0,16360,340900,618349860.0,3787.0,86,3785.0,14
rb1805,20170914,20170913,210609000,3787.0,16410,340866,620243360.0,3787.0,62,3785.0,17
rb1805,20170914,20170913,210609500,3787.0,16442,340858,621454940.0,3787.0,58,3786.0,2
rb1805,20170914,20170913,210610000,3786.0,16446,340860,621606380.0,3787.0,60,3786.0,5
rb1805,20170914,20170913,210610500,3787.0,16468,340874,622439500.0,3787.0,51,3786.0,9
rb1805,20170914,20170913,210611000,3787.0,16468,340874,622439500.0,3787.0,51,3786.0,24
rb1805,20170914,20170913,210611500,3786.0,16570,340876,626302220.0,3788.0,35,3786.0,25
rb1805,20170914,20170913,210612000,3788.0,16574,340874,626453700.0,3788.0,35,3787.0,17
rb1805,20170914,20170913,210612500,3788.0,16630,340874,628574600.0,3788.0,38,3787.0,4
rb1805,20170914,20170913,210613000,3787.0,16636,340870,628801840.0,3788.0,33,3787.0,2
rb1805,20170914,20170913,210613500,3787.0,16642,340872,629029060.0,3788.0,34,3787.0,9
rb1805,20170914,20170913,210614000,3787.0,16644,340874,629104800.0,3788.0,35,3787.0,12
rb1805,20170914,20170913,210614500,3788.0,16658,340868,629635080.0,3788.0,30,3787.0,13
rb1805,20170914,20170913,210615000,3788.0,16718,340848,631907880.0,3789.0,72,3788.0,2
rb1805,20170914,20170913,210615500,3788.0,16768,340822,633802280.0,3789.0,63,3788.0,3
rb1805,20170914,20170913,210616000,3788.0,16774,340824,634029560.0,3789.0,66,3787.0,22
rb1805,20170914,20170913,210616500,3787.0,16780,340826,634256780.0,3788.0,1,3787.0,24
rb1805,20170914,20170913,210617000,3789.0,16794,340832,634787120.0,3789.0,59,3788.0,61
rb1805,20170914,20170913,210617500,3788.0,16806,340834,635241760.0,3789.0,66,3788.0,54
rb1805,20170914,20170913,210618000,3789.0,16834,340858,636302640.0,3789.0,75,3788.0,52
rb1805,20170914,20170913,210618500,3788.0,16838,340858,636454160.0,3789.0,75,3788.0,51
rb1805,20170914,20170913,210619000,3789.0,16852,340868,636984580.0,3789.0,70,3788.0,51
rb1805,20170914,20170913,210619500,3789.0,16876,340888,637893720.0,3789.0,71,3788.0,50
rb1805,20170914,20170913,210620000,3788.0,16890,340884,638424140.0,3789.0,67,3788.0,48
rb1805,20170914,20170913,210620500,3788.0,16902,340890,638878760.0,3789.0,67,3788.0,54
rb1805,20170914,20170913,210621000,3788.0,16920,340892,639560600.0,3789.0,71,3788.0,45
rb1805,20170914,20170913,210621500,3788.0,16942,340912,640393960.0,3789.0,76,3788.0,34
rb1805,20170914,20170913,210622000,3787.0,17034,340894,643878680.0,3788.0,17,3787.0,26
rb1805,20170914,20170913,210622500,3788.0,17040,340896,644105960.0,3788.0,13,3787.0,21
rb1805,20170914,20170913,210623000,3788.0,17040,340896,644105960.0,3788.0,16,3787.0,21
rb1805,20170914,20170913,210623500,3788.0,17098,340918,646302660.0,3788.0,11,3787.0,4
rb1805,20170914,20170913,210624000,3787.0,17110,340918,646757100.0,3787.0,6,3786.0,29
rb1805,20170914,20170913,210624500,3787.0,17114,340918,646908560.0,3787.0,17,3786.0,19
rb1805,20170914,20170913,210625000,3787.0,17134,340898,647665960.0,3787.0,7,3786.0,22
rb1805,20170914,20170913,210625500,3786.0,17136,340898,647741680.0,3787.0,7,3786.0,22
rb1805,20170914,20170913,210626000,3787.0,17138,340898,647817420.0,3787.0,6,3786.0,24
rb1805,20170914,20170913,210626500,3787.0,17138,340898,647817420.0,3787.0,11,3786.0,26
rb1805,20170914,20170913,210627000,3787.0,17138,340898,647817420.0,3787.0,11,3786.0,25
rb1805,20170914,20170913,210627500,3786.0,17170,340892,649028940.0,3787.0,23,3786.0,29
rb1805,20170914,20170913,210628000,3786.0,17172,340894,649104660.0,3787.0,21,3786.0,28
rb1805,20170914,20170913,210628500,3786.0,17174,340896,649180380.0,3787.0,16,3786.0,29
rb1805,20170914,20170913,210629000,3786.0,17200,340882,650164780.0,3787.0,16,3786.0,19
rb1805,20170914,20170913,210629500,3786.0,17238,340888,651603460.0,3786.0,34,3785.0,38
rb1805,20170914,20170913,210630000,3785.0,17270,340888,652814960.0,3786.0,2,3785.0,38
rb1805,20170914,20170913,210630500,3786.0,17360,340946,656221480.0,3786.0,40,3785.0,22
rb1805,20170914,20170913,210631000,3785.0,17406,340918,657962580.0,3785.0,38,3784.0,21
rb1805,20170914,20170913,210631500,3785.0,17408,340916,658038280.0,3786.0,39,3785.0,1
rb1805,20170914,20170913,210632000,3785.0,17414,340916,658265360.0,3785.0,12,3784.0,25
rb1805,20170914,20170913,210632500,3785.0,17424,340912,658643860.0,3785.0,2,3784.0,25
rb1805,20170914,20170913,210633000,3785.0,17428,340912,658795260.0,3786.0,39,3785.0,1
rb1805,20170914,20170913,210633500,3785.0,17432,340914,658946660.0,3786.0,32,3784.0,17
rb1805,20170914,20170913,210634000,3786.0,17436,340918,659098100.0,3786.0,27,3784.0,17
rb1805,20170914,20170913,210634500,3786.0,17436,340918,659098100.0,3786.0,16,3784.0,23
rb1805,20170914,20170913,210635000,3786.0,17436,340918,659098100.0,3786.0,16,3784.0,25
rb1805,20170914,20170913,210635500,3786.0,17436,340918,659098100.0,3786.0,13,3785.0,1
rb1805,20170914,20170913,210636000,3786.0,17436,340918,659098100.0,3786.0,24,3785.0,1
rb1805,20170914,20170913,210636500,3786.0,17436,340918,659098100.0,3786.0,13,3785.0,1
rb1805,20170914,20170913,210637000,3786.0,17436,340918,659098100.0,3786.0,13,3785.0,1
rb1805,20170914,20170913,210637500,3785.0,17438,340920,659173800.0,3785.0,2,3784.0,48
rb1805,20170914,20170913,210638000,3785.0,17444,340916,659400900.0,3786.0,13,3785.0,17
rb1805,20170914,20170913,210638500,3785.0,17444,340916,659400900.0,3786.0,14,3785.0,11
rb1805,20170914,20170913,210639000,3785.0,17446,340914,659476600.0,3786.0,16,3785.0,13
rb1805,20170914,20170913,210639500,3785.0,17446,340914,659476600.0,3786.0,16,3785.0,13
rb1805,20170914,20170913,210640000,3786.0,17462,340916,660082360.0,3786.0,8,3785.0,8
rb1805,20170914,20170913,210640500,3785.0,17468,340916,660309460.0,3786.0,8,3785.0,5
rb1805,20170914,20170913,210641000,3785.0,17470,340916,660385160.0,3786.0,12,3785.0,19
rb1805,20170914,20170913,210641500,3785.0,17470,340916,660385160.0,3786.0,9,3785.0,39
rb1805,20170914,20170913,210642000,3786.0,17474,340916,660536600.0,3786.0,8,3785.0,40
rb1805,20170914,20170913,210642500,3786.0,17480,340920,660763760.0,3786.0,6,3785.0,41
rb1805,20170914,20170913,210643000,3785.0,17494,340916,661293660.0,3786.0,6,3785.0,34
rb1805,20170914,20170913,210643500,3785.0,17494,340916,661293660.0,3786.0,23,3785.0,39
rb1805,20170914,20170913,210644000,3785.0,17500,340920,661520760.0,3786.0,23,3785.0,38
rb1805,20170914,20170913,210644500,3785.0,17502,340920,661596460.0,3786.0,16,3785.0,37
rb1805,20170914,20170913,210645000,3785.0,17504,340918,661672160.0,3786.0,16,3785.0,37
rb1805,20170914,20170913,210645500,3786.0,17508,340918,661823600.0,3786.0,14,3785.0,39
rb1805,20170914,20170913,210646000,3786.0,17536,340944,662883680.0,3787.0,46,3786.0,4
rb1805,20170914,20170913,210646500,3786.0,17536,340944,662883680.0,3786.0,2,3785.0,35
rb1805,20170914,20170913,210647000,3786.0,17544,340944,663186560.0,3787.0,30,3786.0,11
rb1805,20170914,20170913,210647500,3786.0,17544,340944,663186560.0,3787.0,28,3786.0,8
rb1805,20170914,20170913,210648000,3786.0,17544,340944,663186560.0,3787.0,29,3786.0,12
rb1805,20170914,20170913,210648500,3786.0,17546,340944,663262280.0,3787.0,29,3786.0,11
rb1805,20170914,20170913,210649000,3786.0,17546,340944,663262280.0,3787.0,27,3786.0,12
rb1805,20170914,20170913,210649500,3786.0,17546,340944,663262280.0,3787.0,27,3786.0,15
rb1805,20170914,20170913,210650000,3786.0,17546,340944,663262280.0,3787.0,28,3786.0,15
rb1805,20170914,20170913,210650500,3786.0,17546,340944,663262280.0,3787.0,29,3786.0,15
rb1805,20170914,20170913,210651000,3786.0,17546,340944,663262280.0,3787.0,29,3786.0,15
rb1805,20170914,20170913,210651500,3786.0,17546,340944,663262280.0,3787.0,29,3786.0,15
rb1805,20170914,20170913,210652000,3786.0,17548,340942,663338000.0,3787.0,29,3786.0,14
rb1805,20170914,20170913,210652500,3787.0,17550,340942,663413740.0,3787.0,28,3786.0,14
rb1805,20170914,20170913,210653500,3787.0,17550,340942,663413740.0,3787.0,29,3786.0,14
rb1805,20170914,20170913,210654000,3787.0,17550,340942,663413740.0,3787.0,31,3786.0,14
rb1805,20170914,20170913,210654500,3787.0,17550,340942,663413740.0,3787.0,31,3786.0,14
rb1805,20170914,20170913,210655000,3787.0,17550,340942,663413740.0,3787.0,31,3786.0,15
rb1805,20170914,20170913,210655500,3787.0,17550,340942,663413740.0,3787.0,32,3786.0,15
rb1805,20170914,20170913,210656000,3787.0,17550,340942,663413740.0,3787.0,32,3786.0,16
rb1805,20170914,20170913,210656500,3787.0,17550,340942,663413740.0,3787.0,32,3786.0,16
rb1805,20170914,20170913,210657000,3786.0,17552,340940,663489460.0,3787.0,32,3786.0,25
rb1805,20170914,20170913,210657500,3786.0,17552,340940,663489460.0,3787.0,32,3786.0,25
rb1805,20170914,20170913,210658500,3787.0,17558,340936,663716640.0,3787.0,31,3786.0,23
rb1805,20170914,20170913,210659000,3787.0,17558,340936,663716640.0,3787.0,31,3786.0,23
rb1805,20170914,20170913,210659500,3787.0,17558,340936,663716640.0,3787.0,31,3786.0,23
rb1805,20170914,20170913,210700000,3787.0,17558,340936,663716640.0,3787.0,31,3786.0,23
rb1805,20170914,20170913,210700500,3787.0,17558,340936,663716640.0,3787.0,32,3786.0,23
rb1805,20170914,20170913,210701000,3787.0,17558,340936,663716640.0,3787.0,37,3786.0,12
rb1805,20170914,20170913,210701500,3787.0,17558,340936,663716640.0,3787.0,37,3786.0,12
rb1805,20170914,20170913,210702000,3787.0,17560,340934,663792380.0,3787.0,36,3786.0,13
rb1805,20170914,20170913,210702500,3785.0,17614,340926,665836540.0,3786.0,10,3785.0,30
rb1805,20170914,20170913,210703000,3785.0,17630,340924,666442240.0,3786.0,12,3785.0,27
rb1805,20170914,20170913,210703500,3785.0,17640,340928,666820740.0,3786.0,27,3785.0,22
rb1805,20170914,20170913,210704000,3784.0,17686,340954,668561820.0,3785.0,2,3784.0,57
rb1805,20170914,20170913,210704500,3784.0,17688,340956,668637500.0,3785.0,9,3784.0,38
rb1805,20170914,20170913,210705000,3784.0,17702,340946,669167260.0,3785.0,21,3784.0,31
rb1805,20170914,20170913,210705500,3787.0,17882,340854,675982220.0,3788.0,47,3787.0,11
rb1805,20170914,20170913,210706000,3784.0,17968,340848,679237340.0,3785.0,2,3784.0,14
rb1805,20170914,20170913,210706500,3785.0,17980,340852,679691540.0,3786.0,6,3785.0,2
rb1805,20170914,20170913,210707000,3785.0,17980,340852,679691540.0,3786.0,7,3784.0,7
rb1805,20170914,20170913,210707500,3786.0,17982,340850,679767260.0,3786.0,7,3785.0,2
rb1805,20170914,20170913,210708000,3786.0,17982,340850,679767260.0,3786.0,5,3785.0,24
rb1805,20170914,20170913,210708500,3785.0,18026,340870,681432660.0,3785.0,13,3784.0,27
rb1805,20170914,20170913,210709000,3785.0,18080,340880,683476560.0,3786.0,24,3785.0,5
rb1805,20170914,20170913,210709500,3785.0,18084,340880,683627980.0,3786.0,5,3785.0,22
rb1805,20170914,20170913,210710000,3786.0,18086,340880,683703700.0,3786.0,4,3785.0,30
rb1805,20170914,20170913,210710500,3787.0,18194,340814,687793580.0,3788.0,55,3787.0,45
rb1805,20170914,20170913,210711000,3787.0,18284,340814,691201880.0,3786.0,3,3785.0,66
rb1805,20170914,20170913,210711500,3787.0,18284,340814,691201880.0,3786.0,5,3785.0,62
rb1805,20170914,20170913,210712000,3786.0,18290,340818,691429040.0,3786.0,8,3785.0,67
rb1805,20170914,20170913,210712500,3786.0,18292,340820,691504760.0,3786.0,9,3785.0,60
rb1805,20170914,20170913,210713000,3786.0,18310,340808,692186240.0,3787.0,56,3786.0,36
rb1805,20170914,20170913,210713500,3786.0,18312,340806,692261960.0,3787.0,5,3786.0,51
rb1805,20170914,20170913,210714000,3786.0,18312,340806,692261960.0,3787.0,5,3786.0,38
rb1805,20170914,20170913,210714500,3787.0,18320,340802,692564920.0,3788.0,50,3787.0,91
rb1805,20170914,20170913,210715000,3787.0,18502,340630,699457260.0,3787.0,2,3786.0,44
rb1805,20170914,20170913,210715500,3786.0,18504,340628,699532980.0,3787.0,3,3786.0,43
rb1805,20170914,20170913,210716000,3787.0,18510,340626,699760180.0,3787.0,3,3786.0,42
rb1805,20170914,20170913,210716500,3786.0,18518,340622,700063120.0,3788.0,54,3786.0,41
rb1805,20170914,20170913,210717000,3786.0,18518,340622,700063120.0,3788.0,55,3786.0,41
rb1805,20170914,20170913,210717500,3786.0,18520,340622,700138840.0,3787.0,2,3786.0,50
rb1805,20170914,20170913,210718000,3787.0,18524,340620,700290320.0,3788.0,53,3787.0,97
rb1805,20170914,20170913,210718500,3787.0,18526,340620,700366060.0,3788.0,48,3787.0,94
rb1805,20170914,20170913,210719000,3788.0,18530,340620,700517560.0,3788.0,46,3787.0,98
rb1805,20170914,20170913,210719500,3787.0,18540,340610,700896260.0,3788.0,81,3787.0,93
rb1805,20170914,20170913,210720000,3787.0,18600,340552,703168460.0,3788.0,81,3787.0,63
rb1805,20170914,20170913,210720500,3787.0,18674,340552,705970840.0,3788.0,79,3787.0,26
rb1805,20170914,20170913,210721000,3787.0,18690,340536,706576760.0,3788.0,81,3787.0,19
rb1805,20170914,20170913,210721500,3787.0,18720,340506,707712860.0,3788.0,82,3787.0,4
rb1805,20170914,20170913,210722000,3787.0,18728,340500,708015820.0,3787.0,1,3786.0,45
rb1805,20170914,20170913,210722500,3787.0,18736,340498,708318780.0,3788.0,88,3787.0,1
rb1805,20170914,20170913,210723000,3786.0,18780,340456,709984640.0,3787.0,53,3786.0,3
rb1805,20170914,20170913,210723500,3787.0,18782,340456,710060380.0,3787.0,5,3786.0,12
rb1805,20170914,20170913,210724000,3787.0,18782,340456,710060380.0,3787.0,14,3786.0,7
rb1805,20170914,20170913,210724500,3786.0,18784,340456,710136100.0,3787.0,15,3786.0,9
rb1805,20170914,20170913,210725000,3787.0,18844,340432,712408300.0,3787.0,1,3786.0,9
rb1805,20170914,20170913,210725500,3787.0,18846,340432,712484040.0,3788.0,69,3787.0,94
rb1805,20170914,20170913,210726000,3787.0,18850,340430,712635520.0,3788.0,70,3787.0,97
rb1805,20170914,20170913,210726500,3787.0,18866,340414,713241440.0,3788.0,70,3787.0,90
rb1805,20170914,20170913,210727000,3787.0,18866,340414,713241440.0,3788.0,70,3787.0,90
rb1805,20170914,20170913,210727500,3787.0,18872,340410,713468660.0,3788.0,72,3787.0,88
rb1805,20170914,20170913,210728000,3787.0,18878,340410,713695880.0,3788.0,72,3787.0,85
rb1805,20170914,20170913,210728500,3787.0,18878,340410,713695880.0,3788.0,78,3787.0,85
rb1805,20170914,20170913,210729000,3787.0,18880,340410,713771620.0,3788.0,85,3787.0,85
rb1805,20170914,20170913,210729500,3787.0,18882,340410,713847360.0,3788.0,87,3787.0,83
rb1805,20170914,20170913,210730000,3787.0,18886,340410,713998840.0,3788.0,87,3787.0,82
rb1805,20170914,20170913,210730500,3788.0,18888,340410,714074600.0,3788.0,85,3787.0,82
rb1805,20170914,20170913,210731000,3788.0,18888,340410,714074600.0,3788.0,85,3787.0,82
rb1805,20170914,20170913,210731500,3787.0,18890,340410,714150340.0,3788.0,86,3787.0,81
rb1805,20170914,20170913,210732000,3787.0,18896,340410,714377560.0,3788.0,101,3787.0,83
rb1805,20170914,20170913,210732500,3787.0,18898,340410,714453300.0,3788.0,103,3787.0,82
rb1805,20170914,20170913,210733000,3788.0,18906,340404,714756300.0,3788.0,103,3787.0,80
rb1805,20170914,20170913,210733500,3788.0,18906,340404,714756300.0,3788.0,105,3787.0,81
rb1805,20170914,20170913,210734000,3788.0,18906,340404,714756300.0,3788.0,105,3787.0,82
rb1805,20170914,20170913,210734500,3787.0,18914,340402,715059280.0,3788.0,104,3787.0,79
rb1805,20170914,20170913,210735000,3787.0,18918,340400,715210780.0,3788.0,108,3787.0,78
rb1805,20170914,20170913,210735500,3787.0,18918,340400,715210780.0,3788.0,108,3787.0,79
rb1805,20170914,20170913,210736000,3787.0,18922,340398,715362260.0,3788.0,111,3787.0,77
rb1805,20170914,20170913,210736500,3787.0,18932,340392,715740960.0,3788.0,109,3787.0,73
rb1805,20170914,20170913,210737000,3787.0,18932,340392,715740960.0,3788.0,110,3787.0,73
rb1805,20170914,20170913,210737500,3787.0,18932,340392,715740960.0,3788.0,110,3787.0,73
rb1805,20170914,20170913,210738000,3788.0,18934,340392,715816720.0,3788.0,109,3787.0,73
rb1805,20170914,20170913,210738500,3787.0,18938,340390,715968200.0,3788.0,109,3787.0,71
rb1805,20170914,20170913,210739000,3787.0,18940,340388,716043940.0,3788.0,118,3787.0,72
rb1805,20170914,20170913,210739500,3787.0,18966,340382,717028560.0,3788.0,118,3787.0,59
rb1805,20170914,20170913,210740000,3787.0,18976,340382,717407280.0,3788.0,118,3787.0,55
rb1805,20170914,20170913,210740500,3787.0,19016,340370,718922080.0,3788.0,119,3787.0,39
rb1805,20170914,20170913,210741000,3786.0,19114,340334,722633140.0,3787.0,121,3786.0,8
rb1805,20170914,20170913,210741500,3786.0,19114,340334,722633140.0,3787.0,173,3785.0,55
rb1805,20170914,20170913,210742000,3786.0,19114,340334,722633140.0,3787.0,144,3785.0,44
rb1805,20170914,20170913,210742500,3786.0,19116,340332,722708860.0,3787.0,147,3786.0,80
rb1805,20170914,20170913,210743000,3786.0,19120,340332,722860320.0,3787.0,146,3786.0,79
rb1805,20170914,20170913,210743500,3786.0,19130,340322,723238920.0,3787.0,131,3786.0,74
rb1805,20170914,20170913,210744000,3786.0,19130,340322,723238920.0,3787.0,129,3786.0,84
rb1805,20170914,20170913,210744500,3786.0,19130,340322,723238920.0,3787.0,129,3786.0,85
rb1805,20170914,20170913,210745000,3787.0,19152,340302,724072060.0,3787.0,119,3786.0,85
rb1805,20170914,20170913,210745500,3787.0,19390,340184,733085120.0,3788.0,132,3787.0,44
rb1805,20170914,20170913,210746000,3787.0,19392,340184,733160860.0,3788.0,122,3787.0,43
rb1805,20170914,20170913,210746500,3787.0,19404,340172,733615300.0,3788.0,132,3787.0,37
rb1805,20170914,20170913,210747500,3787.0,19404,340172,733615300.0,3788.0,132,3787.0,37
rb1805,20170914,20170913,210748000,3787.0,19404,340172,733615300.0,3788.0,133,3787.0,37
rb1805,20170914,20170913,210748500,3787.0,19410,340170,733842520.0,3788.0,133,3787.0,34
rb1805,20170914,20170913,210749000,3787.0,19412,340170,733918260.0,3788.0,133,3787.0,33
rb1805,20170914,20170913,210749500,3787.0,19418,340166,734145480.0,3788.0,133,3787.0,30
rb1805,20170914,20170913,210750000,3787.0,19420,340166,734221220.0,3788.0,133,3787.0,29
rb1805,20170914,20170913,210750500,3787.0,19424,340162,734372700.0,3788.0,133,3787.0,27
rb1805,20170914,20170913,210751000,3787.0,19426,340160,734448440.0,3788.0,133,3787.0,26
rb1805,20170914,20170913,210751500,3787.0,19460,340130,735736020.0,3788.0,138,3787.0,9
rb1805,20170914,20170913,210752000,3787.0,19460,340130,735736020.0,3788.0,138,3787.0,9
rb1805,20170914,20170913,210752500,3787.0,19462,340130,735811760.0,3788.0,135,3787.0,10
rb1805,20170914,20170913,210753000,3787.0,19464,340128,735887500.0,3788.0,136,3787.0,9
rb1805,20170914,20170913,210753500,3787.0,19464,340128,735887500.0,3788.0,136,3787.0,12
rb1805,20170914,20170913,210754000,3787.0,19468,340126,736038980.0,3788.0,136,3787.0,10
rb1805,20170914,20170913,210754500,3787.0,19470,340126,736114720.0,3788.0,141,3787.0,9
rb1805,20170914,20170913,210755000,3787.0,19470,340126,736114720.0,3788.0,142,3787.0,9
rb1805,20170914,20170913,210755500,3787.0,19488,340118,736796380.0,3787.0,42,3786.0,91
rb1805,20170914,20170913,210756000,3787.0,19516,340092,737856740.0,3787.0,30,3786.0,91
rb1805,20170914,20170913,210756500,3787.0,19516,340092,737856740.0,3787.0,30,3786.0,91
rb1805,20170914,20170913,210757000,3787.0,19546,340092,738992840.0,3787.0,15,3786.0,81
rb1805,20170914,20170913,210757500,3787.0,19576,340094,740128940.0,3788.0,135,3787.0,55
rb1805,20170914,20170913,210758000,3787.0,19576,340094,740128940.0,3788.0,135,3787.0,33
rb1805,20170914,20170913,210758500,3787.0,19586,340094,740507640.0,3788.0,135,3787.0,28
rb1805,20170914,20170913,210759000,3787.0,19598,340102,740962080.0,3788.0,135,3787.0,22
rb1805,20170914,20170913,210759500,3787.0,19598,340102,740962080.0,3788.0,135,3787.0,22
rb1805,20170914,20170913,210800000,3787.0,19612,340116,741492260.0,3788.0,135,3787.0,15
rb1805,20170914,20170913,210800500,3787.0,19616,340116,741643740.0,3788.0,142,3787.0,13
rb1805,20170914,20170913,210801000,3787.0,19620,340118,741795220.0,3788.0,142,3787.0,12
rb1805,20170914,20170913,210801500,3787.0,19630,340126,742173920.0,3788.0,142,3787.0,7
rb1805,20170914,20170913,210802000,3787.0,19634,340128,742325400.0,3788.0,143,3787.0,11
rb1805,20170914,20170913,210802500,3787.0,19636,340128,742401140.0,3788.0,143,3787.0,10
rb1805,20170914,20170913,210803000,3788.0,19656,340108,743158740.0,3788.0,133,3787.0,11
rb1805,20170914,20170913,210803500,3787.0,19666,340116,743537440.0,3788.0,137,3787.0,6
rb1805,20170914,20170913,210804000,3788.0,19676,340122,743916160.0,3788.0,136,3787.0,2
rb1805,20170914,20170913,210804500,3787.0,19678,340120,743991900.0,3788.0,140,3787.0,1
rb1805,20170914,20170913,210805000,3787.0,19680,340120,744067640.0,3787.0,1,3786.0,84
rb1805,20170914,20170913,210805500,3787.0,19682,340122,744143380.0,3788.0,140,3786.0,84
rb1805,20170914,20170913,210806000,3787.0,19682,340122,744143380.0,3787.0,1,3786.0,84
rb1805,20170914,20170913,210806500,3787.0,19684,340124,744219120.0,3788.0,141,3786.0,85
rb1805,20170914,20170913,210807000,3787.0,19684,340124,744219120.0,3788.0,145,3786.0,85
rb1805,20170914,20170913,210807500,3787.0,19684,340124,744219120.0,3788.0,148,3787.0,1
rb1805,20170914,20170913,210808000,3787.0,19708,340102,745128000.0,3787.0,10,3786.0,85
rb1805,20170914,20170913,210808500,3786.0,19710,340102,745203720.0,3787.0,12,3786.0,84
rb1805,20170914,20170913,210809000,3786.0,19716,340102,745430900.0,3787.0,11,3786.0,82
rb1805,20170914,20170913,210809500,3786.0,19716,340102,745430900.0,3787.0,13,3786.0,82
rb1805,20170914,20170913,210810000,3786.0,19716,340102,745430900.0,3787.0,13,3786.0,82
rb1805,20170914,20170913,210810500,3787.0,19744,340078,746491240.0,3788.0,143,3787.0,82
rb1805,20170914,20170913,210811000,3787.0,19748,340078,746642720.0,3788.0,143,3787.0,81
rb1805,20170914,20170913,210811500,3787.0,19748,340078,746642720.0,3788.0,143,3787.0,81
rb1805,20170914,20170913,210812000,3787.0,19748,340078,746642720.0,3788.0,143,3787.0,83
rb1805,20170914,20170913,210812500,3787.0,19750,340078,746718460.0,3788.0,141,3787.0,82
rb1805,20170914,20170913,210813000,3787.0,19754,340078,746869940.0,3788.0,140,3787.0,80
rb1805,20170914,20170913,210813500,3787.0,19774,340058,747627340.0,3788.0,140,3787.0,72
rb1805,20170914,20170913,210814000,3788.0,19778,340056,747778840.0,3788.0,138,3787.0,71
rb1805,20170914,20170913,210814500,3788.0,19778,340056,747778840.0,3788.0,144,3787.0,71
rb1805,20170914,20170913,210815000,3787.0,19782,340056,747930320.0,3788.0,144,3787.0,69
rb1805,20170914,20170913,210815500,3787.0,19788,340056,748157540.0,3788.0,144,3787.0,66
rb1805,20170914,20170913,210816000,3787.0,19792,340052,748309020.0,3788.0,156,3787.0,64
rb1805,20170914,20170913,210816500,3787.0,19798,340048,748536240.0,3788.0,156,3787.0,61
rb1805,20170914,20170913,210817000,3788.0,19838,340074,750051440.0,3788.0,136,3787.0,61
rb1805,20170914,20170913,210817500,3788.0,19838,340074,750051440.0,3788.0,161,3787.0,61
rb1805,20170914,20170913,210818000,3787.0,19960,339970,754671580.0,3787.0,34,3786.0,94
rb1805,20170914,20170913,210818500,3787.0,19960,339970,754671580.0,3787.0,35,3786.0,94
rb1805,20170914,20170913,210819000,3787.0,19978,339988,755353240.0,3787.0,47,3786.0,94
rb1805,20170914,20170913,210819500,3787.0,19982,339990,755504720.0,3787.0,20,3786.0,94
rb1805,20170914,20170913,210820000,3787.0,20032,340040,757398220.0,3788.0,171,3787.0,47
rb1805,20170914,20170913,210820500,3786.0,20146,340112,761715200.0,3787.0,26,3786.0,84
rb1805,20170914,20170913,210821000,3786.0,20150,340108,761866640.0,3787.0,28,3786.0,83
rb1805,20170914,20170913,210821500,3786.0,20162,340100,762320960.0,3787.0,16,3786.0,77
rb1805,20170914,20170913,210822000,3786.0,20216,340048,764365400.0,3787.0,18,3786.0,50
rb1805,20170914,20170913,210822500,3787.0,20258,340052,765955960.0,3788.0,179,3787.0,147
rb1805,20170914,20170913,210823000,3787.0,20258,340052,765955960.0,3788.0,165,3787.0,147
rb1805,20170914,20170913,210823500,3787.0,20258,340052,765955960.0,3788.0,165,3787.0,147
rb1805,20170914,20170913,210824000,3788.0,20302,340084,767622660.0,3788.0,144,3787.0,146
rb1805,20170914,20170913,210824500,3788.0,20304,340086,767698420.0,3788.0,143,3787.0,146
rb1805,20170914,20170913,210825000,3788.0,20306,340088,767774180.0,3788.0,143,3787.0,146
rb1805,20170914,20170913,210825500,3788.0,20326,340090,768531780.0,3788.0,133,3787.0,148
rb1805,20170914,20170913,210826000,3787.0,20328,340090,768607520.0,3788.0,133,3787.0,147
rb1805,20170914,20170913,210826500,3787.0,20332,340092,768759000.0,3788.0,134,3787.0,146
rb1805,20170914,20170913,210827000,3787.0,20448,340120,773153060.0,3788.0,97,3787.0,110
rb1805,20170914,20170913,210827500,3788.0,20548,340156,776941040.0,3788.0,59,3787.0,119
rb1805,20170914,20170913,210828000,3788.0,20578,340158,778077440.0,3788.0,51,3787.0,120
rb1805,20170914,20170913,210828500,3789.0,20686,340144,782168460.0,3789.0,201,3788.0,1
rb1805,20170914,20170913,210829000,3788.0,20690,340144,782319980.0,3789.0,201,3788.0,12
rb1805,20170914,20170913,210829500,3788.0,20692,340142,782395740.0,3789.0,201,3788.0,13
rb1805,20170914,20170913,210830000,3789.0,20694,340144,782471520.0,3789.0,200,3788.0,13
rb1805,20170914,20170913,210830500,3788.0,20696,340144,782547280.0,3789.0,200,3788.0,22
rb1805,20170914,20170913,210831000,3788.0,20700,340146,782698820.0,3789.0,200,3788.0,24
rb1805,20170914,20170913,210831500,3789.0,20708,340154,783001940.0,3789.0,196,3788.0,27
rb1805,20170914,20170913,210832000,3788.0,20712,340156,783153460.0,3789.0,196,3788.0,35
rb1805,20170914,20170913,210832500,3789.0,20736,340144,784062760.0,3789.0,187,3788.0,33
rb1805,20170914,20170913,210833000,3789.0,20736,340144,784062760.0,3789.0,187,3788.0,36
rb1805,20170914,20170913,210833500,3789.0,20736,340144,784062760.0,3789.0,187,3788.0,36
rb1805,20170914,20170913,210834000,3789.0,20748,340142,784517340.0,3789.0,186,3788.0,31
rb1805,20170914,20170913,210834500,3789.0,20748,340142,784517340.0,3789.0,186,3788.0,37
rb1805,20170914,20170913,210835000,3789.0,20760,340132,784971940.0,3789.0,196,3788.0,33
rb1805,20170914,20170913,210835500,3789.0,20762,340130,785047720.0,3789.0,196,3788.0,33
rb1805,20170914,20170913,210836000,3789.0,20764,340128,785123500.0,3789.0,195,3788.0,33
rb1805,20170914,20170913,210836500,3789.0,20766,340126,785199280.0,3789.0,194,3788.0,33
rb1805,20170914,20170913,210837000,3789.0,20768,340126,785275060.0,3789.0,213,3788.0,31
rb1805,20170914,20170913,210837500,3789.0,20784,340126,785881300.0,3789.0,205,3788.0,40
rb1805,20170914,20170913,210838000,3789.0,20796,340122,786335980.0,3789.0,205,3788.0,40
rb1805,20170914,20170913,210838500,3788.0,20798,340122,786411740.0,3789.0,205,3788.0,39
rb1805,20170914,20170913,210839000,3788.0,20798,340122,786411740.0,3789.0,205,3788.0,39
rb1805,20170914,20170913,210839500,3788.0,20798,340122,786411740.0,3789.0,186,3788.0,39
rb1805,20170914,20170913,210840000,3788.0,20798,340122,786411740.0,3789.0,186,3788.0,40
rb1805,20170914,20170913,210840500,3788.0,20808,340112,786790540.0,3789.0,186,3788.0,35
rb1805,20170914,20170913,210841000,3788.0,20880,340116,789517900.0,3788.0,22,3787.0,161
rb1805,20170914,20170913,210841500,3788.0,20880,340116,789517900.0,3788.0,22,3787.0,151
rb1805,20170914,20170913,210842000,3788.0,20880,340116,789517900.0,3788.0,37,3787.0,151
rb1805,20170914,20170913,210842500,3788.0,20882,340116,789593660.0,3788.0,68,3787.0,150
rb1805,20170914,20170913,210843000,3788.0,20898,340106,790199640.0,3788.0,65,3787.0,145
rb1805,20170914,20170913,210843500,3788.0,20898,340106,790199640.0,3788.0,76,3787.0,145
rb1805,20170914,20170913,210844000,3787.0,20908,340096,790578340.0,3788.0,77,3787.0,140
rb1805,20170914,20170913,210844500,3788.0,20928,340096,791335940.0,3788.0,66,3787.0,140
rb1805,20170914,20170913,210845000,3787.0,20938,340086,791714640.0,3788.0,74,3787.0,137
rb1805,20170914,20170913,210845500,3787.0,20938,340086,791714640.0,3788.0,85,3787.0,138
rb1805,20170914,20170913,210846000,3787.0,20990,340054,793683900.0,3788.0,75,3787.0,113
rb1805,20170914,20170913,210846500,3787.0,20990,340054,793683900.0,3788.0,79,3787.0,113
rb1805,20170914,20170913,210847000,3787.0,20992,340052,793759640.0,3788.0,80,3787.0,112
rb1805,20170914,20170913,210847500,3787.0,20998,340048,793986860.0,3788.0,80,3787.0,110
rb1805,20170914,20170913,210848000,3787.0,21002,340046,794138360.0,3788.0,80,3787.0,110
rb1805,20170914,20170913,210848500,3787.0,21004,340044,794214100.0,3788.0,83,3787.0,109
rb1805,20170914,20170913,210849000,3787.0,21004,340044,794214100.0,3788.0,89,3787.0,109
rb1805,20170914,20170913,210849500,3787.0,21004,340044,794214100.0,3788.0,90,3787.0,109
rb1805,20170914,20170913,210850000,3787.0,21006,340044,794289840.0,3788.0,91,3787.0,111
rb1805,20170914,20170913,210850500,3788.0,21034,340044,795350480.0,3788.0,83,3787.0,111
rb1805,20170914,20170913,210851000,3788.0,21036,340044,795426240.0,3788.0,84,3787.0,112
rb1805,20170914,20170913,210851500,3788.0,21036,340044,795426240.0,3788.0,84,3787.0,112
rb1805,20170914,20170913,210852000,3788.0,21038,340044,795502000.0,3788.0,79,3787.0,112
rb1805,20170914,20170913,210852500,3788.0,21046,340050,795805040.0,3788.0,75,3787.0,112
rb1805,20170914,20170913,210853000,3788.0,21046,340050,795805040.0,3788.0,77,3787.0,123
rb1805,20170914,20170913,210853500,3788.0,21050,340052,795956560.0,3788.0,82,3787.0,122
rb1805,20170914,20170913,210854000,3788.0,21216,340156,802244640.0,3789.0,179,3788.0,34
rb1805,20170914,20170913,210854500,3788.0,21224,340164,802547680.0,3789.0,178,3788.0,36
rb1805,20170914,20170913,210855000,3788.0,21228,340164,802699200.0,3789.0,178,3788.0,54
rb1805,20170914,20170913,210855500,3788.0,21234,340164,802926480.0,3789.0,178,3788.0,51
rb1805,20170914,20170913,210856000,3788.0,21234,340164,802926480.0,3789.0,178,3788.0,151
rb1805,20170914,20170913,210856500,3788.0,21234,340164,802926480.0,3789.0,178,3788.0,151
rb1805,20170914,20170913,210857000,3789.0,21276,340190,804517840.0,3789.0,158,3788.0,152
rb1805,20170914,20170913,210857500,3788.0,21278,340190,804593600.0,3789.0,159,3788.0,153
rb1805,20170914,20170913,210858000,3788.0,21290,340190,805048160.0,3789.0,159,3788.0,147
rb1805,20170914,20170913,210858500,3788.0,21320,340180,806184560.0,3789.0,169,3788.0,123
rb1805,20170914,20170913,210859000,3789.0,21324,340182,806336100.0,3789.0,168,3788.0,122
rb1805,20170914,20170913,210859500,3789.0,21366,340188,807927080.0,3789.0,168,3788.0,100
rb1805,20170914,20170913,210900000,3789.0,21366,340188,807927080.0,3789.0,168,3788.0,100
rb1805,20170914,20170913,210900500,3788.0,21368,340188,808002840.0,3789.0,156,3788.0,99
rb1805,20170914,20170913,210901000,3788.0,21368,340188,808002840.0,3789.0,156,3788.0,99
rb1805,20170914,20170913,210901500,3789.0,21372,340190,808154380.0,3789.0,155,3788.0,99
rb1805,20170914,20170913,210902000,3788.0,21374,340192,808230140.0,3789.0,155,3788.0,98
rb1805,20170914,20170913,210902500,3788.0,21374,340192,808230140.0,3789.0,156,3788.0,100
rb1805,20170914,20170913,210903000,3789.0,21398,340198,809139500.0,3789.0,146,3788.0,100
rb1805,20170914,20170913,210903500,3788.0,21402,340200,809291040.0,3789.0,146,3788.0,99
rb1805,20170914,20170913,210904000,3788.0,21402,340200,809291040.0,3789.0,146,3788.0,99
rb1805,20170914,20170913,210904500,3788.0,21404,340200,809366800.0,3789.0,146,3788.0,101
rb1805,20170914,20170913,210905000,3788.0,21404,340200,809366800.0,3789.0,146,3788.0,108
rb1805,20170914,20170913,210905500,3789.0,21490,340280,812625320.0,3789.0,104,3788.0,108
rb1805,20170914,20170913,210906000,3789.0,21500,340290,813004220.0,3789.0,99,3788.0,108
rb1805,20170914,20170913,210906500,3789.0,21520,340294,813762020.0,3789.0,89,3788.0,109
rb1805,20170914,20170913,210907000,3788.0,21522,340294,813837780.0,3789.0,89,3788.0,108
rb1805,20170914,20170913,210907500,3788.0,21522,340294,813837780.0,3789.0,89,3788.0,107
rb1805,20170914,20170913,210908000,3788.0,21532,340300,814216620.0,3789.0,87,3788.0,104
rb1805,20170914,20170913,210908500,3788.0,21540,340304,814519700.0,3789.0,92,3788.0,102
rb1805,20170914,20170913,210909000,3789.0,21544,340304,814671260.0,3789.0,126,3788.0,103
rb1805,20170914,20170913,210909500,3788.0,21554,340304,815050060.0,3789.0,126,3788.0,98
rb1805,20170914,20170913,210910000,3788.0,21566,340304,815504620.0,3789.0,127,3788.0,98
rb1805,20170914,20170913,210910500,3788.0,21566,340304,815504620.0,3789.0,127,3788.0,99
rb1805,20170914,20170913,210911000,3789.0,21580,340312,816035000.0,3789.0,127,3788.0,95
rb1805,20170914,20170913,210911500,3788.0,21592,340314,816489560.0,3789.0,128,3788.0,90
rb1805,20170914,20170913,210912000,3788.0,21596,340314,816641080.0,3789.0,130,3788.0,88
rb1805,20170914,20170913,210912500,3788.0,21612,340314,817247160.0,3789.0,143,3788.0,79
rb1805,20170914,20170913,210913000,3788.0,21622,340324,817625960.0,3789.0,150,3788.0,74
rb1805,20170914,20170913,210913500,3788.0,21728,340326,821641240.0,3789.0,150,3788.0,21
rb1805,20170914,20170913,210914000,3788.0,21752,340322,822550360.0,3789.0,150,3788.0,10
rb1805,20170914,20170913,210914500,3788.0,21772,340342,823307960.0,3788.0,44,3787.0,123
rb1805,20170914,20170913,210915000,3788.0,21772,340342,823307960.0,3788.0,38,3787.0,123
rb1805,20170914,20170913,210915500,3787.0,21774,340340,823383700.0,3788.0,56,3787.0,121
rb1805,20170914,20170913,210916000,3787.0,21778,340338,823535180.0,3788.0,58,3787.0,118
rb1805,20170914,20170913,210916500,3787.0,21778,340338,823535180.0,3788.0,74,3787.0,118
rb1805,20170914,20170913,210917000,3787.0,21778,340338,823535180.0,3788.0,75,3787.0,118
rb1805,20170914,20170913,210917500,3788.0,21800,340338,824368540.0,3788.0,65,3787.0,118
rb1805,20170914,20170913,210918000,3788.0,21802,340338,824444300.0,3788.0,64,3787.0,120
rb1805,20170914,20170913,210918500,3788.0,21802,340338,824444300.0,3788.0,64,3787.0,120
rb1805,20170914,20170913,210919000,3787.0,21812,340328,824823000.0,3788.0,65,3787.0,115
rb1805,20170914,20170913,210919500,3787.0,21812,340328,824823000.0,3788.0,67,3787.0,117
rb1805,20170914,20170913,210920000,3787.0,21824,340318,825277440.0,3788.0,65,3787.0,112
rb1805,20170914,20170913,210920500,3787.0,21824,340318,825277440.0,3788.0,65,3787.0,112
rb1805,20170914,20170913,210921000,3787.0,21830,340312,825504660.0,3788.0,68,3787.0,111
rb1805,20170914,20170913,210921500,3787.0,21830,340312,825504660.0,3788.0,69,3787.0,111
rb1805,20170914,20170913,210922000,3787.0,21930,340344,829291660.0,3788.0,70,3787.0,61
rb1805,20170914,20170913,210922500,3788.0,21944,340334,829821940.0,3788.0,76,3787.0,59
rb1805,20170914,20170913,210923000,3787.0,21950,340336,830049160.0,3788.0,76,3787.0,74
rb1805,20170914,20170913,210923500,3787.0,21952,340336,830124900.0,3788.0,76,3787.0,74
rb1805,20170914,20170913,210924000,3787.0,21952,340336,830124900.0,3788.0,76,3787.0,74
rb1805,20170914,20170913,210924500,3788.0,21954,340336,830200660.0,3788.0,76,3787.0,105
rb1805,20170914,20170913,210925000,3787.0,21966,340346,830655100.0,3788.0,71,3787.0,98
rb1805,20170914,20170913,210925500,3787.0,21974,340346,830958060.0,3788.0,73,3787.0,95
rb1805,20170914,20170913,210926000,3787.0,21978,340348,831109540.0,3788.0,72,3787.0,93
rb1805,20170914,20170913,210926500,3787.0,21978,340348,831109540.0,3788.0,72,3787.0,95
rb1805,20170914,20170913,210927000,3787.0,21980,340348,831185280.0,3788.0,72,3787.0,94
rb1805,20170914,20170913,210927500,3787.0,21980,340348,831185280.0,3788.0,72,3787.0,94
rb1805,20170914,20170913,210928000,3787.0,21980,340348,831185280.0,3788.0,72,3787.0,94
rb1805,20170914,20170913,210928500,3787.0,21980,340348,831185280.0,3788.0,72,3787.0,93
rb1805,20170914,20170913,210929000,3787.0,21980,340348,831185280.0,3788.0,78,3787.0,92
rb1805,20170914,20170913,210929500,3787.0,21980,340348,831185280.0,3788.0,77,3787.0,92
rb1805,20170914,20170913,210930000,3787.0,21982,340348,831261020.0,3788.0,78,3787.0,91
rb1805,20170914,20170913,210930500,3787.0,21982,340348,831261020.0,3788.0,79,3787.0,91
rb1805,20170914,20170913,210931000,3787.0,21986,340352,831412500.0,3788.0,80,3787.0,89
rb1805,20170914,20170913,210931500,3787.0,21996,340352,831791220.0,3788.0,79,3787.0,85
rb1805,20170914,20170913,210932000,3787.0,22010,340352,832321400.0,3788.0,80,3787.0,78
rb1805,20170914,20170913,210932500,3787.0,22014,340356,832472880.0,3788.0,80,3787.0,76
rb1805,20170914,20170913,210933000,3787.0,22016,340356,832548620.0,3788.0,92,3787.0,76
rb1805,20170914,20170913,210933500,3787.0,22032,340346,833154540.0,3788.0,96,3787.0,50
rb1805,20170914,20170913,210934000,3787.0,22134,340340,837017280.0,3787.0,98,3786.0,63
rb1805,20170914,20170913,210934500,3787.0,22134,340340,837017280.0,3787.0,98,3786.0,53
rb1805,20170914,20170913,210935000,3787.0,22240,340272,841030460.0,3786.0,1,3785.0,44
rb1805,20170914,20170913,210935500,3786.0,22242,340270,841106180.0,3786.0,6,3785.0,44
rb1805,20170914,20170913,210936000,3785.0,22290,340298,842922980.0,3786.0,15,3785.0,20
rb1805,20170914,20170913,210936500,3785.0,22314,340304,843831400.0,3786.0,14,3785.0,19
rb1805,20170914,20170913,210937000,3785.0,22318,340300,843982800.0,3786.0,16,3785.0,22
rb1805,20170914,20170913,210937500,3785.0,22318,340300,843982800.0,3786.0,16,3785.0,42
rb1805,20170914,20170913,210938000,3785.0,22318,340300,843982800.0,3786.0,12,3785.0,43
rb1805,20170914,20170913,210938500,3785.0,22334,340292,844588500.0,3786.0,7,3785.0,43
rb1805,20170914,20170913,210939000,3785.0,22334,340292,844588500.0,3786.0,7,3785.0,46
rb1805,20170914,20170913,210939500,3785.0,22334,340292,844588500.0,3786.0,9,3785.0,46
rb1805,20170914,20170913,210940000,3786.0,22346,340282,845042820.0,3786.0,3,3785.0,57
