instrument,tradingday,calendarday,time,lastp,volume,openinterest,turnover,ask1,asksz1,bid1,bidsz1
rb1805,20171013,20171012,183500500,3498.0,0,616008,0.0,0.0,0,0.0,0
rb1805,20171013,20171012,205900500,3500.0,358,615822,12530000.0,3500.0,21,3499.0,18
rb1805,20171013,20171012,210000500,3500.0,480,615906,16799580.0,3499.0,92,3498.0,12
rb1805,20171013,20171012,210001000,3499.0,784,615958,27433480.0,3497.0,5,3495.0,2
rb1805,20171013,20171012,210001500,3493.0,884,615980,30929480.0,3495.0,26,3493.0,12
rb1805,20171013,20171012,210002000,3494.0,1092,615930,38199660.0,3496.0,2,3495.0,22
rb1805,20171013,20171012,210002500,3495.0,1234,615922,43162760.0,3497.0,25,3495.0,19
rb1805,20171013,20171012,210003000,3497.0,1398,615890,48896420.0,3497.0,27,3495.0,8
rb1805,20171013,20171012,210003500,3495.0,1444,615896,50503920.0,3495.0,6,3494.0,19
rb1805,20171013,20171012,210004000,3493.0,1528,615892,53438860.0,3493.0,9,3492.0,44
rb1805,20171013,20171012,210004500,3492.0,1642,615924,57420300.0,3493.0,1,3492.0,10
rb1805,20171013,20171012,210005000,3494.0,1676,615910,58607960.0,3495.0,66,3493.0,16
rb1805,20171013,20171012,210005500,3493.0,1750,615900,61193180.0,3495.0,76,3493.0,31
rb1805,20171013,20171012,210006000,3495.0,1936,615888,67693660.0,3495.0,7,3494.0,1
rb1805,20171013,20171012,210006500,3495.0,1992,615936,69650880.0,3497.0,30,3495.0,1
rb1805,20171013,20171012,210007000,3495.0,2006,615948,70140160.0,3497.0,35,3495.0,21
rb1805,20171013,20171012,210007500,3495.0,2034,615972,71118820.0,3496.0,15,3495.0,22
rb1805,20171013,20171012,210008000,3495.0,2044,615978,71468320.0,3496.0,8,3495.0,17
rb1805,20171013,20171012,210008500,3496.0,2060,615984,72027680.0,3496.0,16,3495.0,22
rb1805,20171013,20171012,210009000,3495.0,2124,615980,74264880.0,3496.0,5,3495.0,16
rb1805,20171013,20171012,210009500,3496.0,2148,615976,75103920.0,3497.0,36,3496.0,73
rb1805,20171013,20171012,210010000,3497.0,2160,615976,75523480.0,3497.0,32,3496.0,70
rb1805,20171013,20171012,210010500,3496.0,2190,615950,76572280.0,3497.0,38,3496.0,58
rb1805,20171013,20171012,210011000,3495.0,2334,615988,81606500.0,3496.0,21,3495.0,26
rb1805,20171013,20171012,210011500,3496.0,2372,616026,82934980.0,3496.0,11,3495.0,27
rb1805,20171013,20171012,210012000,3496.0,2404,616038,84053620.0,3496.0,1,3495.0,20
rb1805,20171013,20171012,210012500,3494.0,2446,616020,85521500.0,3495.0,3,3494.0,11
rb1805,20171013,20171012,210013000,3495.0,2478,616010,86640000.0,3496.0,35,3495.0,10
rb1805,20171013,20171012,210013500,3495.0,2566,616014,89715520.0,3495.0,20,3494.0,29
rb1805,20171013,20171012,210014000,3494.0,2598,616030,90833780.0,3495.0,21,3494.0,16
rb1805,20171013,20171012,210014500,3494.0,2636,616004,92161500.0,3494.0,1,3493.0,29
rb1805,20171013,20171012,210015000,3493.0,2652,616008,92720600.0,3495.0,33,3493.0,29
rb1805,20171013,20171012,210015500,3494.0,2678,616000,93629020.0,3494.0,2,3493.0,28
rb1805,20171013,20171012,210016000,3494.0,2690,616000,94048220.0,3494.0,3,3493.0,25
rb1805,20171013,20171012,210016500,3495.0,2718,616000,95026560.0,3494.0,50,3493.0,34
rb1805,20171013,20171012,210017000,3494.0,2722,616000,95166320.0,3494.0,48,3493.0,34
rb1805,20171013,20171012,210017500,3491.0,2854,615988,99776020.0,3491.0,147,3490.0,67
rb1805,20171013,20171012,210018000,3490.0,3116,615854,108922360.0,3491.0,20,3490.0,63
rb1805,20171013,20171012,210018500,3491.0,3232,615778,112972100.0,3493.0,20,3491.0,25
rb1805,20171013,20171012,210019000,3491.0,3264,615756,114089260.0,3493.0,25,3491.0,17
rb1805,20171013,20171012,210019500,3490.0,3504,615688,122466460.0,3490.0,96,3489.0,3
rb1805,20171013,20171012,210020000,3490.0,3614,615682,126305400.0,3490.0,51,3489.0,6
rb1805,20171013,20171012,210020500,3490.0,3764,615662,131540280.0,3490.0,40,3489.0,6
rb1805,20171013,20171012,210021000,3490.0,3818,615646,133424800.0,3490.0,35,3489.0,10
rb1805,20171013,20171012,210021500,3489.0,3884,615698,135727580.0,3490.0,41,3489.0,11
rb1805,20171013,20171012,210022000,3490.0,3914,615714,136774360.0,3489.0,2,3488.0,55
rb1805,20171013,20171012,210022500,3489.0,3924,615708,137123280.0,3490.0,41,3489.0,28
rb1805,20171013,20171012,210023000,3490.0,3982,615748,139146920.0,3490.0,41,3489.0,2
rb1805,20171013,20171012,210023500,3488.0,4020,615742,140472600.0,3489.0,12,3488.0,59
rb1805,20171013,20171012,210024000,3488.0,4188,615706,146332700.0,3489.0,60,3488.0,1
rb1805,20171013,20171012,210024500,3489.0,4196,615704,146611740.0,3488.0,7,3487.0,5
rb1805,20171013,20171012,210025000,3487.0,4232,615716,147867220.0,3487.0,8,3486.0,48
rb1805,20171013,20171012,210025500,3487.0,4446,615574,155330460.0,3489.0,53,3487.0,62
rb1805,20171013,20171012,210026000,3487.0,4452,615576,155539720.0,3488.0,58,3487.0,59
rb1805,20171013,20171012,210026500,3487.0,4698,615468,164117920.0,3487.0,20,3486.0,101
rb1805,20171013,20171012,210027000,3488.0,4754,615420,166070680.0,3488.0,62,3487.0,29
rb1805,20171013,20171012,210027500,3488.0,4814,615394,168163300.0,3488.0,41,3487.0,30
rb1805,20171013,20171012,210028000,3488.0,4868,615366,170046600.0,3488.0,32,3487.0,30
rb1805,20171013,20171012,210028500,3487.0,5020,615324,175347020.0,3488.0,23,3487.0,17
rb1805,20171013,20171012,210029000,3488.0,5066,615348,176951280.0,3488.0,12,3487.0,28
rb1805,20171013,20171012,210029500,3487.0,5086,615362,177648760.0,3488.0,4,3487.0,32
rb1805,20171013,20171012,210030000,3489.0,5110,615374,178485880.0,3489.0,61,3488.0,6
rb1805,20171013,20171012,210030500,3488.0,5150,615376,179880900.0,3488.0,23,3487.0,27
rb1805,20171013,20171012,210031000,3488.0,5172,615366,180648260.0,3488.0,20,3487.0,31
rb1805,20171013,20171012,210031500,3489.0,5334,615244,186299840.0,3489.0,36,3488.0,50
rb1805,20171013,20171012,210032000,3488.0,5456,615302,190556040.0,3488.0,27,3487.0,72
rb1805,20171013,20171012,210032500,3487.0,5616,615408,196136260.0,3489.0,7,3487.0,43
rb1805,20171013,20171012,210033000,3489.0,5632,615410,196694460.0,3490.0,101,3488.0,5
rb1805,20171013,20171012,210033500,3489.0,5662,615412,197740960.0,3489.0,15,3488.0,4
rb1805,20171013,20171012,210034000,3488.0,5702,615392,199136140.0,3488.0,5,3487.0,54
rb1805,20171013,20171012,210034500,3487.0,5740,615384,200461320.0,3489.0,37,3488.0,5
rb1805,20171013,20171012,210035000,3487.0,5820,615364,203251060.0,3489.0,39,3487.0,98
rb1805,20171013,20171012,210035500,3489.0,5902,615290,206112040.0,3490.0,83,3489.0,462
rb1805,20171013,20171012,210036000,3489.0,5960,615258,208135860.0,3490.0,71,3489.0,447
rb1805,20171013,20171012,210036500,3489.0,6018,615206,210159500.0,3490.0,71,3489.0,429
rb1805,20171013,20171012,210037000,3490.0,6046,615188,211136500.0,3490.0,68,3489.0,426
rb1805,20171013,20171012,210037500,3489.0,6156,615190,214974600.0,3490.0,62,3489.0,385
rb1805,20171013,20171012,210038000,3489.0,6388,615132,223070200.0,3490.0,2,3489.0,317
rb1805,20171013,20171012,210038500,3489.0,6426,615126,224396080.0,3490.0,8,3489.0,306
rb1805,20171013,20171012,210039000,3490.0,6454,615124,225373200.0,3491.0,54,3490.0,2
rb1805,20171013,20171012,210039500,3490.0,6464,615130,225722180.0,3490.0,16,3489.0,322
rb1805,20171013,20171012,210040000,3490.0,6480,615128,226280460.0,3490.0,15,3489.0,316
rb1805,20171013,20171012,210040500,3490.0,6564,615064,229212040.0,3490.0,19,3489.0,315
rb1805,20171013,20171012,210041000,3490.0,6582,615058,229840220.0,3490.0,23,3489.0,315
rb1805,20171013,20171012,210041500,3490.0,6592,615048,230189220.0,3490.0,45,3489.0,315
rb1805,20171013,20171012,210042000,3490.0,6616,615050,231026820.0,3490.0,30,3489.0,318
rb1805,20171013,20171012,210042500,3489.0,6702,615080,234028100.0,3491.0,58,3489.0,310
rb1805,20171013,20171012,210043000,3490.0,6828,615070,238425760.0,3491.0,48,3490.0,7
rb1805,20171013,20171012,210043500,3490.0,6830,615072,238495560.0,3491.0,46,3490.0,17
rb1805,20171013,20171012,210044000,3490.0,6842,615084,238914440.0,3491.0,42,3490.0,82
rb1805,20171013,20171012,210044500,3490.0,6862,615092,239612560.0,3491.0,36,3490.0,84
rb1805,20171013,20171012,210045000,3491.0,6866,615092,239752200.0,3491.0,35,3490.0,98
rb1805,20171013,20171012,210045500,3491.0,6900,615098,240938940.0,3491.0,28,3490.0,89
rb1805,20171013,20171012,210046000,3491.0,6936,615098,242195600.0,3491.0,19,3490.0,84
rb1805,20171013,20171012,210046500,3491.0,6962,615098,243103140.0,3491.0,32,3490.0,78
rb1805,20171013,20171012,210047000,3490.0,6986,615108,243940960.0,3491.0,21,3490.0,80
rb1805,20171013,20171012,210047500,3490.0,6998,615110,244359760.0,3491.0,21,3490.0,82
rb1805,20171013,20171012,210048000,3490.0,7002,615114,244499360.0,3491.0,21,3490.0,80
rb1805,20171013,20171012,210048500,3490.0,7016,615122,244988040.0,3491.0,18,3490.0,78
rb1805,20171013,20171012,210049000,3490.0,7094,615114,247710860.0,3491.0,6,3490.0,74
rb1805,20171013,20171012,210049500,3490.0,7098,615116,247850480.0,3491.0,16,3490.0,81
rb1805,20171013,20171012,210050000,3490.0,7104,615118,248059920.0,3491.0,15,3490.0,81
rb1805,20171013,20171012,210050500,3491.0,7114,615128,248408960.0,3491.0,13,3490.0,79
rb1805,20171013,20171012,210051000,3490.0,7132,615142,249037300.0,3491.0,10,3490.0,78
rb1805,20171013,20171012,210051500,3491.0,7142,615146,249386340.0,3491.0,8,3490.0,75
rb1805,20171013,20171012,210052000,3491.0,7146,615146,249525960.0,3491.0,57,3490.0,74
rb1805,20171013,20171012,210052500,3491.0,7148,615148,249595780.0,3491.0,56,3490.0,74
rb1805,20171013,20171012,210053000,3490.0,7152,615152,249735400.0,3491.0,55,3490.0,81
rb1805,20171013,20171012,210053500,3491.0,7186,615156,250922340.0,3491.0,40,3490.0,94
rb1805,20171013,20171012,210054000,3490.0,7206,615172,251620360.0,3491.0,39,3490.0,91
rb1805,20171013,20171012,210054500,3490.0,7224,615166,252248700.0,3491.0,42,3490.0,90
rb1805,20171013,20171012,210055000,3491.0,7270,615154,253854560.0,3491.0,29,3490.0,90
rb1805,20171013,20171012,210055500,3491.0,7294,615134,254692400.0,3491.0,17,3490.0,92
rb1805,20171013,20171012,210056000,3491.0,7298,615134,254832040.0,3491.0,46,3490.0,92
rb1805,20171013,20171012,210056500,3491.0,7306,615134,255111300.0,3491.0,55,3490.0,89
rb1805,20171013,20171012,210057000,3491.0,7306,615134,255111300.0,3491.0,58,3490.0,93
rb1805,20171013,20171012,210057500,3491.0,7328,615130,255879300.0,3491.0,48,3490.0,93
rb1805,20171013,20171012,210058000,3490.0,7362,615130,257066220.0,3491.0,35,3490.0,91
rb1805,20171013,20171012,210058500,3491.0,7450,615166,260137480.0,3491.0,35,3490.0,54
rb1805,20171013,20171012,210059000,3490.0,7476,615176,261044880.0,3491.0,36,3490.0,41
rb1805,20171013,20171012,210059500,3490.0,7480,615172,261184480.0,3491.0,40,3490.0,40
rb1805,20171013,20171012,210100000,3490.0,7540,615166,263278940.0,3491.0,17,3490.0,42
rb1805,20171013,20171012,210100500,3491.0,7584,615176,264814920.0,3492.0,70,3491.0,25
rb1805,20171013,20171012,210101000,3491.0,7636,615170,266630360.0,3492.0,64,3491.0,17
rb1805,20171013,20171012,210101500,3492.0,7644,615172,266909660.0,3492.0,63,3491.0,18
rb1805,20171013,20171012,210102000,3492.0,7668,615168,267747580.0,3492.0,59,3491.0,39
rb1805,20171013,20171012,210102500,3492.0,7672,615166,267887240.0,3492.0,58,3491.0,34
rb1805,20171013,20171012,210103000,3492.0,7688,615168,268445820.0,3492.0,57,3491.0,27
rb1805,20171013,20171012,210103500,3491.0,7698,615170,268794980.0,3492.0,55,3491.0,38
rb1805,20171013,20171012,210104000,3491.0,7710,615168,269213980.0,3492.0,51,3491.0,36
rb1805,20171013,20171012,210104500,3492.0,7716,615168,269423500.0,3492.0,48,3491.0,35
rb1805,20171013,20171012,210105000,3491.0,7786,615140,271867220.0,3492.0,48,3491.0,9
rb1805,20171013,20171012,210105500,3491.0,7806,615152,272565420.0,3491.0,9,3490.0,49
rb1805,20171013,20171012,210106000,3491.0,7806,615152,272565420.0,3491.0,11,3490.0,49
rb1805,20171013,20171012,210106500,3490.0,7832,615136,273472880.0,3491.0,13,3490.0,39
rb1805,20171013,20171012,210107000,3491.0,7836,615136,273612520.0,3491.0,24,3490.0,44
rb1805,20171013,20171012,210107500,3490.0,7840,615134,273752140.0,3491.0,33,3490.0,45
rb1805,20171013,20171012,210108000,3490.0,7846,615136,273961540.0,3491.0,53,3490.0,43
rb1805,20171013,20171012,210108500,3491.0,7942,615182,277311980.0,3491.0,53,3489.0,310
rb1805,20171013,20171012,210109000,3490.0,7964,615202,278079800.0,3490.0,16,3489.0,304
rb1805,20171013,20171012,210109500,3490.0,8008,615246,279615400.0,3491.0,66,3489.0,304
rb1805,20171013,20171012,210110000,3490.0,8016,615252,279894600.0,3490.0,9,3489.0,296
rb1805,20171013,20171012,210110500,3490.0,8030,615260,280383180.0,3490.0,6,3489.0,296
rb1805,20171013,20171012,210111000,3490.0,8038,615266,280662380.0,3490.0,34,3489.0,296
rb1805,20171013,20171012,210111500,3490.0,8038,615266,280662380.0,3490.0,34,3489.0,297
rb1805,20171013,20171012,210112000,3489.0,8048,615262,281011280.0,3490.0,37,3489.0,293
rb1805,20171013,20171012,210112500,3490.0,8054,615264,281220680.0,3490.0,44,3489.0,293
rb1805,20171013,20171012,210113000,3489.0,8066,615256,281639380.0,3490.0,53,3489.0,290
rb1805,20171013,20171012,210113500,3490.0,8188,615198,285897160.0,3491.0,63,3490.0,292
rb1805,20171013,20171012,210114000,3491.0,9018,615264,314865560.0,3492.0,117,3491.0,185
rb1805,20171013,20171012,210114500,3489.0,9464,615350,330434040.0,3490.0,1,3489.0,253
rb1805,20171013,20171012,210115000,3489.0,9972,615386,348158160.0,3489.0,5,3488.0,75
rb1805,20171013,20171012,210115500,3488.0,10020,615346,349832420.0,3489.0,14,3488.0,53
rb1805,20171013,20171012,210116000,3488.0,10126,615284,353529720.0,3489.0,18,3488.0,2
rb1805,20171013,20171012,210116500,3488.0,10138,615288,353948340.0,3488.0,57,3487.0,100
rb1805,20171013,20171012,210117000,3488.0,10168,615286,354994560.0,3488.0,66,3487.0,90
rb1805,20171013,20171012,210117500,3487.0,10276,615180,358760540.0,3488.0,67,3487.0,37
rb1805,20171013,20171012,210118000,3487.0,10304,615164,359737000.0,3488.0,62,3487.0,28
rb1805,20171013,20171012,210118500,3488.0,10468,615190,365457320.0,3489.0,122,3488.0,18
rb1805,20171013,20171012,210119000,3489.0,10630,615234,371109300.0,3489.0,49,3488.0,8
rb1805,20171013,20171012,210119500,3488.0,10816,615340,377598760.0,3489.0,10,3488.0,52
rb1805,20171013,20171012,210120000,3490.0,10864,615298,379273500.0,3490.0,77,3489.0,50
rb1805,20171013,20171012,210120500,3487.0,11178,615112,390228400.0,3488.0,45,3487.0,63
rb1805,20171013,20171012,210121000,3487.0,11184,615110,390437620.0,3488.0,48,3487.0,60
rb1805,20171013,20171012,210121500,3487.0,11200,615104,390995600.0,3488.0,52,3487.0,117
rb1805,20171013,20171012,210122000,3487.0,11206,615102,391204860.0,3488.0,52,3487.0,118
rb1805,20171013,20171012,210122500,3487.0,11218,615098,391623300.0,3488.0,52,3487.0,113
rb1805,20171013,20171012,210123000,3488.0,11222,615098,391762800.0,3488.0,61,3487.0,122
rb1805,20171013,20171012,210123500,3487.0,11476,614882,400619780.0,3487.0,103,3486.0,57
rb1805,20171013,20171012,210124000,3487.0,11554,614864,403339400.0,3487.0,80,3486.0,45
rb1805,20171013,20171012,210124500,3486.0,11634,614888,406128340.0,3487.0,73,3486.0,13
rb1805,20171013,20171012,210125000,3485.0,11692,614894,408150180.0,3486.0,1,3485.0,148
rb1805,20171013,20171012,210125500,3485.0,11748,614870,410102120.0,3486.0,3,3485.0,141
rb1805,20171013,20171012,210126000,3485.0,11904,615022,415538800.0,3487.0,78,3485.0,68
rb1805,20171013,20171012,210126500,3485.0,11978,615046,418117780.0,3486.0,1,3485.0,48
rb1805,20171013,20171012,210127000,3485.0,12000,615046,418884620.0,3486.0,14,3485.0,39
rb1805,20171013,20171012,210127500,3485.0,12084,615076,421812280.0,3486.0,16,3485.0,11
rb1805,20171013,20171012,210128000,3485.0,12090,615076,422021420.0,3486.0,12,3485.0,11
rb1805,20171013,20171012,210128500,3488.0,12412,614886,433250620.0,3489.0,28,3488.0,250
rb1805,20171013,20171012,210129000,3488.0,12894,614570,450062800.0,3489.0,37,3488.0,10
rb1805,20171013,20171012,210129500,3487.0,12938,614568,451597060.0,3487.0,6,3486.0,27
rb1805,20171013,20171012,210130000,3486.0,12954,614566,452154820.0,3487.0,55,3486.0,21
rb1805,20171013,20171012,210130500,3485.0,13034,614570,454943260.0,3486.0,75,3485.0,22
rb1805,20171013,20171012,210131000,3485.0,13118,614590,457871060.0,3485.0,82,3484.0,50
rb1805,20171013,20171012,210131500,3485.0,13182,614536,460101240.0,3485.0,62,3484.0,45
rb1805,20171013,20171012,210132000,3484.0,13196,614536,460589100.0,3485.0,58,3484.0,75
rb1805,20171013,20171012,210132500,3484.0,13248,614532,462401040.0,3485.0,55,3484.0,65
rb1805,20171013,20171012,210133000,3484.0,13250,614534,462470720.0,3485.0,79,3484.0,65
rb1805,20171013,20171012,210133500,3484.0,13268,614526,463097960.0,3485.0,73,3484.0,62
rb1805,20171013,20171012,210134000,3484.0,13476,614532,470344640.0,3484.0,56,3483.0,52
rb1805,20171013,20171012,210134500,3483.0,13576,614580,473828620.0,3485.0,74,3483.0,51
rb1805,20171013,20171012,210135000,3485.0,13742,614620,479613660.0,3486.0,16,3485.0,23
rb1805,20171013,20171012,210135500,3485.0,13772,614642,480659160.0,3486.0,26,3485.0,9
rb1805,20171013,20171012,210136000,3484.0,13832,614666,482749720.0,3485.0,44,3483.0,114
rb1805,20171013,20171012,210136500,3484.0,13834,614668,482819400.0,3485.0,17,3484.0,20
rb1805,20171013,20171012,210137000,3485.0,13910,614716,485467580.0,3486.0,48,3485.0,33
rb1805,20171013,20171012,210137500,3485.0,14036,614800,489858940.0,3486.0,47,3485.0,43
rb1805,20171013,20171012,210138000,3485.0,14050,614800,490346840.0,3486.0,56,3485.0,32
rb1805,20171013,20171012,210138500,3485.0,14120,614740,492786360.0,3486.0,55,3485.0,10
rb1805,20171013,20171012,210139000,3486.0,14246,614802,497178720.0,3487.0,37,3486.0,129
rb1805,20171013,20171012,210139500,3487.0,14340,614760,500456500.0,3488.0,69,3487.0,32
rb1805,20171013,20171012,210140000,3487.0,14408,614762,502828160.0,3488.0,29,3487.0,22
rb1805,20171013,20171012,210140500,3487.0,14472,614766,505059920.0,3488.0,27,3487.0,7
rb1805,20171013,20171012,210141000,3488.0,14534,614788,507222480.0,3489.0,43,3488.0,2
rb1805,20171013,20171012,210141500,3487.0,14636,614848,510779360.0,3487.0,8,3486.0,103
rb1805,20171013,20171012,210142000,3487.0,14686,614854,512522860.0,3489.0,53,3488.0,15
rb1805,20171013,20171012,210142500,3487.0,14736,614836,514266660.0,3488.0,25,3487.0,25
rb1805,20171013,20171012,210143000,3488.0,14768,614840,515382800.0,3489.0,41,3488.0,1
rb1805,20171013,20171012,210143500,3488.0,14780,614834,515801320.0,3488.0,17,3487.0,16
rb1805,20171013,20171012,210144000,3487.0,14828,614800,517475340.0,3488.0,111,3487.0,17
rb1805,20171013,20171012,210144500,3488.0,14842,614796,517963640.0,3488.0,106,3487.0,18
rb1805,20171013,20171012,210145000,3487.0,14902,614838,520055860.0,3487.0,32,3486.0,164
rb1805,20171013,20171012,210145500,3487.0,14974,614880,522566540.0,3488.0,108,3487.0,2
rb1805,20171013,20171012,210146000,3488.0,14980,614876,522775820.0,3488.0,106,3487.0,21
rb1805,20171013,20171012,210146500,3488.0,15058,614804,525496400.0,3488.0,71,3487.0,36
rb1805,20171013,20171012,210147000,3487.0,15068,614806,525845140.0,3488.0,69,3487.0,34
rb1805,20171013,20171012,210147500,3487.0,15082,614808,526333360.0,3488.0,67,3487.0,52
rb1805,20171013,20171012,210148000,3487.0,15094,614810,526751900.0,3488.0,62,3487.0,54
rb1805,20171013,20171012,210148500,3488.0,15226,614716,531356060.0,3489.0,39,3488.0,44
rb1805,20171013,20171012,210149000,3489.0,15264,614716,532681580.0,3489.0,36,3488.0,29
rb1805,20171013,20171012,210149500,3488.0,15272,614712,532960620.0,3489.0,37,3488.0,27
rb1805,20171013,20171012,210150000,3489.0,15312,614738,534356180.0,3489.0,20,3488.0,35
rb1805,20171013,20171012,210150500,3490.0,15396,614746,537286980.0,3490.0,102,3489.0,20
rb1805,20171013,20171012,210151000,3488.0,15484,614732,540357160.0,3490.0,101,3488.0,45
rb1805,20171013,20171012,210151500,3489.0,15490,614732,540566520.0,3490.0,100,3488.0,47
rb1805,20171013,20171012,210152000,3490.0,15494,614732,540706120.0,3490.0,99,3488.0,45
rb1805,20171013,20171012,210152500,3489.0,15500,614730,540915460.0,3489.0,2,3488.0,46
rb1805,20171013,20171012,210153000,3489.0,15502,614728,540985240.0,3489.0,8,3488.0,35
rb1805,20171013,20171012,210153500,3489.0,15504,614728,541055020.0,3489.0,36,3488.0,40
rb1805,20171013,20171012,210154000,3489.0,15604,614666,544543100.0,3489.0,69,3487.0,120
rb1805,20171013,20171012,210154500,3489.0,15614,614660,544892000.0,3489.0,65,3487.0,125
rb1805,20171013,20171012,210155000,3489.0,15646,614658,546008480.0,3489.0,50,3487.0,125
rb1805,20171013,20171012,210155500,3489.0,15652,614658,546217780.0,3489.0,56,3487.0,134
rb1805,20171013,20171012,210156000,3489.0,15652,614658,546217780.0,3488.0,1,3487.0,139
rb1805,20171013,20171012,210156500,3488.0,15654,614658,546287540.0,3489.0,68,3487.0,144
rb1805,20171013,20171012,210157000,3488.0,15662,614660,546566580.0,3488.0,3,3487.0,142
rb1805,20171013,20171012,210157500,3488.0,15674,614662,546985140.0,3489.0,68,3488.0,6
rb1805,20171013,20171012,210158000,3487.0,15718,614662,548519540.0,3488.0,66,3487.0,121
rb1805,20171013,20171012,210158500,3488.0,15722,614664,548659060.0,3488.0,60,3487.0,61
rb1805,20171013,20171012,210159000,3487.0,15740,614672,549286800.0,3488.0,57,3487.0,57
rb1805,20171013,20171012,210159500,3487.0,15752,614670,549705240.0,3488.0,57,3487.0,51
rb1805,20171013,20171012,210200000,3488.0,15768,614670,550263180.0,3488.0,57,3487.0,43
rb1805,20171013,20171012,210200500,3487.0,15778,614678,550611900.0,3488.0,56,3487.0,35
rb1805,20171013,20171012,210201000,3488.0,15784,614682,550821160.0,3488.0,54,3487.0,53
rb1805,20171013,20171012,210201500,3487.0,15794,614686,551169860.0,3488.0,54,3487.0,55
rb1805,20171013,20171012,210202000,3488.0,15800,614688,551379120.0,3488.0,55,3487.0,54
rb1805,20171013,20171012,210202500,3487.0,15812,614692,551797580.0,3488.0,64,3487.0,48
rb1805,20171013,20171012,210203000,3488.0,15822,614698,552146320.0,3488.0,62,3487.0,43
rb1805,20171013,20171012,210203500,3487.0,15824,614700,552216060.0,3488.0,63,3487.0,44
rb1805,20171013,20171012,210204000,3487.0,15828,614704,552355560.0,3488.0,78,3487.0,102
rb1805,20171013,20171012,210204500,3487.0,15840,614712,552774080.0,3488.0,75,3487.0,150
rb1805,20171013,20171012,210205000,3487.0,15968,614828,557238680.0,3488.0,13,3487.0,201
rb1805,20171013,20171012,210205500,3489.0,15998,614800,558285100.0,3489.0,73,3488.0,19
rb1805,20171013,20171012,210206000,3489.0,16012,614798,558773500.0,3489.0,69,3488.0,31
rb1805,20171013,20171012,210206500,3489.0,16018,614792,558982840.0,3489.0,67,3488.0,74
rb1805,20171013,20171012,210207000,3489.0,16174,614872,564424460.0,3489.0,50,3488.0,15
rb1805,20171013,20171012,210207500,3488.0,16200,614864,565331360.0,3489.0,49,3488.0,34
rb1805,20171013,20171012,210208000,3488.0,16206,614866,565540640.0,3489.0,49,3488.0,32
rb1805,20171013,20171012,210208500,3488.0,16220,614868,566028980.0,3489.0,49,3488.0,28
rb1805,20171013,20171012,210209000,3488.0,16220,614868,566028980.0,3489.0,59,3488.0,43
rb1805,20171013,20171012,210209500,3488.0,16234,614880,566517300.0,3489.0,63,3488.0,36
rb1805,20171013,20171012,210210000,3488.0,16250,614884,567075380.0,3489.0,63,3488.0,34
rb1805,20171013,20171012,210210500,3489.0,16266,614890,567633560.0,3489.0,58,3488.0,24
rb1805,20171013,20171012,210211000,3489.0,16276,614898,567982440.0,3489.0,54,3488.0,46
rb1805,20171013,20171012,210211500,3489.0,16314,614896,569308240.0,3489.0,46,3488.0,46
rb1805,20171013,20171012,210212000,3489.0,16338,614914,570145580.0,3489.0,45,3488.0,45
rb1805,20171013,20171012,210212500,3488.0,16348,614922,570494380.0,3489.0,45,3488.0,40
rb1805,20171013,20171012,210213000,3489.0,16378,614906,571541080.0,3489.0,30,3488.0,59
rb1805,20171013,20171012,210213500,3489.0,16386,614906,571820200.0,3489.0,33,3488.0,61
rb1805,20171013,20171012,210214000,3489.0,16432,614892,573425140.0,3489.0,10,3488.0,61
rb1805,20171013,20171012,210214500,3488.0,16446,614886,573913460.0,3489.0,10,3488.0,55
rb1805,20171013,20171012,210215000,3489.0,16466,614884,574611260.0,3490.0,174,3489.0,3
rb1805,20171013,20171012,210215500,3490.0,16474,614886,574890440.0,3490.0,221,3489.0,1
rb1805,20171013,20171012,210216000,3489.0,16490,614886,575448680.0,3489.0,3,3488.0,55
rb1805,20171013,20171012,210216500,3488.0,16496,614884,575658000.0,3489.0,43,3488.0,54
rb1805,20171013,20171012,210217000,3489.0,16498,614884,575727780.0,3489.0,100,3488.0,59
rb1805,20171013,20171012,210217500,3489.0,16498,614884,575727780.0,3489.0,104,3488.0,59
rb1805,20171013,20171012,210218000,3488.0,16500,614886,575797540.0,3489.0,96,3488.0,58
rb1805,20171013,20171012,210218500,3488.0,16510,614888,576146360.0,3489.0,95,3488.0,55
rb1805,20171013,20171012,210219000,3488.0,16510,614888,576146360.0,3489.0,95,3488.0,84
rb1805,20171013,20171012,210219500,3489.0,16542,614888,577262820.0,3489.0,81,3488.0,84
rb1805,20171013,20171012,210220000,3489.0,16542,614888,577262820.0,3489.0,81,3488.0,85
rb1805,20171013,20171012,210220500,3488.0,16558,614896,577820900.0,3489.0,81,3488.0,78
rb1805,20171013,20171012,210221000,3488.0,16620,614906,579983460.0,3489.0,81,3488.0,52
rb1805,20171013,20171012,210221500,3488.0,16726,614940,583680740.0,3488.0,36,3487.0,73
rb1805,20171013,20171012,210222000,3488.0,16754,614942,584657380.0,3488.0,23,3487.0,73
rb1805,20171013,20171012,210222500,3488.0,16758,614946,584796900.0,3488.0,119,3487.0,73
rb1805,20171013,20171012,210223000,3488.0,16788,614976,585843300.0,3488.0,125,3487.0,74
rb1805,20171013,20171012,210223500,3487.0,16790,614978,585913040.0,3488.0,125,3487.0,74
rb1805,20171013,20171012,210224000,3487.0,16798,614984,586192020.0,3488.0,136,3487.0,71
rb1805,20171013,20171012,210224500,3487.0,16802,614982,586331520.0,3488.0,135,3487.0,69
rb1805,20171013,20171012,210225000,3488.0,16864,614976,588493480.0,3488.0,133,3487.0,56
rb1805,20171013,20171012,210225500,3488.0,16868,614974,588633000.0,3488.0,131,3487.0,56
rb1805,20171013,20171012,210226000,3487.0,16992,614992,592957920.0,3488.0,76,3487.0,46
rb1805,20171013,20171012,210226500,3487.0,16992,614992,592957920.0,3488.0,77,3487.0,46
rb1805,20171013,20171012,210227000,3488.0,16994,614992,593027680.0,3488.0,77,3487.0,46
rb1805,20171013,20171012,210227500,3488.0,16996,614992,593097440.0,3488.0,76,3487.0,46
rb1805,20171013,20171012,210228000,3488.0,17006,614988,593446180.0,3488.0,76,3487.0,48
rb1805,20171013,20171012,210228500,3488.0,17012,614986,593655440.0,3488.0,74,3487.0,49
rb1805,20171013,20171012,210229000,3488.0,17016,614986,593794960.0,3488.0,72,3487.0,52
rb1805,20171013,20171012,210229500,3487.0,17018,614986,593864700.0,3488.0,72,3487.0,51
rb1805,20171013,20171012,210230000,3487.0,17020,614986,593934440.0,3488.0,73,3487.0,51
rb1805,20171013,20171012,210230500,3487.0,17026,614986,594143700.0,3488.0,71,3487.0,50
rb1805,20171013,20171012,210231000,3487.0,17032,614988,594352940.0,3488.0,70,3487.0,65
rb1805,20171013,20171012,210231500,3488.0,17042,614994,594701680.0,3488.0,68,3487.0,67
rb1805,20171013,20171012,210232000,3487.0,17098,615046,596654400.0,3488.0,67,3487.0,39
rb1805,20171013,20171012,210232500,3487.0,17098,615046,596654400.0,3488.0,68,3487.0,39
rb1805,20171013,20171012,210233000,3487.0,17100,615046,596724140.0,3488.0,75,3487.0,45
rb1805,20171013,20171012,210233500,3487.0,17102,615048,596793880.0,3488.0,75,3487.0,42
rb1805,20171013,20171012,210234000,3487.0,17116,615056,597282060.0,3488.0,75,3487.0,36
rb1805,20171013,20171012,210234500,3487.0,17122,615056,597491280.0,3488.0,76,3487.0,34
rb1805,20171013,20171012,210235000,3488.0,17160,615048,598816460.0,3488.0,70,3487.0,21
rb1805,20171013,20171012,210235500,3488.0,17170,615038,599165260.0,3488.0,65,3487.0,32
rb1805,20171013,20171012,210236000,3487.0,17268,615046,602583400.0,3488.0,21,3487.0,40
rb1805,20171013,20171012,210236500,3488.0,17314,615040,604187880.0,3489.0,81,3488.0,22
rb1805,20171013,20171012,210237000,3488.0,17414,614946,607676820.0,3489.0,34,3488.0,38
rb1805,20171013,20171012,210237500,3488.0,17414,614946,607676820.0,3489.0,36,3488.0,41
rb1805,20171013,20171012,210238000,3488.0,17414,614946,607676820.0,3489.0,35,3488.0,52
rb1805,20171013,20171012,210238500,3489.0,17416,614944,607746600.0,3489.0,34,3488.0,53
rb1805,20171013,20171012,210239000,3489.0,17488,614948,610258680.0,3490.0,293,3489.0,109
rb1805,20171013,20171012,210239500,3489.0,17498,614952,610607580.0,3490.0,293,3489.0,82
rb1805,20171013,20171012,210240000,3489.0,17498,614952,610607580.0,3490.0,295,3489.0,83
rb1805,20171013,20171012,210240500,3489.0,17500,614952,610677360.0,3490.0,297,3489.0,82
rb1805,20171013,20171012,210241000,3489.0,17636,614982,615422400.0,3489.0,60,3488.0,69
rb1805,20171013,20171012,210241500,3489.0,17640,614986,615561960.0,3489.0,35,3488.0,69
rb1805,20171013,20171012,210242000,3489.0,17640,614986,615561960.0,3489.0,41,3488.0,55
rb1805,20171013,20171012,210242500,3489.0,17640,614986,615561960.0,3489.0,40,3488.0,55
rb1805,20171013,20171012,210243000,3488.0,17672,615018,616678420.0,3489.0,25,3488.0,54
rb1805,20171013,20171012,210243500,3488.0,17684,615018,617096980.0,3489.0,32,3488.0,48
rb1805,20171013,20171012,210244000,3488.0,17684,615018,617096980.0,3489.0,41,3488.0,58
rb1805,20171013,20171012,210244500,3488.0,17692,615024,617376040.0,3489.0,40,3488.0,55
rb1805,20171013,20171012,210245000,3489.0,17730,615040,618701720.0,3489.0,30,3488.0,49
rb1805,20171013,20171012,210245500,3489.0,17730,615040,618701720.0,3489.0,42,3488.0,54
rb1805,20171013,20171012,210246000,3488.0,17746,615042,619259940.0,3489.0,35,3488.0,54
rb1805,20171013,20171012,210246500,3489.0,17770,615058,620097300.0,3489.0,23,3488.0,54
rb1805,20171013,20171012,210247000,3489.0,17774,615062,620236860.0,3489.0,23,3488.0,55
rb1805,20171013,20171012,210247500,3489.0,17778,615062,620376420.0,3489.0,23,3488.0,55
rb1805,20171013,20171012,210248000,3489.0,17798,615076,621074220.0,3489.0,30,3488.0,61
rb1805,20171013,20171012,210248500,3489.0,17814,615080,621632360.0,3489.0,32,3488.0,50
rb1805,20171013,20171012,210249000,3488.0,17892,615094,624353320.0,3489.0,5,3488.0,28
rb1805,20171013,20171012,210249500,3488.0,17902,615094,624702120.0,3489.0,5,3488.0,37
rb1805,20171013,20171012,210250000,3488.0,17902,615094,624702120.0,3489.0,13,3488.0,38
rb1805,20171013,20171012,210250500,3488.0,17936,615098,625888340.0,3489.0,1,3488.0,41
rb1805,20171013,20171012,210251000,3488.0,17940,615100,626027880.0,3489.0,32,3488.0,32
rb1805,20171013,20171012,210251500,3489.0,17964,615078,626865020.0,3489.0,32,3488.0,16
rb1805,20171013,20171012,210252000,3489.0,17964,615078,626865020.0,3489.0,42,3488.0,19
rb1805,20171013,20171012,210252500,3488.0,17972,615076,627144100.0,3489.0,36,3488.0,17
rb1805,20171013,20171012,210253000,3489.0,17976,615078,627283660.0,3489.0,34,3488.0,18
rb1805,20171013,20171012,210253500,3488.0,17978,615076,627353420.0,3489.0,35,3488.0,17
rb1805,20171013,20171012,210254000,3488.0,17994,615078,627911500.0,3489.0,36,3488.0,14
rb1805,20171013,20171012,210254500,3489.0,18006,615072,628330100.0,3489.0,34,3488.0,11
rb1805,20171013,20171012,210255000,3488.0,18038,615072,629446560.0,3489.0,21,3488.0,10
rb1805,20171013,20171012,210255500,3488.0,18066,615070,630423180.0,3488.0,3,3487.0,85
rb1805,20171013,20171012,210256000,3488.0,18066,615070,630423180.0,3489.0,45,3488.0,5
rb1805,20171013,20171012,210256500,3488.0,18076,615080,630771980.0,3488.0,9,3487.0,84
rb1805,20171013,20171012,210257000,3487.0,18078,615082,630841720.0,3488.0,1,3487.0,133
rb1805,20171013,20171012,210257500,3487.0,18078,615082,630841720.0,3488.0,2,3487.0,128
rb1805,20171013,20171012,210258000,3487.0,18078,615082,630841720.0,3488.0,3,3487.0,128
rb1805,20171013,20171012,210258500,3487.0,18082,615084,630981200.0,3488.0,4,3487.0,120
rb1805,20171013,20171012,210259000,3487.0,18138,615070,632933940.0,3488.0,4,3487.0,93
rb1805,20171013,20171012,210259500,3488.0,18142,615072,633073460.0,3488.0,36,3487.0,93
rb1805,20171013,20171012,210300000,3487.0,18144,615074,633143200.0,3488.0,59,3487.0,92
rb1805,20171013,20171012,210300500,3488.0,18148,615078,633282700.0,3488.0,59,3487.0,98
rb1805,20171013,20171012,210301000,3487.0,18376,615080,641233360.0,3487.0,2,3486.0,48
rb1805,20171013,20171012,210301500,3487.0,18376,615080,641233360.0,3487.0,7,3486.0,54
rb1805,20171013,20171012,210302000,3487.0,18378,615080,641303100.0,3487.0,22,3486.0,54
rb1805,20171013,20171012,210302500,3486.0,18386,615078,641582020.0,3487.0,31,3486.0,45
rb1805,20171013,20171012,210303000,3486.0,18386,615078,641582020.0,3487.0,34,3486.0,49
rb1805,20171013,20171012,210303500,3486.0,18398,615082,642000340.0,3487.0,35,3486.0,43
rb1805,20171013,20171012,210304000,3486.0,18428,615086,643046140.0,3487.0,26,3486.0,28
rb1805,20171013,20171012,210304500,3486.0,18484,615112,644998300.0,3486.0,88,3485.0,135
rb1805,20171013,20171012,210305000,3485.0,18674,615180,651619800.0,3486.0,77,3485.0,35
rb1805,20171013,20171012,210305500,3485.0,18756,615130,654477600.0,3485.0,74,3484.0,149
rb1805,20171013,20171012,210306000,3484.0,18816,615142,656568060.0,3485.0,54,3484.0,126
rb1805,20171013,20171012,210306500,3484.0,18818,615142,656637740.0,3485.0,10,3484.0,125
rb1805,20171013,20171012,210307000,3484.0,18824,615138,656846780.0,3485.0,63,3484.0,246
rb1805,20171013,20171012,210307500,3484.0,18836,615134,657264860.0,3485.0,63,3484.0,240
rb1805,20171013,20171012,210308000,3485.0,18846,615134,657613300.0,3485.0,71,3484.0,334
rb1805,20171013,20171012,210308500,3485.0,19000,615104,662980200.0,3486.0,61,3485.0,28
rb1805,20171013,20171012,210309000,3486.0,19044,615144,664513620.0,3486.0,40,3485.0,18
rb1805,20171013,20171012,210309500,3485.0,19072,615158,665489420.0,3486.0,34,3485.0,7
rb1805,20171013,20171012,210310000,3484.0,19246,615102,671552100.0,3486.0,35,3484.0,278
rb1805,20171013,20171012,210310500,3485.0,19302,615154,673503160.0,3485.0,54,3484.0,252
rb1805,20171013,20171012,210311000,3484.0,19306,615158,673642520.0,3485.0,55,3484.0,250
rb1805,20171013,20171012,210311500,3484.0,19322,615174,674200000.0,3485.0,58,3484.0,244
rb1805,20171013,20171012,210312000,3485.0,19328,615178,674409080.0,3485.0,61,3484.0,243
rb1805,20171013,20171012,210312500,3484.0,19362,615190,675593780.0,3485.0,61,3484.0,235
rb1805,20171013,20171012,210313000,3484.0,19432,615246,678032600.0,3485.0,63,3484.0,216
rb1805,20171013,20171012,210313500,3484.0,19454,615260,678799180.0,3485.0,61,3484.0,210
rb1805,20171013,20171012,210314000,3485.0,19460,615264,679008260.0,3485.0,59,3484.0,209
rb1805,20171013,20171012,210314500,3485.0,19474,615276,679496100.0,3485.0,55,3484.0,215
rb1805,20171013,20171012,210315000,3485.0,19488,615280,679983960.0,3485.0,60,3484.0,216
rb1805,20171013,20171012,210315500,3484.0,19496,615288,680262700.0,3485.0,59,3484.0,220
rb1805,20171013,20171012,210316000,3485.0,19498,615288,680332400.0,3485.0,62,3484.0,220
rb1805,20171013,20171012,210316500,3484.0,19512,615298,680820160.0,3485.0,58,3484.0,213
rb1805,20171013,20171012,210317000,3484.0,19544,615324,681935040.0,3485.0,63,3484.0,197
rb1805,20171013,20171012,210317500,3484.0,19548,615326,682074420.0,3485.0,62,3484.0,197
rb1805,20171013,20171012,210318000,3484.0,19568,615346,682771380.0,3485.0,51,3484.0,197
rb1805,20171013,20171012,210318500,3484.0,19668,615436,686255380.0,3485.0,51,3484.0,149
rb1805,20171013,20171012,210319000,3484.0,19750,615460,689112680.0,3485.0,31,3484.0,144
rb1805,20171013,20171012,210319500,3484.0,19782,615458,690227600.0,3485.0,36,3484.0,130
rb1805,20171013,20171012,210320000,3485.0,19802,615464,690924480.0,3485.0,49,3484.0,125
rb1805,20171013,20171012,210320500,3485.0,19802,615464,690924480.0,3485.0,50,3484.0,125
rb1805,20171013,20171012,210321000,3484.0,19806,615462,691063840.0,3485.0,52,3484.0,123
rb1805,20171013,20171012,210321500,3484.0,19838,615462,692178740.0,3485.0,51,3484.0,115
rb1805,20171013,20171012,210322000,3484.0,19838,615462,692178740.0,3485.0,52,3484.0,116
rb1805,20171013,20171012,210322500,3485.0,19848,615460,692527160.0,3485.0,53,3484.0,117
rb1805,20171013,20171012,210323000,3485.0,19854,615464,692736260.0,3485.0,53,3484.0,123
rb1805,20171013,20171012,210323500,3484.0,19968,615486,696708040.0,3485.0,62,3484.0,67
rb1805,20171013,20171012,210324000,3484.0,19994,615500,697613900.0,3485.0,62,3484.0,56
rb1805,20171013,20171012,210324500,3484.0,20130,615448,702353440.0,3485.0,2,3484.0,54
rb1805,20171013,20171012,210325000,3485.0,20138,615446,702632240.0,3486.0,20,3485.0,5
rb1805,20171013,20171012,210325500,3485.0,20184,615436,704235780.0,3487.0,39,3485.0,72
rb1805,20171013,20171012,210326000,3486.0,20372,615422,710790140.0,3488.0,21,3486.0,39
rb1805,20171013,20171012,210326500,3486.0,20382,615412,711138740.0,3488.0,26,3486.0,65
rb1805,20171013,20171012,210327000,3486.0,20482,615380,714625600.0,3488.0,33,3486.0,84
rb1805,20171013,20171012,210327500,3487.0,20566,615378,717555420.0,3488.0,1,3487.0,38
rb1805,20171013,20171012,210328000,3488.0,20570,615378,717694940.0,3489.0,121,3488.0,4
rb1805,20171013,20171012,210328500,3488.0,20590,615368,718392540.0,3488.0,12,3487.0,41
rb1805,20171013,20171012,210329000,3487.0,20612,615346,719159700.0,3488.0,17,3487.0,9
rb1805,20171013,20171012,210329500,3487.0,20614,615346,719229440.0,3488.0,24,3487.0,8
rb1805,20171013,20171012,210330000,3488.0,20644,615332,720275640.0,3488.0,12,3486.0,102
rb1805,20171013,20171012,210330500,3486.0,20648,615328,720415120.0,3488.0,11,3486.0,101
rb1805,20171013,20171012,210331000,3487.0,20660,615320,720833660.0,3488.0,1,3487.0,23
rb1805,20171013,20171012,210331500,3487.0,20668,615318,721112680.0,3489.0,119,3487.0,33
rb1805,20171013,20171012,210332000,3487.0,20668,615318,721112680.0,3489.0,119,3488.0,2
rb1805,20171013,20171012,210332500,3489.0,20670,615318,721182460.0,3489.0,118,3488.0,2
rb1805,20171013,20171012,210333000,3488.0,20682,615310,721601100.0,3488.0,19,3487.0,43
rb1805,20171013,20171012,210333500,3488.0,20688,615308,721810380.0,3488.0,18,3487.0,43
rb1805,20171013,20171012,210334000,3488.0,20700,615302,722228880.0,3488.0,19,3487.0,40
rb1805,20171013,20171012,210334500,3488.0,20714,615296,722717160.0,3488.0,20,3487.0,36
rb1805,20171013,20171012,210335000,3488.0,20724,615290,723065940.0,3488.0,50,3487.0,36
rb1805,20171013,20171012,210335500,3488.0,20732,615286,723344980.0,3488.0,47,3487.0,37
rb1805,20171013,20171012,210336000,3488.0,20738,615286,723554260.0,3488.0,45,3487.0,37
rb1805,20171013,20171012,210336500,3488.0,20762,615272,724391380.0,3488.0,35,3487.0,37
rb1805,20171013,20171012,210337000,3488.0,20836,615266,726972500.0,3489.0,199,3488.0,54
rb1805,20171013,20171012,210337500,3488.0,20866,615284,728018920.0,3489.0,199,3488.0,12
rb1805,20171013,20171012,210338000,3489.0,20908,615290,729483920.0,3489.0,198,3488.0,3
rb1805,20171013,20171012,210338500,3488.0,20918,615290,729832720.0,3489.0,198,3488.0,1
rb1805,20171013,20171012,210339000,3488.0,20930,615284,730251280.0,3489.0,198,3488.0,22
rb1805,20171013,20171012,210339500,3488.0,20992,615252,732413860.0,3488.0,30,3487.0,39
rb1805,20171013,20171012,210340000,3488.0,20998,615250,732623140.0,3488.0,34,3487.0,39
rb1805,20171013,20171012,210340500,3488.0,21002,615250,732762660.0,3488.0,32,3487.0,39
rb1805,20171013,20171012,210341000,3488.0,21004,615250,732832420.0,3488.0,31,3487.0,39
rb1805,20171013,20171012,210341500,3488.0,21014,615248,733181220.0,3488.0,26,3487.0,42
rb1805,20171013,20171012,210342000,3487.0,21016,615250,733250960.0,3488.0,37,3487.0,41
rb1805,20171013,20171012,210342500,3488.0,21018,615248,733320720.0,3488.0,37,3487.0,41
rb1805,20171013,20171012,210343000,3488.0,21090,615248,735831980.0,3488.0,7,3487.0,36
rb1805,20171013,20171012,210343500,3488.0,21102,615242,736250520.0,3488.0,10,3487.0,57
rb1805,20171013,20171012,210344000,3487.0,21104,615242,736320260.0,3488.0,20,3487.0,56
rb1805,20171013,20171012,210344500,3487.0,21106,615244,736390000.0,3488.0,21,3487.0,56
rb1805,20171013,20171012,210345000,3487.0,21106,615244,736390000.0,3488.0,35,3487.0,56
rb1805,20171013,20171012,210345500,3488.0,21110,615246,736529500.0,3488.0,31,3487.0,56
rb1805,20171013,20171012,210346000,3488.0,21110,615246,736529500.0,3488.0,41,3487.0,50
rb1805,20171013,20171012,210346500,3488.0,21110,615246,736529500.0,3488.0,42,3487.0,50
rb1805,20171013,20171012,210347000,3488.0,21110,615246,736529500.0,3488.0,43,3487.0,50
rb1805,20171013,20171012,210347500,3488.0,21110,615246,736529500.0,3488.0,47,3487.0,52
rb1805,20171013,20171012,210348000,3487.0,21116,615244,736738720.0,3488.0,48,3487.0,49
rb1805,20171013,20171012,210348500,3487.0,21130,615254,737226920.0,3488.0,47,3487.0,43
rb1805,20171013,20171012,210349000,3487.0,21130,615254,737226920.0,3488.0,47,3487.0,60
rb1805,20171013,20171012,210349500,3487.0,21130,615254,737226920.0,3488.0,47,3487.0,60
rb1805,20171013,20171012,210350000,3487.0,21130,615254,737226920.0,3488.0,47,3487.0,58
rb1805,20171013,20171012,210350500,3487.0,21130,615254,737226920.0,3488.0,51,3487.0,89
rb1805,20171013,20171012,210351000,3487.0,21130,615254,737226920.0,3488.0,45,3487.0,89
rb1805,20171013,20171012,210351500,3487.0,21130,615254,737226920.0,3488.0,46,3487.0,99
rb1805,20171013,20171012,210352000,3488.0,21160,615284,738273320.0,3488.0,32,3487.0,99
rb1805,20171013,20171012,210352500,3488.0,21160,615284,738273320.0,3488.0,32,3487.0,100
rb1805,20171013,20171012,210353000,3487.0,21162,615286,738343060.0,3488.0,35,3487.0,100
rb1805,20171013,20171012,210353500,3488.0,21188,615308,739249940.0,3488.0,22,3487.0,101
rb1805,20171013,20171012,210354000,3488.0,21188,615308,739249940.0,3488.0,23,3487.0,101
rb1805,20171013,20171012,210354500,3488.0,21198,615312,739598740.0,3488.0,18,3487.0,92
rb1805,20171013,20171012,210355000,3488.0,21238,615314,740993940.0,3489.0,201,3488.0,8
rb1805,20171013,20171012,210355500,3488.0,21250,615316,741412500.0,3489.0,204,3488.0,4
rb1805,20171013,20171012,210356000,3487.0,21262,615310,741831040.0,3489.0,204,3487.0,92
rb1805,20171013,20171012,210356500,3488.0,21266,615312,741970580.0,3489.0,203,3487.0,98
rb1805,20171013,20171012,210357000,3489.0,21268,615314,742040360.0,3489.0,202,3488.0,5
rb1805,20171013,20171012,210357500,3488.0,21276,615316,742319420.0,3489.0,201,3488.0,3
rb1805,20171013,20171012,210358000,3488.0,21278,615316,742389180.0,3489.0,201,3488.0,3
rb1805,20171013,20171012,210358500,3488.0,21278,615316,742389180.0,3489.0,201,3488.0,4
rb1805,20171013,20171012,210359000,3488.0,21280,615318,742458940.0,3489.0,201,3488.0,17
rb1805,20171013,20171012,210359500,3489.0,21282,615318,742528720.0,3489.0,200,3488.0,18
rb1805,20171013,20171012,210400000,3488.0,21296,615318,743017080.0,3489.0,208,3488.0,6
rb1805,20171013,20171012,210400500,3488.0,21360,615308,745249900.0,3488.0,34,3487.0,103
rb1805,20171013,20171012,210401000,3488.0,21360,615308,745249900.0,3488.0,35,3487.0,78
rb1805,20171013,20171012,210401500,3488.0,21360,615308,745249900.0,3488.0,36,3487.0,77
rb1805,20171013,20171012,210402000,3488.0,21362,615306,745319660.0,3488.0,37,3487.0,77
rb1805,20171013,20171012,210402500,3488.0,21376,615304,745807960.0,3488.0,31,3487.0,76
rb1805,20171013,20171012,210403000,3488.0,21376,615304,745807960.0,3488.0,37,3487.0,76
rb1805,20171013,20171012,210403500,3487.0,21530,615432,751177940.0,3487.0,424,3486.0,103
rb1805,20171013,20171012,210404000,3487.0,21726,615466,758010580.0,3487.0,420,3486.0,9
rb1805,20171013,20171012,210404500,3486.0,21744,615458,758638060.0,3486.0,80,3485.0,88
rb1805,20171013,20171012,210405000,3485.0,21766,615448,759404940.0,3486.0,62,3485.0,68
rb1805,20171013,20171012,210405500,3486.0,21884,615444,763518260.0,3486.0,4,3485.0,60
rb1805,20171013,20171012,210406000,3485.0,21944,615392,765609460.0,3486.0,18,3485.0,40
rb1805,20171013,20171012,210406500,3485.0,21950,615392,765818580.0,3486.0,31,3485.0,34
rb1805,20171013,20171012,210407000,3484.0,22030,615378,768606400.0,3485.0,18,3484.0,74
rb1805,20171013,20171012,210407500,3485.0,22034,615376,768745780.0,3485.0,23,3484.0,67
rb1805,20171013,20171012,210408000,3484.0,22042,615374,769024540.0,3485.0,21,3484.0,65
rb1805,20171013,20171012,210408500,3484.0,22048,615378,769233580.0,3485.0,33,3484.0,73
rb1805,20171013,20171012,210409000,3485.0,22050,615380,769303280.0,3485.0,42,3484.0,73
rb1805,20171013,20171012,210409500,3484.0,22200,615496,774529280.0,3484.0,425,3483.0,125
rb1805,20171013,20171012,210410000,3484.0,22358,615398,780032560.0,3484.0,418,3483.0,57
rb1805,20171013,20171012,210410500,3483.0,22414,615386,781983140.0,3484.0,424,3483.0,34
rb1805,20171013,20171012,210411000,3482.0,23266,616056,811665500.0,3483.0,28,3482.0,94
rb1805,20171013,20171012,210411500,3484.0,23524,616054,820652340.0,3484.0,16,3483.0,84
rb1805,20171013,20171012,210412000,3483.0,23634,616078,824484360.0,3484.0,4,3483.0,19
rb1805,20171013,20171012,210412500,3483.0,23672,616096,825808140.0,3485.0,34,3483.0,30
rb1805,20171013,20171012,210413000,3484.0,23682,616104,826156540.0,3484.0,5,3483.0,44
rb1805,20171013,20171012,210413500,3483.0,23750,616132,828525520.0,3485.0,16,3483.0,113
rb1805,20171013,20171012,210414000,3483.0,23836,616190,831522280.0,3486.0,10,3483.0,107
rb1805,20171013,20171012,210414500,3483.0,23876,616220,832915480.0,3485.0,3,3483.0,99
rb1805,20171013,20171012,210415000,3483.0,23888,616220,833333520.0,3485.0,8,3483.0,93
rb1805,20171013,20171012,210415500,3483.0,23898,616226,833681820.0,3485.0,10,3483.0,100
rb1805,20171013,20171012,210416000,3483.0,23920,616226,834448360.0,3485.0,19,3484.0,1
rb1805,20171013,20171012,210416500,3484.0,23928,616224,834727080.0,3485.0,19,3484.0,42
rb1805,20171013,20171012,210417000,3485.0,23968,616250,836121060.0,3486.0,18,3485.0,22
rb1805,20171013,20171012,210417500,3485.0,24028,616266,838211980.0,3485.0,1,3484.0,57
rb1805,20171013,20171012,210418000,3484.0,24034,616266,838421040.0,3486.0,30,3485.0,1
rb1805,20171013,20171012,210418500,3485.0,24050,616272,838978520.0,3486.0,25,3484.0,51
rb1805,20171013,20171012,210419000,3484.0,24068,616260,839605780.0,3485.0,43,3484.0,70
rb1805,20171013,20171012,210419500,3484.0,24068,616260,839605780.0,3485.0,45,3484.0,71
rb1805,20171013,20171012,210420000,3484.0,24110,616302,841069060.0,3485.0,45,3484.0,51
rb1805,20171013,20171012,210420500,3484.0,24118,616302,841347820.0,3485.0,44,3484.0,49
rb1805,20171013,20171012,210421000,3484.0,24120,616304,841417500.0,3485.0,53,3484.0,48
rb1805,20171013,20171012,210421500,3485.0,24124,616300,841556900.0,3485.0,93,3484.0,48
rb1805,20171013,20171012,210422000,3485.0,24126,616298,841626600.0,3485.0,93,3484.0,44
rb1805,20171013,20171012,210422500,3484.0,24132,616300,841835640.0,3485.0,94,3484.0,41
rb1805,20171013,20171012,210423000,3485.0,24138,616300,842044720.0,3485.0,92,3484.0,42
rb1805,20171013,20171012,210423500,3484.0,24146,616300,842323440.0,3485.0,93,3484.0,39
rb1805,20171013,20171012,210424000,3484.0,24190,616322,843856440.0,3485.0,92,3484.0,22
rb1805,20171013,20171012,210424500,3484.0,24196,616324,844065500.0,3485.0,93,3484.0,68
rb1805,20171013,20171012,210425000,3484.0,24226,616326,845110780.0,3485.0,92,3484.0,57
rb1805,20171013,20171012,210425500,3485.0,24246,616324,845807740.0,3485.0,104,3484.0,56
rb1805,20171013,20171012,210426000,3485.0,24250,616324,845947120.0,3485.0,96,3484.0,61
rb1805,20171013,20171012,210426500,3485.0,24256,616326,846156200.0,3485.0,94,3484.0,60
rb1805,20171013,20171012,210427000,3485.0,24280,616328,846992380.0,3485.0,103,3484.0,49
rb1805,20171013,20171012,210427500,3485.0,24282,616326,847062080.0,3485.0,103,3484.0,43
rb1805,20171013,20171012,210428000,3484.0,24288,616326,847271120.0,3485.0,104,3484.0,41
rb1805,20171013,20171012,210428500,3485.0,24292,616324,847410520.0,3485.0,104,3484.0,42
rb1805,20171013,20171012,210429000,3485.0,24404,616338,851313500.0,3485.0,61,3484.0,34
rb1805,20171013,20171012,210429500,3484.0,24426,616336,852080000.0,3485.0,61,3484.0,30
rb1805,20171013,20171012,210430000,3484.0,24426,616336,852080000.0,3485.0,61,3484.0,39
rb1805,20171013,20171012,210430500,3484.0,24448,616336,852846660.0,3485.0,53,3484.0,37
rb1805,20171013,20171012,210431000,3485.0,24464,616326,853404260.0,3485.0,46,3484.0,39
rb1805,20171013,20171012,210431500,3484.0,24500,616328,854658500.0,3485.0,49,3484.0,41
rb1805,20171013,20171012,210432000,3484.0,24502,616330,854728180.0,3485.0,54,3484.0,61
rb1805,20171013,20171012,210432500,3485.0,24504,616332,854797880.0,3485.0,53,3484.0,64
rb1805,20171013,20171012,210433000,3485.0,24528,616332,855634160.0,3485.0,47,3484.0,64
rb1805,20171013,20171012,210433500,3485.0,24552,616332,856470560.0,3485.0,36,3484.0,75
rb1805,20171013,20171012,210434000,3484.0,24556,616330,856609940.0,3485.0,38,3484.0,76
rb1805,20171013,20171012,210434500,3484.0,24556,616330,856609940.0,3485.0,38,3484.0,78
rb1805,20171013,20171012,210435000,3485.0,24570,616326,857097720.0,3485.0,37,3484.0,80
rb1805,20171013,20171012,210435500,3484.0,24578,616318,857376460.0,3485.0,40,3484.0,77
rb1805,20171013,20171012,210436000,3484.0,24742,616402,863090300.0,3484.0,22,3483.0,154
rb1805,20171013,20171012,210436500,3484.0,24742,616402,863090300.0,3484.0,34,3483.0,155
rb1805,20171013,20171012,210437000,3483.0,24770,616408,864065620.0,3484.0,44,3483.0,145
rb1805,20171013,20171012,210437500,3484.0,24772,616408,864135300.0,3484.0,44,3483.0,135
rb1805,20171013,20171012,210438000,3484.0,24774,616408,864204980.0,3484.0,44,3483.0,135
rb1805,20171013,20171012,210438500,3483.0,25046,616502,873678740.0,3483.0,364,3482.0,101
rb1805,20171013,20171012,210439000,3483.0,25258,616488,881060680.0,3483.0,361,3481.0,161
rb1805,20171013,20171012,210439500,3483.0,25260,616488,881130340.0,3482.0,29,3481.0,162
rb1805,20171013,20171012,210440000,3483.0,25262,616488,881200000.0,3482.0,28,3481.0,162
rb1805,20171013,20171012,210440500,3481.0,25270,616486,881478480.0,3482.0,46,3481.0,159
rb1805,20171013,20171012,210441000,3481.0,25530,616406,890529360.0,3482.0,56,3481.0,43
rb1805,20171013,20171012,210441500,3480.0,25724,616276,897281440.0,3481.0,99,3480.0,421
rb1805,20171013,20171012,210442000,3481.0,25974,616062,905982040.0,3481.0,27,3480.0,330
rb1805,20171013,20171012,210442500,3480.0,26110,616026,910715140.0,3481.0,19,3480.0,277
rb1805,20171013,20171012,210443000,3480.0,26122,616030,911132780.0,3481.0,18,3480.0,279
rb1805,20171013,20171012,210443500,3480.0,26302,616020,917396780.0,3481.0,22,3480.0,191
rb1805,20171013,20171012,210444000,3481.0,26320,616028,918023260.0,3481.0,35,3480.0,186
rb1805,20171013,20171012,210444500,3482.0,26394,615988,920599200.0,3481.0,1,3480.0,185
rb1805,20171013,20171012,210445000,3481.0,26610,616024,928118160.0,3482.0,45,3481.0,2
rb1805,20171013,20171012,210445500,3481.0,26886,616104,937724600.0,3482.0,20,3481.0,18
rb1805,20171013,20171012,210446000,3480.0,27104,616176,945313700.0,3481.0,21,3480.0,125
rb1805,20171013,20171012,210446500,3480.0,27348,616346,953806340.0,3483.0,369,3480.0,78
rb1805,20171013,20171012,210447000,3480.0,27390,616350,955268100.0,3481.0,8,3480.0,72
rb1805,20171013,20171012,210447500,3480.0,27494,616398,958887980.0,3481.0,413,3480.0,46
rb1805,20171013,20171012,210448000,3480.0,27530,616378,960140880.0,3481.0,408,3480.0,29
rb1805,20171013,20171012,210448500,3480.0,27550,616382,960836900.0,3481.0,410,3480.0,22
rb1805,20171013,20171012,210449000,3480.0,27610,616406,962924900.0,3480.0,81,3479.0,138
rb1805,20171013,20171012,210449500,3480.0,27750,616428,967796880.0,3480.0,17,3479.0,136
rb1805,20171013,20171012,210450000,3480.0,27788,616426,969119340.0,3481.0,421,3480.0,6
rb1805,20171013,20171012,210450500,3480.0,27924,616430,973851120.0,3480.0,2,3479.0,86
rb1805,20171013,20171012,210451000,3480.0,27974,616406,975591200.0,3481.0,419,3480.0,5
rb1805,20171013,20171012,210451500,3481.0,28000,616390,976496020.0,3480.0,2,3479.0,91
rb1805,20171013,20171012,210452000,3480.0,28052,616346,978305940.0,3481.0,404,3480.0,28
rb1805,20171013,20171012,210452500,3480.0,28068,616342,978862760.0,3481.0,406,3480.0,19
rb1805,20171013,20171012,210453000,3480.0,28086,616332,979489200.0,3481.0,409,3480.0,27
rb1805,20171013,20171012,210453500,3480.0,28182,616378,982829960.0,3481.0,406,3480.0,27
rb1805,20171013,20171012,210454000,3480.0,28234,616424,984639580.0,3481.0,425,3480.0,24
rb1805,20171013,20171012,210454500,3481.0,28252,616416,985266020.0,3481.0,424,3480.0,19
rb1805,20171013,20171012,210455000,3480.0,28272,616416,985962080.0,3481.0,424,3480.0,85
rb1805,20171013,20171012,210455500,3480.0,28338,616436,988258900.0,3481.0,423,3480.0,55
rb1805,20171013,20171012,210456000,3480.0,28424,616436,991251740.0,3481.0,427,3480.0,34
rb1805,20171013,20171012,210456500,3480.0,28438,616430,991738960.0,3481.0,427,3480.0,60
rb1805,20171013,20171012,210457000,3480.0,28576,616448,996541420.0,3480.0,61,3479.0,102
rb1805,20171013,20171012,210457500,3480.0,28604,616468,997515800.0,3480.0,93,3479.0,101
rb1805,20171013,20171012,210458000,3480.0,28608,616472,997655000.0,3480.0,106,3479.0,102
rb1805,20171013,20171012,210458500,3480.0,28704,616454,1000994980.0,3480.0,174,3479.0,62
rb1805,20171013,20171012,210459000,3479.0,28760,616494,1002943380.0,3480.0,168,3479.0,43
rb1805,20171013,20171012,210459500,3479.0,28912,616492,1008231260.0,3479.0,19,3478.0,94
rb1805,20171013,20171012,210500000,3478.0,28934,616490,1008996440.0,3479.0,58,3478.0,81
rb1805,20171013,20171012,210500500,3478.0,29138,616464,1016091920.0,3478.0,18,3477.0,135
rb1805,20171013,20171012,210501000,3478.0,29144,616462,1016300580.0,3478.0,28,3477.0,131
rb1805,20171013,20171012,210501500,3478.0,29154,616456,1016648360.0,3478.0,24,3477.0,132
rb1805,20171013,20171012,210502000,3478.0,29212,616456,1018665460.0,3478.0,5,3477.0,125
rb1805,20171013,20171012,210502500,3478.0,29270,616444,1020682720.0,3479.0,63,3478.0,33
rb1805,20171013,20171012,210503000,3478.0,29368,616400,1024091100.0,3478.0,1,3477.0,124
rb1805,20171013,20171012,210503500,3478.0,29490,616406,1028334300.0,3479.0,43,3478.0,23
rb1805,20171013,20171012,210504000,3479.0,29492,616404,1028403880.0,3479.0,37,3478.0,51
rb1805,20171013,20171012,210504500,3478.0,29526,616400,1029586560.0,3479.0,29,3478.0,127
rb1805,20171013,20171012,210505000,3478.0,29942,616564,1044056260.0,3478.0,1,3477.0,119
rb1805,20171013,20171012,210505500,3478.0,30158,616648,1051568740.0,3480.0,529,3478.0,15
rb1805,20171013,20171012,210506000,3478.0,30392,616728,1059705420.0,3478.0,1,3477.0,39
rb1805,20171013,20171012,210506500,3478.0,30524,616730,1064297140.0,3478.0,78,3477.0,50
rb1805,20171013,20171012,210507000,3479.0,30686,616884,1069931540.0,3480.0,525,3479.0,7
rb1805,20171013,20171012,210507500,3480.0,30766,616880,1072714960.0,3479.0,1,3478.0,42
rb1805,20171013,20171012,210508000,3479.0,30776,616882,1073062900.0,3480.0,508,3478.0,44
rb1805,20171013,20171012,210508500,3480.0,30788,616884,1073480460.0,3480.0,505,3478.0,44
rb1805,20171013,20171012,210509000,3479.0,30790,616884,1073550040.0,3479.0,9,3478.0,53
rb1805,20171013,20171012,210509500,3479.0,30812,616886,1074315420.0,3480.0,501,3479.0,40
rb1805,20171013,20171012,210510000,3479.0,30898,616814,1077307340.0,3479.0,71,3478.0,68
rb1805,20171013,20171012,210510500,3478.0,30944,616858,1078907660.0,3479.0,49,3478.0,102
rb1805,20171013,20171012,210511000,3479.0,30954,616864,1079255540.0,3479.0,45,3478.0,87
rb1805,20171013,20171012,210511500,3478.0,31006,616868,1081064600.0,3479.0,21,3478.0,87
rb1805,20171013,20171012,210512000,3479.0,31016,616858,1081412500.0,3479.0,21,3478.0,91
rb1805,20171013,20171012,210512500,3479.0,31046,616876,1082455980.0,3479.0,19,3478.0,97
rb1805,20171013,20171012,210513000,3479.0,31050,616876,1082595120.0,3479.0,18,3478.0,108
rb1805,20171013,20171012,210513500,3479.0,31068,616864,1083221340.0,3479.0,10,3478.0,111
rb1805,20171013,20171012,210514000,3479.0,31112,616902,1084752100.0,3480.0,515,3479.0,23
rb1805,20171013,20171012,210514500,3479.0,31154,616908,1086213300.0,3480.0,518,3479.0,4
rb1805,20171013,20171012,210515000,3478.0,31338,616892,1092612900.0,3480.0,524,3478.0,32
rb1805,20171013,20171012,210515500,3479.0,31404,616868,1094908400.0,3479.0,57,3478.0,13
rb1805,20171013,20171012,210516000,3479.0,31420,616862,1095465040.0,3479.0,50,3478.0,14
rb1805,20171013,20171012,210516500,3478.0,31426,616868,1095673760.0,3479.0,65,3478.0,14
rb1805,20171013,20171012,210517000,3478.0,31436,616866,1096021580.0,3479.0,65,3478.0,11
rb1805,20171013,20171012,210517500,3478.0,31442,616866,1096230280.0,3479.0,71,3478.0,10
rb1805,20171013,20171012,210518000,3479.0,31448,616868,1096439000.0,3479.0,75,3478.0,9
rb1805,20171013,20171012,210518500,3479.0,31450,616866,1096508580.0,3479.0,76,3478.0,10
rb1805,20171013,20171012,210519000,3478.0,31482,616876,1097621580.0,3478.0,3,3477.0,83
rb1805,20171013,20171012,210519500,3479.0,31498,616870,1098178120.0,3479.0,76,3478.0,2
rb1805,20171013,20171012,210520000,3478.0,31504,616868,1098386800.0,3478.0,8,3477.0,85
rb1805,20171013,20171012,210520500,3479.0,31522,616864,1099012860.0,3479.0,91,3478.0,19
rb1805,20171013,20171012,210521000,3478.0,31524,616864,1099082420.0,3479.0,96,3478.0,18
rb1805,20171013,20171012,210521500,3478.0,31554,616870,1100125820.0,3478.0,40,3477.0,66
rb1805,20171013,20171012,210522000,3477.0,31566,616872,1100543160.0,3478.0,38,3477.0,61
rb1805,20171013,20171012,210522500,3478.0,31598,616882,1101655920.0,3478.0,63,3477.0,51
rb1805,20171013,20171012,210523000,3478.0,31606,616890,1101934160.0,3478.0,68,3477.0,51
rb1805,20171013,20171012,210523500,3477.0,31638,616916,1103047040.0,3478.0,79,3477.0,47
rb1805,20171013,20171012,210524000,3478.0,31670,616914,1104160000.0,3478.0,64,3477.0,48
rb1805,20171013,20171012,210524500,3478.0,31730,616860,1106246760.0,3478.0,36,3477.0,48
rb1805,20171013,20171012,210525000,3478.0,31772,616850,1107707320.0,3478.0,26,3477.0,39
rb1805,20171013,20171012,210525500,3477.0,31874,616782,1111253900.0,3477.0,11,3476.0,147
rb1805,20171013,20171012,210526000,3477.0,31964,616748,1114383200.0,3477.0,26,3476.0,142
rb1805,20171013,20171012,210526500,3476.0,31996,616728,1115495660.0,3477.0,28,3476.0,134
rb1805,20171013,20171012,210527000,3476.0,32082,616682,1118485140.0,3477.0,26,3476.0,99
rb1805,20171013,20171012,210527500,3477.0,32120,616688,1119806200.0,3477.0,43,3476.0,90
rb1805,20171013,20171012,210528000,3477.0,32290,616756,1125715740.0,3477.0,28,3476.0,48
rb1805,20171013,20171012,210528500,3476.0,32396,616826,1129400300.0,3476.0,20,3475.0,182
rb1805,20171013,20171012,210529000,3476.0,32412,616834,1129956400.0,3476.0,17,3475.0,176
rb1805,20171013,20171012,210529500,3476.0,32438,616830,1130859960.0,3476.0,41,3475.0,171
rb1805,20171013,20171012,210530000,3476.0,32454,616836,1131416120.0,3476.0,88,3475.0,171
rb1805,20171013,20171012,210530500,3476.0,32490,616850,1132667460.0,3476.0,72,3475.0,171
rb1805,20171013,20171012,210531000,3476.0,32494,616848,1132806480.0,3476.0,71,3475.0,170
rb1805,20171013,20171012,210531500,3475.0,32520,616828,1133710120.0,3476.0,64,3475.0,167
rb1805,20171013,20171012,210532000,3475.0,32822,616880,1144204760.0,3476.0,57,3475.0,23
rb1805,20171013,20171012,210532500,3475.0,32900,616846,1146915320.0,3475.0,4,3474.0,111
rb1805,20171013,20171012,210533000,3475.0,32918,616844,1147540840.0,3475.0,4,3474.0,108
rb1805,20171013,20171012,210533500,3476.0,32932,616844,1148027380.0,3476.0,54,3475.0,4
rb1805,20171013,20171012,210534000,3476.0,32968,616842,1149278560.0,3476.0,48,3475.0,23
rb1805,20171013,20171012,210534500,3475.0,33094,616928,1153657080.0,3476.0,50,3475.0,20
rb1805,20171013,20171012,210535000,3474.0,33378,616936,1163525860.0,3476.0,11,3474.0,79
rb1805,20171013,20171012,210535500,3474.0,33416,616952,1164846100.0,3476.0,14,3474.0,66
rb1805,20171013,20171012,210536000,3475.0,33466,616984,1166583300.0,3475.0,13,3474.0,49
rb1805,20171013,20171012,210536500,3475.0,33492,617006,1167486580.0,3475.0,20,3474.0,39
rb1805,20171013,20171012,210537000,3474.0,33558,617000,1169779520.0,3475.0,19,3474.0,13
rb1805,20171013,20171012,210537500,3475.0,33624,617016,1172073000.0,3475.0,5,3474.0,14
rb1805,20171013,20171012,210538000,3474.0,33642,617030,1172698400.0,3475.0,1,3474.0,16
rb1805,20171013,20171012,210538500,3474.0,33676,617040,1173879580.0,3476.0,27,3475.0,8
rb1805,20171013,20171012,210539000,3474.0,33776,617064,1177354080.0,3476.0,28,3475.0,16
rb1805,20171013,20171012,210539500,3473.0,33896,617016,1181523160.0,3474.0,282,3473.0,161
rb1805,20171013,20171012,210540000,3473.0,34040,616934,1186524460.0,3474.0,276,3473.0,101
rb1805,20171013,20171012,210540500,3473.0,34390,616906,1198682040.0,3474.0,218,3473.0,38
rb1805,20171013,20171012,210541000,3473.0,34512,616870,1202918640.0,3474.0,226,3473.0,2
rb1805,20171013,20171012,210541500,3473.0,34580,616860,1205279960.0,3474.0,228,3472.0,57
rb1805,20171013,20171012,210542000,3473.0,34620,616848,1206669060.0,3474.0,224,3473.0,36
rb1805,20171013,20171012,210542500,3474.0,34744,616834,1210976000.0,3474.0,202,3473.0,16
rb1805,20171013,20171012,210543000,3472.0,34784,616828,1212365180.0,3473.0,4,3472.0,58
rb1805,20171013,20171012,210543500,3473.0,34864,616748,1215143580.0,3474.0,203,3473.0,68
rb1805,20171013,20171012,210544000,3473.0,34904,616760,1216532920.0,3474.0,196,3473.0,47
rb1805,20171013,20171012,210544500,3473.0,34918,616768,1217019160.0,3474.0,195,3473.0,45
rb1805,20171013,20171012,210545000,3472.0,35068,616738,1222228360.0,3473.0,1,3472.0,46
rb1805,20171013,20171012,210545500,3472.0,35084,616732,1222783960.0,3473.0,12,3472.0,44
rb1805,20171013,20171012,210546000,3473.0,35094,616728,1223131260.0,3473.0,63,3472.0,60
rb1805,20171013,20171012,210546500,3473.0,35164,616766,1225562320.0,3473.0,27,3472.0,59
rb1805,20171013,20171012,210547000,3473.0,35198,616776,1226743100.0,3473.0,18,3472.0,85
rb1805,20171013,20171012,210547500,3473.0,35240,616804,1228201780.0,3474.0,202,3473.0,32
rb1805,20171013,20171012,210548000,3474.0,35420,616852,1234452500.0,3474.0,172,3473.0,18
rb1805,20171013,20171012,210548500,3474.0,35514,616786,1237717760.0,3474.0,141,3473.0,19
rb1805,20171013,20171012,210549000,3474.0,35536,616768,1238481960.0,3474.0,134,3473.0,34
rb1805,20171013,20171012,210549500,3474.0,35564,616744,1239454420.0,3474.0,133,3473.0,52
rb1805,20171013,20171012,210550000,3473.0,35592,616718,1240427120.0,3474.0,122,3473.0,49
rb1805,20171013,20171012,210550500,3473.0,35706,616624,1244387280.0,3474.0,75,3473.0,83
rb1805,20171013,20171012,210551000,3474.0,35768,616616,1246541080.0,3474.0,49,3473.0,92
rb1805,20171013,20171012,210551500,3474.0,35846,616622,1249250660.0,3474.0,40,3473.0,86
rb1805,20171013,20171012,210552000,3474.0,35874,616642,1250223380.0,3474.0,26,3473.0,144
rb1805,20171013,20171012,210552500,3473.0,35930,616648,1252168780.0,3475.0,111,3473.0,146
rb1805,20171013,20171012,210553000,3473.0,35950,616656,1252863480.0,3475.0,111,3473.0,142
rb1805,20171013,20171012,210553500,3473.0,35964,616654,1253349760.0,3475.0,71,3473.0,144
rb1805,20171013,20171012,210554000,3475.0,35968,616654,1253488720.0,3475.0,70,3474.0,32
rb1805,20171013,20171012,210554500,3475.0,35976,616652,1253766660.0,3475.0,74,3474.0,30
rb1805,20171013,20171012,210555000,3474.0,35998,616648,1254531080.0,3475.0,59,3474.0,42
rb1805,20171013,20171012,210555500,3474.0,36086,616666,1257588280.0,3475.0,56,3474.0,47
rb1805,20171013,20171012,210556000,3474.0,36242,616642,1263007560.0,3474.0,33,3473.0,216
rb1805,20171013,20171012,210556500,3474.0,36320,616566,1265717380.0,3475.0,48,3474.0,36
rb1805,20171013,20171012,210557000,3475.0,36328,616560,1265995360.0,3475.0,48,3474.0,37
rb1805,20171013,20171012,210557500,3474.0,36332,616560,1266134340.0,3475.0,27,3474.0,51
rb1805,20171013,20171012,210558000,3475.0,36350,616558,1266759780.0,3475.0,36,3474.0,60
rb1805,20171013,20171012,210558500,3474.0,36368,616560,1267385260.0,3475.0,44,3474.0,63
rb1805,20171013,20171012,210559000,3474.0,36374,616556,1267593740.0,3475.0,52,3474.0,86
rb1805,20171013,20171012,210559500,3474.0,36430,616550,1269539640.0,3475.0,29,3474.0,82
rb1805,20171013,20171012,210600000,3475.0,36432,616548,1269609140.0,3475.0,33,3474.0,106
rb1805,20171013,20171012,210600500,3474.0,36534,616526,1273153360.0,3476.0,111,3475.0,11
rb1805,20171013,20171012,210601000,3475.0,36614,616518,1275933360.0,3475.0,75,3474.0,73
rb1805,20171013,20171012,210601500,3474.0,36628,616506,1276419760.0,3475.0,59,3474.0,72
rb1805,20171013,20171012,210602000,3475.0,36630,616504,1276489260.0,3475.0,58,3474.0,75
rb1805,20171013,20171012,210602500,3475.0,36658,616502,1277462240.0,3475.0,46,3474.0,74
rb1805,20171013,20171012,210603000,3475.0,36778,616502,1281632200.0,3476.0,110,3475.0,3
rb1805,20171013,20171012,210603500,3475.0,36818,616520,1283022400.0,3476.0,100,3475.0,1
rb1805,20171013,20171012,210604000,3475.0,36826,616520,1283300400.0,3476.0,97,3475.0,10
rb1805,20171013,20171012,210604500,3475.0,36882,616538,1285246620.0,3476.0,86,3475.0,1
rb1805,20171013,20171012,210605000,3475.0,36894,616542,1285663640.0,3476.0,85,3475.0,6
rb1805,20171013,20171012,210605500,3476.0,36914,616540,1286358780.0,3476.0,97,3475.0,11
rb1805,20171013,20171012,210606000,3476.0,36992,616550,1289069940.0,3476.0,65,3475.0,12
rb1805,20171013,20171012,210606500,3476.0,37002,616544,1289417540.0,3476.0,61,3475.0,68
rb1805,20171013,20171012,210607000,3475.0,37046,616568,1290946660.0,3476.0,55,3475.0,63
rb1805,20171013,20171012,210607500,3476.0,37050,616566,1291085700.0,3476.0,54,3475.0,77
rb1805,20171013,20171012,210608000,3476.0,37172,616582,1295326300.0,3477.0,41,3476.0,8
rb1805,20171013,20171012,210608500,3477.0,37200,616582,1296299800.0,3477.0,36,3476.0,6
rb1805,20171013,20171012,210609000,3477.0,37212,616584,1296717040.0,3477.0,34,3476.0,12
rb1805,20171013,20171012,210609500,3477.0,37272,616580,1298803240.0,3477.0,10,3476.0,14
rb1805,20171013,20171012,210610000,3477.0,37278,616580,1299011840.0,3477.0,50,3476.0,21
rb1805,20171013,20171012,210610500,3477.0,37284,616580,1299220440.0,3477.0,53,3476.0,21
rb1805,20171013,20171012,210611000,3477.0,37340,616574,1301167540.0,3477.0,26,3476.0,21
rb1805,20171013,20171012,210611500,3477.0,37374,616568,1302349700.0,3477.0,15,3476.0,21
rb1805,20171013,20171012,210612000,3476.0,37422,616548,1304018560.0,3477.0,4,3476.0,17
rb1805,20171013,20171012,210612500,3477.0,37428,616542,1304227180.0,3477.0,5,3476.0,19
rb1805,20171013,20171012,210613000,3477.0,37442,616542,1304713960.0,3477.0,2,3476.0,24
rb1805,20171013,20171012,210613500,3478.0,37450,616544,1304992120.0,3478.0,131,3477.0,2
rb1805,20171013,20171012,210614000,3478.0,37484,616542,1306174520.0,3478.0,121,3477.0,4
rb1805,20171013,20171012,210614500,3477.0,37496,616550,1306591760.0,3478.0,134,3476.0,26
rb1805,20171013,20171012,210615000,3478.0,37508,616552,1307009080.0,3478.0,131,3476.0,27
rb1805,20171013,20171012,210615500,3478.0,37514,616550,1307217760.0,3478.0,128,3477.0,1
rb1805,20171013,20171012,210616000,3478.0,37538,616546,1308052440.0,3477.0,1,3476.0,31
rb1805,20171013,20171012,210616500,3477.0,37548,616548,1308400160.0,3478.0,138,3477.0,10
rb1805,20171013,20171012,210617000,3478.0,37624,616516,1311043000.0,3478.0,123,3477.0,2
rb1805,20171013,20171012,210617500,3476.0,37660,616544,1312294680.0,3477.0,3,3476.0,30
rb1805,20171013,20171012,210618000,3477.0,37662,616544,1312364220.0,3477.0,63,3476.0,33
rb1805,20171013,20171012,210618500,3477.0,37702,616566,1313755020.0,3477.0,68,3476.0,23
rb1805,20171013,20171012,210619000,3477.0,37714,616566,1314172260.0,3477.0,122,3476.0,88
rb1805,20171013,20171012,210619500,3476.0,37716,616564,1314241780.0,3477.0,124,3476.0,89
rb1805,20171013,20171012,210620000,3477.0,37726,616568,1314589480.0,3477.0,117,3476.0,99
rb1805,20171013,20171012,210620500,3477.0,37828,616646,1318136020.0,3477.0,66,3476.0,99
rb1805,20171013,20171012,210621000,3477.0,37830,616646,1318205560.0,3477.0,46,3476.0,100
rb1805,20171013,20171012,210621500,3477.0,37892,616668,1320361200.0,3477.0,21,3476.0,104
rb1805,20171013,20171012,210622000,3478.0,37936,616700,1321891100.0,3478.0,128,3477.0,11
rb1805,20171013,20171012,210622500,3477.0,37940,616704,1322030180.0,3478.0,128,3477.0,8
rb1805,20171013,20171012,210623000,3477.0,37940,616704,1322030180.0,3478.0,128,3477.0,21
rb1805,20171013,20171012,210623500,3477.0,38052,616712,1325924440.0,3477.0,6,3476.0,161
rb1805,20171013,20171012,210624000,3478.0,38096,616706,1327454540.0,3478.0,116,3477.0,6
rb1805,20171013,20171012,210624500,3476.0,38148,616696,1329262380.0,3478.0,112,3476.0,165
rb1805,20171013,20171012,210625000,3478.0,38222,616688,1331836060.0,3478.0,78,3477.0,30
rb1805,20171013,20171012,210625500,3478.0,38226,616688,1331975160.0,3478.0,78,3477.0,33
rb1805,20171013,20171012,210626000,3478.0,38230,616692,1332114280.0,3478.0,77,3477.0,55
rb1805,20171013,20171012,210626500,3478.0,38240,616692,1332462080.0,3478.0,72,3477.0,60
rb1805,20171013,20171012,210627000,3478.0,38242,616694,1332531640.0,3478.0,72,3477.0,66
rb1805,20171013,20171012,210627500,3478.0,38244,616696,1332601200.0,3478.0,91,3477.0,66
rb1805,20171013,20171012,210628000,3477.0,38246,616698,1332670740.0,3478.0,91,3477.0,58
rb1805,20171013,20171012,210628500,3478.0,38288,616728,1334131500.0,3478.0,71,3477.0,64
rb1805,20171013,20171012,210629000,3478.0,38294,616728,1334340180.0,3478.0,70,3477.0,66
rb1805,20171013,20171012,210629500,3478.0,38296,616728,1334409740.0,3478.0,69,3477.0,65
rb1805,20171013,20171012,210630000,3478.0,38304,616732,1334687940.0,3478.0,74,3477.0,69
rb1805,20171013,20171012,210630500,3478.0,38458,616742,1340044060.0,3479.0,192,3478.0,15
rb1805,20171013,20171012,210631000,3478.0,38460,616744,1340113620.0,3479.0,162,3478.0,12
rb1805,20171013,20171012,210631500,3478.0,38492,616756,1341226800.0,3479.0,152,3478.0,31
rb1805,20171013,20171012,210632000,3479.0,38498,616750,1341435540.0,3479.0,148,3478.0,45
rb1805,20171013,20171012,210632500,3479.0,38516,616754,1342061660.0,3479.0,145,3478.0,44
rb1805,20171013,20171012,210633000,3479.0,38526,616754,1342409560.0,3479.0,141,3478.0,130
rb1805,20171013,20171012,210633500,3479.0,38572,616796,1344009500.0,3479.0,143,3478.0,113
rb1805,20171013,20171012,210634000,3478.0,38620,616840,1345679020.0,3479.0,140,3478.0,93
rb1805,20171013,20171012,210634500,3478.0,38648,616834,1346653020.0,3479.0,133,3478.0,88
rb1805,20171013,20171012,210635000,3479.0,38656,616836,1346931340.0,3479.0,129,3478.0,88
rb1805,20171013,20171012,210635500,3479.0,38670,616838,1347418300.0,3479.0,129,3478.0,89
rb1805,20171013,20171012,210636000,3479.0,38676,616840,1347627020.0,3479.0,129,3478.0,95
rb1805,20171013,20171012,210636500,3479.0,38700,616862,1348461800.0,3479.0,126,3478.0,87
rb1805,20171013,20171012,210637000,3479.0,38700,616862,1348461800.0,3479.0,127,3478.0,87
rb1805,20171013,20171012,210637500,3479.0,38702,616864,1348531380.0,3479.0,126,3478.0,87
rb1805,20171013,20171012,210638000,3479.0,38706,616868,1348670540.0,3479.0,124,3478.0,287
rb1805,20171013,20171012,210638500,3479.0,38722,616870,1349227180.0,3479.0,116,3478.0,287
rb1805,20171013,20171012,210639000,3479.0,38744,616884,1349992540.0,3479.0,107,3478.0,287
rb1805,20171013,20171012,210639500,3479.0,38750,616886,1350201280.0,3479.0,108,3478.0,287
rb1805,20171013,20171012,210640000,3479.0,38794,616882,1351732040.0,3479.0,87,3478.0,288
rb1805,20171013,20171012,210640500,3479.0,38846,616882,1353541080.0,3479.0,73,3478.0,286
rb1805,20171013,20171012,210641000,3479.0,38942,616902,1356880720.0,3479.0,97,3478.0,276
rb1805,20171013,20171012,210641500,3479.0,38952,616902,1357228600.0,3479.0,115,3478.0,275
rb1805,20171013,20171012,210642000,3479.0,38980,616904,1358202620.0,3479.0,117,3478.0,270
rb1805,20171013,20171012,210642500,3478.0,39044,616906,1360428540.0,3479.0,119,3478.0,238
rb1805,20171013,20171012,210643000,3478.0,39046,616908,1360498100.0,3479.0,120,3478.0,240
rb1805,20171013,20171012,210643500,3479.0,39088,616936,1361959260.0,3479.0,103,3478.0,234
rb1805,20171013,20171012,210644000,3479.0,39090,616936,1362028840.0,3479.0,102,3478.0,234
rb1805,20171013,20171012,210644500,3478.0,39112,616938,1362794160.0,3479.0,96,3478.0,231
rb1805,20171013,20171012,210645000,3478.0,39112,616938,1362794160.0,3479.0,97,3478.0,231
rb1805,20171013,20171012,210645500,3478.0,39124,616940,1363211620.0,3479.0,93,3478.0,230
rb1805,20171013,20171012,210646000,3479.0,39146,616934,1363977000.0,3479.0,82,3478.0,230
rb1805,20171013,20171012,210646500,3478.0,39150,616936,1364116140.0,3479.0,81,3478.0,237
rb1805,20171013,20171012,210647000,3479.0,39152,616936,1364185720.0,3479.0,80,3478.0,240
rb1805,20171013,20171012,210647500,3478.0,39156,616934,1364324860.0,3479.0,87,3478.0,241
rb1805,20171013,20171012,210648000,3478.0,39156,616934,1364324860.0,3479.0,89,3478.0,242
rb1805,20171013,20171012,210648500,3479.0,39280,616836,1368638740.0,3479.0,37,3478.0,243
rb1805,20171013,20171012,210649000,3479.0,39302,616814,1369404120.0,3479.0,59,3478.0,243
rb1805,20171013,20171012,210649500,3479.0,39406,616846,1373022260.0,3479.0,10,3478.0,243
rb1805,20171013,20171012,210650000,3478.0,39436,616852,1374065920.0,3479.0,10,3478.0,244
rb1805,20171013,20171012,210650500,3479.0,39456,616854,1374761720.0,3479.0,8,3478.0,244
rb1805,20171013,20171012,210651000,3478.0,39474,616852,1375387920.0,3480.0,260,3479.0,5
rb1805,20171013,20171012,210651500,3479.0,39492,616860,1376014140.0,3479.0,38,3478.0,243
rb1805,20171013,20171012,210652000,3478.0,39532,616832,1377405660.0,3479.0,11,3478.0,246
rb1805,20171013,20171012,210652500,3479.0,39534,616832,1377475240.0,3479.0,5,3478.0,247
rb1805,20171013,20171012,210653000,3479.0,39554,616828,1378171040.0,3480.0,272,3479.0,7
rb1805,20171013,20171012,210653500,3479.0,39570,616842,1378727680.0,3479.0,4,3478.0,247
rb1805,20171013,20171012,210654000,3480.0,39574,616842,1378866880.0,3480.0,265,3479.0,4
rb1805,20171013,20171012,210654500,3479.0,39620,616820,1380467260.0,3479.0,15,3478.0,247
rb1805,20171013,20171012,210655000,3479.0,39650,616802,1381510960.0,3480.0,275,3479.0,29
rb1805,20171013,20171012,210655500,3479.0,39658,616808,1381789280.0,3480.0,275,3479.0,28
rb1805,20171013,20171012,210656000,3479.0,39658,616808,1381789280.0,3480.0,274,3479.0,32
rb1805,20171013,20171012,210656500,3479.0,39658,616808,1381789280.0,3480.0,274,3479.0,33
rb1805,20171013,20171012,210657000,3480.0,39666,616808,1382067680.0,3480.0,283,3479.0,33
rb1805,20171013,20171012,210657500,3479.0,39680,616814,1382554740.0,3480.0,283,3479.0,31
rb1805,20171013,20171012,210658000,3480.0,39682,616812,1382624340.0,3480.0,284,3479.0,31
rb1805,20171013,20171012,210658500,3480.0,39732,616798,1384364340.0,3480.0,259,3479.0,31
rb1805,20171013,20171012,210659000,3480.0,39738,616794,1384573140.0,3480.0,255,3479.0,50
rb1805,20171013,20171012,210659500,3479.0,39750,616794,1384990620.0,3480.0,256,3479.0,45
rb1805,20171013,20171012,210700000,3480.0,39788,616768,1386312920.0,3480.0,255,3479.0,60
rb1805,20171013,20171012,210700500,3480.0,39824,616732,1387565720.0,3480.0,240,3479.0,66
rb1805,20171013,20171012,210701000,3480.0,39842,616734,1388192120.0,3480.0,231,3479.0,62
rb1805,20171013,20171012,210701500,3479.0,39846,616732,1388331280.0,3480.0,231,3479.0,65
rb1805,20171013,20171012,210702000,3479.0,39846,616732,1388331280.0,3480.0,234,3479.0,56
rb1805,20171013,20171012,210702500,3480.0,39990,616706,1393341360.0,3480.0,218,3479.0,7
rb1805,20171013,20171012,210703000,3479.0,40012,616724,1394106740.0,3479.0,30,3478.0,251
rb1805,20171013,20171012,210703500,3478.0,40226,616838,1401551780.0,3479.0,16,3478.0,249
rb1805,20171013,20171012,210704000,3479.0,40356,616958,1406073220.0,3479.0,32,3478.0,186
rb1805,20171013,20171012,210704500,3478.0,40420,617002,1408299160.0,3479.0,35,3478.0,156
rb1805,20171013,20171012,210705000,3479.0,40478,617034,1410316960.0,3479.0,43,3478.0,157
rb1805,20171013,20171012,210705500,3479.0,40508,617034,1411360580.0,3479.0,46,3478.0,153
rb1805,20171013,20171012,210706000,3479.0,40528,617034,1412056380.0,3479.0,56,3478.0,153
rb1805,20171013,20171012,210706500,3479.0,40644,617066,1416092020.0,3480.0,224,3479.0,61
rb1805,20171013,20171012,210707000,3479.0,40800,617072,1421519260.0,3479.0,4,3478.0,160
rb1805,20171013,20171012,210707500,3479.0,40810,617072,1421867160.0,3480.0,227,3479.0,31
rb1805,20171013,20171012,210708000,3479.0,40830,617058,1422562960.0,3480.0,227,3479.0,19
rb1805,20171013,20171012,210708500,3478.0,40930,617150,1426041340.0,3480.0,227,3478.0,137
rb1805,20171013,20171012,210709000,3479.0,40960,617140,1427085040.0,3479.0,10,3478.0,138
rb1805,20171013,20171012,210709500,3479.0,40964,617138,1427224200.0,3479.0,10,3478.0,144
rb1805,20171013,20171012,210710000,3479.0,40970,617138,1427432940.0,3479.0,9,3478.0,144
rb1805,20171013,20171012,210710500,3479.0,40976,617138,1427641680.0,3479.0,86,3478.0,145
rb1805,20171013,20171012,210711000,3479.0,40988,617132,1428059140.0,3479.0,82,3478.0,144
rb1805,20171013,20171012,210711500,3478.0,40994,617138,1428267860.0,3479.0,81,3478.0,143
rb1805,20171013,20171012,210712000,3478.0,40996,617140,1428337420.0,3479.0,83,3478.0,143
rb1805,20171013,20171012,210712500,3479.0,41090,617234,1431606840.0,3479.0,135,3478.0,96
rb1805,20171013,20171012,210713000,3478.0,41282,617212,1438284600.0,3479.0,135,3478.0,1
rb1805,20171013,20171012,210713500,3478.0,41294,617210,1438701900.0,3478.0,31,3477.0,50
rb1805,20171013,20171012,210714000,3478.0,41302,617206,1438980140.0,3478.0,27,3477.0,50
rb1805,20171013,20171012,210714500,3478.0,41316,617204,1439467060.0,3478.0,29,3477.0,55
rb1805,20171013,20171012,210715000,3478.0,41326,617204,1439814860.0,3478.0,29,3477.0,55
rb1805,20171013,20171012,210715500,3478.0,41330,617208,1439953980.0,3478.0,19,3477.0,49
rb1805,20171013,20171012,210716000,3478.0,41370,617238,1441345180.0,3479.0,160,3478.0,8
rb1805,20171013,20171012,210716500,3478.0,41370,617238,1441345180.0,3479.0,161,3478.0,17
rb1805,20171013,20171012,210717000,3478.0,41386,617254,1441901660.0,3479.0,153,3478.0,37
rb1805,20171013,20171012,210717500,3478.0,41390,617258,1442040780.0,3479.0,153,3478.0,40
rb1805,20171013,20171012,210718000,3478.0,41392,617260,1442110340.0,3479.0,153,3478.0,56
rb1805,20171013,20171012,210718500,3478.0,41416,617254,1442945060.0,3479.0,153,3478.0,65
rb1805,20171013,20171012,210719000,3478.0,41416,617254,1442945060.0,3479.0,154,3478.0,77
rb1805,20171013,20171012,210719500,3478.0,41440,617236,1443780000.0,3479.0,145,3478.0,96
rb1805,20171013,20171012,210720000,3478.0,41444,617236,1443919120.0,3479.0,155,3478.0,95
rb1805,20171013,20171012,210720500,3478.0,41448,617236,1444058260.0,3479.0,154,3478.0,97
rb1805,20171013,20171012,210721000,3478.0,41460,617224,1444475720.0,3479.0,150,3478.0,116
rb1805,20171013,20171012,210721500,3479.0,41478,617224,1445101940.0,3479.0,141,3478.0,116
rb1805,20171013,20171012,210722000,3479.0,41502,617200,1445936880.0,3479.0,130,3478.0,116
rb1805,20171013,20171012,210722500,3479.0,41646,617150,1450946640.0,3479.0,58,3478.0,119
rb1805,20171013,20171012,210723000,3479.0,42006,616930,1463468620.0,3479.0,3,3477.0,52
rb1805,20171013,20171012,210723500,3478.0,42058,616932,1465277180.0,3479.0,11,3477.0,62
rb1805,20171013,20171012,210724000,3478.0,42058,616932,1465277180.0,3479.0,11,3478.0,11
rb1805,20171013,20171012,210724500,3478.0,42062,616932,1465416300.0,3479.0,11,3478.0,24
rb1805,20171013,20171012,210725000,3479.0,42072,616934,1465764200.0,3479.0,14,3478.0,41
rb1805,20171013,20171012,210725500,3479.0,42074,616934,1465833780.0,3479.0,23,3478.0,51
rb1805,20171013,20171012,210726000,3479.0,42074,616934,1465833780.0,3479.0,24,3478.0,61
rb1805,20171013,20171012,210726500,3478.0,42076,616936,1465903340.0,3479.0,25,3478.0,64
rb1805,20171013,20171012,210727000,3478.0,42086,616940,1466251160.0,3479.0,26,3478.0,60
rb1805,20171013,20171012,210727500,3478.0,42090,616944,1466390280.0,3479.0,26,3478.0,48
rb1805,20171013,20171012,210728000,3479.0,42100,616944,1466738180.0,3479.0,21,3478.0,48
rb1805,20171013,20171012,210728500,3479.0,42102,616942,1466807760.0,3479.0,21,3478.0,48
rb1805,20171013,20171012,210729000,3479.0,42104,616942,1466877340.0,3479.0,20,3478.0,49
rb1805,20171013,20171012,210729500,3479.0,42106,616940,1466946920.0,3479.0,19,3478.0,50
rb1805,20171013,20171012,210730000,3478.0,42108,616942,1467016480.0,3479.0,19,3478.0,43
rb1805,20171013,20171012,210730500,3479.0,42112,616942,1467155620.0,3479.0,18,3478.0,44
rb1805,20171013,20171012,210731000,3479.0,42126,616930,1467642680.0,3479.0,11,3478.0,45
rb1805,20171013,20171012,210731500,3478.0,42218,616918,1470842440.0,3479.0,59,3478.0,16
rb1805,20171013,20171012,210732000,3478.0,42254,616950,1472094500.0,3478.0,37,3477.0,65
rb1805,20171013,20171012,210732500,3478.0,42266,616960,1472511860.0,3478.0,4,3477.0,65
rb1805,20171013,20171012,210733000,3478.0,42284,616942,1473137900.0,3479.0,64,3477.0,65
rb1805,20171013,20171012,210733500,3478.0,42284,616942,1473137900.0,3479.0,69,3477.0,65
rb1805,20171013,20171012,210734000,3479.0,42286,616942,1473207480.0,3479.0,69,3477.0,65
rb1805,20171013,20171012,210734500,3477.0,42290,616940,1473346600.0,3479.0,68,3477.0,64
rb1805,20171013,20171012,210735000,3478.0,42294,616942,1473485720.0,3479.0,68,3477.0,64
rb1805,20171013,20171012,210735500,3477.0,42328,616960,1474667900.0,3479.0,69,3477.0,57
rb1805,20171013,20171012,210736000,3477.0,42328,616960,1474667900.0,3479.0,75,3477.0,59
rb1805,20171013,20171012,210736500,3477.0,42330,616960,1474737440.0,3479.0,76,3477.0,59
rb1805,20171013,20171012,210737000,3477.0,42336,616960,1474946100.0,3479.0,85,3478.0,2
rb1805,20171013,20171012,210737500,3478.0,42344,616952,1475224340.0,3478.0,14,3477.0,58
rb1805,20171013,20171012,210738000,3477.0,42348,616956,1475363420.0,3478.0,15,3477.0,56
rb1805,20171013,20171012,210738500,3477.0,42350,616954,1475432960.0,3478.0,26,3477.0,58
rb1805,20171013,20171012,210739000,3477.0,42350,616954,1475432960.0,3478.0,26,3477.0,58
rb1805,20171013,20171012,210739500,3477.0,42356,616950,1475641620.0,3478.0,24,3477.0,61
rb1805,20171013,20171012,210740000,3477.0,42360,616950,1475780700.0,3478.0,20,3477.0,59
rb1805,20171013,20171012,210740500,3477.0,42368,616950,1476058860.0,3478.0,16,3477.0,56
rb1805,20171013,20171012,210741000,3478.0,42384,616938,1476615340.0,3478.0,9,3477.0,62
rb1805,20171013,20171012,210741500,3478.0,42386,616940,1476684900.0,3478.0,24,3477.0,64
rb1805,20171013,20171012,210742000,3479.0,42450,616894,1478910960.0,3479.0,96,3478.0,3
rb1805,20171013,20171012,210742500,3478.0,42486,616884,1480163020.0,3478.0,1,3477.0,63
rb1805,20171013,20171012,210743000,3478.0,42488,616884,1480232580.0,3479.0,98,3478.0,1
rb1805,20171013,20171012,210743500,3478.0,42490,616882,1480302140.0,3478.0,8,3477.0,63
rb1805,20171013,20171012,210744000,3478.0,42498,616876,1480580360.0,3478.0,6,3477.0,62
rb1805,20171013,20171012,210744500,3477.0,42500,616876,1480649900.0,3478.0,6,3477.0,61
rb1805,20171013,20171012,210745000,3478.0,42504,616874,1480789020.0,3478.0,4,3477.0,63
rb1805,20171013,20171012,210745500,3478.0,42532,616858,1481762860.0,3478.0,3,3477.0,64
rb1805,20171013,20171012,210746000,3478.0,42540,616850,1482041100.0,3479.0,114,3478.0,17
rb1805,20171013,20171012,210746500,3478.0,42544,616850,1482180240.0,3479.0,114,3478.0,13
rb1805,20171013,20171012,210747000,3478.0,42546,616852,1482249800.0,3479.0,114,3478.0,14
rb1805,20171013,20171012,210747500,3478.0,42570,616846,1483084520.0,3479.0,115,3478.0,9
rb1805,20171013,20171012,210748000,3479.0,42584,616850,1483571460.0,3479.0,114,3478.0,5
rb1805,20171013,20171012,210748500,3478.0,42596,616848,1483988840.0,3478.0,2,3477.0,126
rb1805,20171013,20171012,210749000,3477.0,42604,616848,1484267000.0,3478.0,8,3477.0,122
rb1805,20171013,20171012,210749500,3478.0,42608,616850,1484406120.0,3478.0,8,3477.0,122
rb1805,20171013,20171012,210750000,3478.0,42612,616850,1484545220.0,3478.0,8,3477.0,61
rb1805,20171013,20171012,210750500,3478.0,42612,616850,1484545220.0,3478.0,14,3477.0,62
rb1805,20171013,20171012,210751000,3478.0,42614,616852,1484614780.0,3478.0,29,3477.0,62
rb1805,20171013,20171012,210751500,3478.0,42614,616852,1484614780.0,3478.0,33,3477.0,66
rb1805,20171013,20171012,210752000,3478.0,42624,616860,1484962580.0,3478.0,29,3477.0,66
rb1805,20171013,20171012,210752500,3478.0,42656,616882,1486075480.0,3478.0,16,3477.0,63
rb1805,20171013,20171012,210753000,3478.0,42658,616882,1486145040.0,3478.0,11,3477.0,63
rb1805,20171013,20171012,210753500,3477.0,42660,616880,1486214580.0,3478.0,17,3477.0,62
rb1805,20171013,20171012,210754000,3477.0,42788,616926,1490665140.0,3477.0,1,3476.0,175
rb1805,20171013,20171012,210754500,3477.0,42796,616932,1490943300.0,3477.0,3,3476.0,175
rb1805,20171013,20171012,210755000,3477.0,42796,616932,1490943300.0,3477.0,8,3476.0,181
rb1805,20171013,20171012,210755500,3478.0,42802,616934,1491151940.0,3477.0,2,3476.0,181
rb1805,20171013,20171012,210756000,3476.0,42812,616940,1491499620.0,3477.0,3,3476.0,179
rb1805,20171013,20171012,210756500,3476.0,42816,616940,1491638680.0,3477.0,2,3476.0,178
rb1805,20171013,20171012,210757000,3477.0,42822,616940,1491847300.0,3478.0,74,3477.0,1
rb1805,20171013,20171012,210757500,3477.0,42834,616932,1492264500.0,3478.0,74,3477.0,59
rb1805,20171013,20171012,210758000,3477.0,42954,616932,1496436900.0,3478.0,84,3477.0,99
rb1805,20171013,20171012,210758500,3478.0,42956,616934,1496506460.0,3478.0,83,3477.0,106
rb1805,20171013,20171012,210759000,3477.0,42960,616938,1496645540.0,3478.0,75,3477.0,106
rb1805,20171013,20171012,210759500,3477.0,42964,616940,1496784620.0,3478.0,77,3477.0,105
rb1805,20171013,20171012,210800000,3478.0,43070,617030,1500470280.0,3478.0,68,3477.0,54
rb1805,20171013,20171012,210800500,3477.0,43076,617030,1500678900.0,3478.0,68,3477.0,51
rb1805,20171013,20171012,210801000,3477.0,43078,617030,1500748440.0,3478.0,68,3477.0,50
rb1805,20171013,20171012,210801500,3477.0,43090,617018,1501165680.0,3478.0,69,3477.0,45
rb1805,20171013,20171012,210802000,3477.0,43090,617018,1501165680.0,3478.0,69,3477.0,45
rb1805,20171013,20171012,210802500,3477.0,43174,617018,1504086380.0,3478.0,67,3477.0,4
rb1805,20171013,20171012,210803000,3477.0,43202,616996,1505059940.0,3477.0,20,3476.0,178
rb1805,20171013,20171012,210803500,3476.0,43208,616994,1505268540.0,3477.0,18,3476.0,177
rb1805,20171013,20171012,210804000,3477.0,43252,616986,1506798640.0,3478.0,56,3477.0,13
rb1805,20171013,20171012,210804500,3477.0,43254,616986,1506868180.0,3478.0,57,3477.0,26
rb1805,20171013,20171012,210805000,3477.0,43348,617070,1510137420.0,3478.0,14,3477.0,34
rb1805,20171013,20171012,210805500,3478.0,43376,617068,1511111260.0,3479.0,112,3478.0,55
rb1805,20171013,20171012,210806000,3478.0,43386,617066,1511459080.0,3479.0,75,3478.0,75
rb1805,20171013,20171012,210806500,3479.0,43430,617066,1512989840.0,3479.0,52,3478.0,76
rb1805,20171013,20171012,210807000,3479.0,43522,617116,1516190500.0,3479.0,8,3478.0,82
rb1805,20171013,20171012,210807500,3479.0,43542,617116,1516886300.0,3480.0,238,3479.0,13
rb1805,20171013,20171012,210808000,3480.0,43548,617118,1517095080.0,3480.0,236,3479.0,11
rb1805,20171013,20171012,210808500,3479.0,43580,617130,1518208340.0,3479.0,12,3478.0,76
rb1805,20171013,20171012,210809000,3478.0,43586,617132,1518417040.0,3479.0,16,3478.0,72
rb1805,20171013,20171012,210809500,3479.0,43590,617136,1518556200.0,3479.0,14,3478.0,74
rb1805,20171013,20171012,210810000,3479.0,43592,617136,1518625780.0,3479.0,13,3478.0,75
rb1805,20171013,20171012,210810500,3479.0,43596,617138,1518764920.0,3479.0,14,3478.0,74
rb1805,20171013,20171012,210811000,3479.0,43598,617138,1518834500.0,3479.0,23,3478.0,75
rb1805,20171013,20171012,210811500,3479.0,43608,617144,1519182380.0,3479.0,22,3478.0,66
rb1805,20171013,20171012,210812000,3479.0,43608,617144,1519182380.0,3479.0,23,3478.0,61
rb1805,20171013,20171012,210812500,3479.0,43608,617144,1519182380.0,3479.0,29,3478.0,63
rb1805,20171013,20171012,210813000,3479.0,43678,617130,1521617680.0,3480.0,234,3479.0,104
rb1805,20171013,20171012,210813500,3479.0,43678,617130,1521617680.0,3480.0,234,3479.0,95
rb1805,20171013,20171012,210814000,3480.0,43694,617126,1522174400.0,3480.0,230,3479.0,66
rb1805,20171013,20171012,210814500,3480.0,43756,617176,1524331400.0,3480.0,230,3479.0,65
rb1805,20171013,20171012,210815000,3479.0,43758,617178,1524400980.0,3480.0,233,3479.0,72
rb1805,20171013,20171012,210815500,3480.0,43784,617178,1525305780.0,3480.0,220,3479.0,74
rb1805,20171013,20171012,210816000,3479.0,43788,617180,1525444940.0,3480.0,220,3479.0,82
rb1805,20171013,20171012,210816500,3480.0,43810,617190,1526210540.0,3480.0,209,3479.0,133
rb1805,20171013,20171012,210817000,3480.0,43810,617190,1526210540.0,3480.0,209,3479.0,134
rb1805,20171013,20171012,210817500,3480.0,43820,617188,1526558520.0,3480.0,205,3479.0,134
rb1805,20171013,20171012,210818000,3480.0,43832,617180,1526976120.0,3480.0,203,3479.0,135
rb1805,20171013,20171012,210818500,3479.0,43842,617180,1527324100.0,3480.0,204,3479.0,134
rb1805,20171013,20171012,210819000,3480.0,43854,617176,1527741700.0,3480.0,199,3479.0,138
rb1805,20171013,20171012,210819500,3480.0,43856,617174,1527811300.0,3480.0,198,3479.0,140
rb1805,20171013,20171012,210820000,3480.0,43864,617170,1528089700.0,3480.0,194,3479.0,140
rb1805,20171013,20171012,210820500,3480.0,43868,617170,1528228900.0,3480.0,190,3479.0,120
rb1805,20171013,20171012,210821000,3480.0,43880,617170,1528646500.0,3480.0,184,3479.0,127
rb1805,20171013,20171012,210821500,3480.0,43912,617154,1529760080.0,3480.0,169,3479.0,126
rb1805,20171013,20171012,210822000,3480.0,43916,617150,1529899280.0,3480.0,167,3479.0,126
rb1805,20171013,20171012,210822500,3480.0,43918,617148,1529968880.0,3480.0,166,3479.0,126
rb1805,20171013,20171012,210823000,3480.0,43930,617144,1530386460.0,3480.0,161,3479.0,126
rb1805,20171013,20171012,210823500,3479.0,43958,617138,1531360840.0,3480.0,149,3479.0,125
rb1805,20171013,20171012,210824000,3479.0,43958,617138,1531360840.0,3480.0,148,3479.0,132
rb1805,20171013,20171012,210824500,3480.0,44022,617202,1533588020.0,3480.0,117,3479.0,130
rb1805,20171013,20171012,210825000,3480.0,44028,617202,1533796820.0,3480.0,114,3479.0,132
rb1805,20171013,20171012,210825500,3480.0,44040,617212,1534214420.0,3480.0,108,3479.0,132
rb1805,20171013,20171012,210826000,3480.0,44046,617218,1534423200.0,3480.0,106,3479.0,148
rb1805,20171013,20171012,210826500,3480.0,44066,617216,1535119200.0,3480.0,96,3479.0,148
rb1805,20171013,20171012,210827000,3480.0,44108,617214,1536580800.0,3480.0,77,3479.0,150
rb1805,20171013,20171012,210827500,3480.0,44126,617228,1537207200.0,3480.0,68,3479.0,149
rb1805,20171013,20171012,210828000,3480.0,44198,617268,1539712800.0,3480.0,31,3479.0,151
rb1805,20171013,20171012,210828500,3480.0,44220,617274,1540478400.0,3480.0,20,3479.0,150
rb1805,20171013,20171012,210829000,3480.0,44260,617270,1541870400.0,3481.0,106,3480.0,22
rb1805,20171013,20171012,210829500,3480.0,44260,617270,1541870400.0,3481.0,106,3480.0,11
rb1805,20171013,20171012,210830000,3480.0,44278,617254,1542496820.0,3481.0,105,3480.0,14
rb1805,20171013,20171012,210830500,3480.0,44282,617252,1542636020.0,3481.0,105,3480.0,14
rb1805,20171013,20171012,210831000,3481.0,44286,617250,1542775260.0,3481.0,103,3480.0,33
rb1805,20171013,20171012,210831500,3481.0,44338,617212,1544585360.0,3481.0,79,3480.0,37
rb1805,20171013,20171012,210832000,3481.0,44384,617172,1546186580.0,3481.0,79,3480.0,35
rb1805,20171013,20171012,210832500,3480.0,44464,617146,1548970600.0,3480.0,12,3479.0,106
rb1805,20171013,20171012,210833000,3480.0,44488,617136,1549805800.0,3480.0,1,3479.0,101
rb1805,20171013,20171012,210833500,3480.0,44490,617136,1549875400.0,3481.0,140,3480.0,16
rb1805,20171013,20171012,210834000,3480.0,44524,617162,1551058600.0,3481.0,140,3480.0,1
rb1805,20171013,20171012,210834500,3480.0,44544,617162,1551754560.0,3481.0,140,3480.0,5
rb1805,20171013,20171012,210835000,3481.0,44554,617166,1552102600.0,3481.0,138,3480.0,3
rb1805,20171013,20171012,210835500,3480.0,44566,617160,1552520200.0,3480.0,2,3479.0,99
rb1805,20171013,20171012,210836000,3480.0,44568,617158,1552589800.0,3481.0,144,3480.0,5
rb1805,20171013,20171012,210836500,3480.0,44570,617160,1552659400.0,3481.0,150,3480.0,4
rb1805,20171013,20171012,210837000,3480.0,44586,617158,1553216200.0,3480.0,3,3479.0,100
rb1805,20171013,20171012,210837500,3479.0,44590,617160,1553355380.0,3480.0,38,3479.0,99
rb1805,20171013,20171012,210838000,3480.0,44624,617134,1554538580.0,3480.0,22,3479.0,99
rb1805,20171013,20171012,210838500,3480.0,44624,617134,1554538580.0,3480.0,35,3479.0,109
rb1805,20171013,20171012,210839000,3480.0,44642,617126,1555164980.0,3480.0,31,3479.0,109
rb1805,20171013,20171012,210839500,3480.0,44642,617126,1555164980.0,3480.0,31,3479.0,109
rb1805,20171013,20171012,210840000,3480.0,44654,617114,1555582580.0,3480.0,26,3479.0,110
rb1805,20171013,20171012,210840500,3480.0,44670,617102,1556139380.0,3480.0,23,3479.0,119
rb1805,20171013,20171012,210841000,3480.0,44714,617138,1557670360.0,3480.0,9,3479.0,113
rb1805,20171013,20171012,210841500,3480.0,44734,617126,1558366360.0,3481.0,149,3480.0,101
rb1805,20171013,20171012,210842000,3480.0,44812,617048,1561080760.0,3481.0,149,3480.0,65
rb1805,20171013,20171012,210842500,3480.0,44834,617048,1561846360.0,3481.0,149,3480.0,55
rb1805,20171013,20171012,210843000,3480.0,44944,617052,1565674360.0,3480.0,45,3479.0,112
rb1805,20171013,20171012,210843500,3480.0,44960,617060,1566231140.0,3480.0,34,3479.0,111
rb1805,20171013,20171012,210844000,3480.0,44962,617062,1566300740.0,3480.0,38,3479.0,111
rb1805,20171013,20171012,210844500,3479.0,44964,617060,1566370320.0,3480.0,40,3479.0,110
rb1805,20171013,20171012,210845000,3480.0,44984,617060,1567066320.0,3480.0,31,3479.0,112
rb1805,20171013,20171012,210845500,3480.0,44986,617060,1567135920.0,3480.0,30,3479.0,112
rb1805,20171013,20171012,210846000,3480.0,45030,617100,1568667100.0,3480.0,9,3479.0,111
rb1805,20171013,20171012,210846500,3480.0,45050,617084,1569363100.0,3481.0,166,3480.0,12
rb1805,20171013,20171012,210847000,3480.0,45060,617078,1569711100.0,3481.0,166,3480.0,29
rb1805,20171013,20171012,210847500,3481.0,45070,617078,1570059180.0,3481.0,162,3480.0,28
rb1805,20171013,20171012,210848000,3481.0,45074,617074,1570198420.0,3481.0,160,3480.0,29
rb1805,20171013,20171012,210848500,3481.0,45074,617074,1570198420.0,3481.0,161,3480.0,33
rb1805,20171013,20171012,210849000,3481.0,45074,617074,1570198420.0,3481.0,161,3480.0,33
rb1805,20171013,20171012,210849500,3481.0,45074,617074,1570198420.0,3481.0,253,3480.0,20
rb1805,20171013,20171012,210850000,3481.0,45074,617074,1570198420.0,3481.0,253,3480.0,14
rb1805,20171013,20171012,210850500,3481.0,45084,617074,1570546520.0,3481.0,248,3480.0,14
rb1805,20171013,20171012,210851000,3481.0,45094,617074,1570894620.0,3481.0,246,3480.0,21
rb1805,20171013,20171012,210851500,3480.0,45102,617080,1571173020.0,3481.0,247,3480.0,17
rb1805,20171013,20171012,210852000,3481.0,45114,617080,1571590740.0,3481.0,241,3480.0,28
rb1805,20171013,20171012,210852500,3480.0,45118,617082,1571729960.0,3481.0,240,3480.0,31
rb1805,20171013,20171012,210853000,3480.0,45118,617082,1571729960.0,3481.0,242,3480.0,31
rb1805,20171013,20171012,210853500,3481.0,45126,617078,1572008440.0,3481.0,239,3480.0,32
rb1805,20171013,20171012,210854000,3481.0,45146,617098,1572704640.0,3481.0,229,3480.0,34
rb1805,20171013,20171012,210854500,3481.0,45164,617102,1573331160.0,3481.0,223,3480.0,33
rb1805,20171013,20171012,210855000,3480.0,45210,617102,1574932400.0,3481.0,201,3480.0,32
rb1805,20171013,20171012,210855500,3481.0,45212,617102,1575002020.0,3481.0,200,3480.0,33
rb1805,20171013,20171012,210856000,3481.0,45214,617100,1575071640.0,3481.0,201,3480.0,33
rb1805,20171013,20171012,210856500,3481.0,45218,617096,1575210880.0,3481.0,199,3480.0,38
rb1805,20171013,20171012,210857000,3481.0,45254,617106,1576464020.0,3481.0,182,3480.0,46
rb1805,20171013,20171012,210857500,3480.0,45294,617092,1577856020.0,3481.0,182,3480.0,35
rb1805,20171013,20171012,210858000,3480.0,45298,617090,1577995220.0,3481.0,183,3480.0,34
rb1805,20171013,20171012,210858500,3481.0,45302,617094,1578134460.0,3481.0,181,3480.0,34
rb1805,20171013,20171012,210859000,3481.0,45302,617094,1578134460.0,3481.0,181,3480.0,29
rb1805,20171013,20171012,210859500,3481.0,45308,617100,1578343300.0,3481.0,179,3480.0,28
rb1805,20171013,20171012,210900000,3481.0,45310,617100,1578412920.0,3481.0,178,3480.0,28
rb1805,20171013,20171012,210900500,3481.0,45352,617100,1579874940.0,3481.0,160,3480.0,31
rb1805,20171013,20171012,210901000,3480.0,45354,617102,1579944540.0,3481.0,60,3480.0,31
rb1805,20171013,20171012,210901500,3480.0,45358,617106,1580083740.0,3481.0,70,3480.0,35
rb1805,20171013,20171012,210902000,3480.0,45358,617106,1580083740.0,3481.0,72,3480.0,35
rb1805,20171013,20171012,210902500,3481.0,45420,617148,1582241460.0,3481.0,96,3480.0,11
rb1805,20171013,20171012,210903000,3480.0,45434,617150,1582728680.0,3480.0,3,3479.0,117
rb1805,20171013,20171012,210903500,3480.0,45440,617154,1582937480.0,3481.0,95,3480.0,1
rb1805,20171013,20171012,210904000,3480.0,45444,617156,1583076700.0,3480.0,1,3479.0,117
rb1805,20171013,20171012,210904500,3480.0,45446,617156,1583146300.0,3480.0,14,3479.0,111
rb1805,20171013,20171012,210905000,3480.0,45468,617176,1583911900.0,3480.0,13,3479.0,111
rb1805,20171013,20171012,210905500,3480.0,45470,617178,1583981500.0,3480.0,38,3479.0,113
rb1805,20171013,20171012,210906000,3480.0,45478,617182,1584259860.0,3480.0,115,3479.0,111
rb1805,20171013,20171012,210906500,3479.0,45600,617192,1588504240.0,3480.0,160,3479.0,50
rb1805,20171013,20171012,210907000,3479.0,45622,617196,1589269620.0,3480.0,146,3479.0,39
rb1805,20171013,20171012,210907500,3479.0,45700,617160,1591983240.0,3479.0,50,3478.0,86
rb1805,20171013,20171012,210908000,3479.0,45716,617162,1592539860.0,3479.0,43,3478.0,89
rb1805,20171013,20171012,210908500,3479.0,45722,617160,1592748600.0,3479.0,41,3478.0,88
rb1805,20171013,20171012,210909000,3478.0,45728,617164,1592957300.0,3479.0,56,3478.0,86
rb1805,20171013,20171012,210909500,3479.0,45738,617154,1593305200.0,3479.0,28,3478.0,86
rb1805,20171013,20171012,210910000,3479.0,45800,617142,1595462200.0,3480.0,109,3478.0,86
rb1805,20171013,20171012,210910500,3479.0,45806,617144,1595670940.0,3480.0,133,3479.0,1
rb1805,20171013,20171012,210911000,3480.0,45808,617146,1595740540.0,3480.0,103,3479.0,9
rb1805,20171013,20171012,210911500,3479.0,45814,617148,1595949280.0,3480.0,67,3479.0,18
rb1805,20171013,20171012,210912000,3479.0,45818,617144,1596088440.0,3480.0,43,3479.0,17
rb1805,20171013,20171012,210912500,3479.0,45822,617144,1596227600.0,3480.0,44,3479.0,45
rb1805,20171013,20171012,210913000,3479.0,45822,617144,1596227600.0,3480.0,46,3479.0,45
rb1805,20171013,20171012,210913500,3480.0,45824,617144,1596297200.0,3480.0,46,3479.0,45
rb1805,20171013,20171012,210914000,3480.0,45824,617144,1596297200.0,3480.0,50,3479.0,45
rb1805,20171013,20171012,210914500,3479.0,45828,617142,1596436360.0,3480.0,50,3479.0,43
rb1805,20171013,20171012,210915000,3479.0,45834,617142,1596645100.0,3480.0,51,3479.0,40
rb1805,20171013,20171012,210915500,3479.0,45846,617148,1597062660.0,3480.0,47,3479.0,41
rb1805,20171013,20171012,210916000,3479.0,45846,617148,1597062660.0,3480.0,46,3479.0,47
rb1805,20171013,20171012,210916500,3480.0,45854,617156,1597341040.0,3480.0,43,3479.0,24
rb1805,20171013,20171012,210917000,3480.0,45874,617166,1598037040.0,3480.0,33,3479.0,29
rb1805,20171013,20171012,210917500,3479.0,45876,617166,1598106620.0,3480.0,53,3479.0,29
rb1805,20171013,20171012,210918000,3480.0,45878,617168,1598176220.0,3480.0,52,3479.0,30
rb1805,20171013,20171012,210918500,3479.0,45888,617170,1598524120.0,3480.0,53,3479.0,31
rb1805,20171013,20171012,210919000,3479.0,45888,617170,1598524120.0,3480.0,55,3479.0,31
rb1805,20171013,20171012,210919500,3480.0,45900,617172,1598941720.0,3480.0,49,3479.0,31
rb1805,20171013,20171012,210920000,3480.0,45910,617172,1599289720.0,3480.0,47,3479.0,31
rb1805,20171013,20171012,210920500,3480.0,45910,617172,1599289720.0,3480.0,50,3479.0,32
rb1805,20171013,20171012,210921000,3479.0,45914,617172,1599428880.0,3480.0,51,3479.0,30
rb1805,20171013,20171012,210921500,3480.0,45930,617160,1599985680.0,3480.0,45,3479.0,30
rb1805,20171013,20171012,210922000,3480.0,45944,617150,1600472840.0,3480.0,40,3479.0,28
rb1805,20171013,20171012,210922500,3479.0,45948,617146,1600612000.0,3480.0,40,3479.0,26
rb1805,20171013,20171012,210923000,3480.0,45960,617150,1601029600.0,3480.0,34,3479.0,28
rb1805,20171013,20171012,210923500,3479.0,45966,617152,1601238380.0,3480.0,33,3479.0,27
rb1805,20171013,20171012,210924000,3479.0,45968,617154,1601307960.0,3480.0,33,3479.0,26
rb1805,20171013,20171012,210924500,3480.0,45998,617184,1602351960.0,3480.0,19,3479.0,36
rb1805,20171013,20171012,210925000,3480.0,45998,617184,1602351960.0,3480.0,19,3479.0,36
rb1805,20171013,20171012,210925500,3480.0,45998,617184,1602351960.0,3480.0,19,3479.0,37
rb1805,20171013,20171012,210926000,3480.0,46000,617184,1602421560.0,3480.0,20,3479.0,37
rb1805,20171013,20171012,210926500,3480.0,46022,617206,1603187140.0,3480.0,21,3479.0,36
rb1805,20171013,20171012,210927000,3479.0,46026,617210,1603326300.0,3480.0,26,3479.0,34
rb1805,20171013,20171012,210927500,3479.0,46026,617210,1603326300.0,3480.0,29,3479.0,34
rb1805,20171013,20171012,210928000,3480.0,46030,617214,1603465500.0,3480.0,27,3479.0,34
rb1805,20171013,20171012,210928500,3480.0,46030,617214,1603465500.0,3480.0,24,3479.0,34
rb1805,20171013,20171012,210929000,3480.0,46030,617214,1603465500.0,3480.0,24,3479.0,55
