instrument,tradingday,calendarday,time,lastp,volume,openinterest,turnover,ask1,asksz1,bid1,bidsz1
rb1805,20170621,20170620,183751500,2853.0,0,77834,0.0,0.0,0,0.0,0
rb1805,20170621,20170620,205900500,2840.0,24,77830,681600.0,2850.0,1,2840.0,2
rb1805,20170621,20170620,210000500,2840.0,28,77830,795400.0,2849.0,1,2840.0,2
rb1805,20170621,20170620,210001000,2855.0,34,77830,966520.0,2848.0,1,2840.0,4
rb1805,20170621,20170620,210001500,2855.0,40,77834,1137820.0,2855.0,8,2841.0,1
rb1805,20170621,20170620,210002000,2841.0,46,77836,1308840.0,2853.0,1,2841.0,2
rb1805,20170621,20170620,210002500,2849.0,54,77836,1536760.0,2849.0,6,2840.0,2
rb1805,20170621,20170620,210003000,2852.0,58,77836,1650840.0,2852.0,20,2842.0,1
rb1805,20170621,20170620,210003500,2852.0,58,77836,1650840.0,2851.0,3,2842.0,1
rb1805,20170621,20170620,210004000,2852.0,58,77836,1650840.0,2851.0,11,2842.0,1
rb1805,20170621,20170620,210004500,2842.0,60,77834,1707680.0,2851.0,11,2843.0,1
rb1805,20170621,20170620,210005000,2842.0,60,77834,1707680.0,2851.0,11,2843.0,1
rb1805,20170621,20170620,210005500,2843.0,62,77834,1764540.0,2843.0,3,2841.0,2
rb1805,20170621,20170620,210006000,2843.0,62,77834,1764540.0,2850.0,1,2843.0,4
rb1805,20170621,20170620,210006500,2843.0,62,77834,1764540.0,2849.0,11,2842.0,1
rb1805,20170621,20170620,210007000,2849.0,64,77836,1821520.0,2849.0,10,2842.0,1
rb1805,20170621,20170620,210007500,2849.0,64,77836,1821520.0,2843.0,3,2842.0,1
rb1805,20170621,20170620,210008000,2843.0,70,77836,1992100.0,2848.0,4,2843.0,4
rb1805,20170621,20170620,210008500,2843.0,70,77836,1992100.0,2850.0,1,2842.0,1
rb1805,20170621,20170620,210009000,2843.0,70,77836,1992100.0,2849.0,4,2842.0,1
rb1805,20170621,20170620,210009500,2850.0,84,77834,2391020.0,2853.0,12,2850.0,23
rb1805,20170621,20170620,210010000,2850.0,130,77818,3702020.0,2850.0,30,2844.0,12
rb1805,20170621,20170620,210010500,2850.0,130,77818,3702020.0,2850.0,2,2845.0,1
rb1805,20170621,20170620,210011000,2850.0,130,77818,3702020.0,2850.0,2,2845.0,1
rb1805,20170621,20170620,210011500,2850.0,130,77818,3702020.0,2850.0,2,2845.0,1
rb1805,20170621,20170620,210012000,2850.0,130,77818,3702020.0,2850.0,2,2845.0,1
rb1805,20170621,20170620,210012500,2845.0,132,77818,3758920.0,2849.0,1,2844.0,2
rb1805,20170621,20170620,210013000,2845.0,132,77818,3758920.0,2849.0,1,2844.0,2
rb1805,20170621,20170620,210014000,2845.0,132,77818,3758920.0,2849.0,1,2844.0,4
rb1805,20170621,20170620,210014500,2845.0,132,77818,3758920.0,2849.0,1,2844.0,3
rb1805,20170621,20170620,210015000,2845.0,132,77818,3758920.0,2849.0,1,2844.0,4
rb1805,20170621,20170620,210015500,2845.0,132,77818,3758920.0,2849.0,1,2844.0,4
rb1805,20170621,20170620,210016000,2845.0,132,77818,3758920.0,2849.0,1,2844.0,4
rb1805,20170621,20170620,210017000,2845.0,132,77818,3758920.0,2849.0,1,2844.0,4
rb1805,20170621,20170620,210017500,2845.0,132,77818,3758920.0,2849.0,1,2844.0,4
rb1805,20170621,20170620,210018000,2845.0,132,77818,3758920.0,2849.0,1,2844.0,4
rb1805,20170621,20170620,210019000,2844.0,140,77810,3986440.0,2844.0,16,2843.0,1
rb1805,20170621,20170620,210019500,2844.0,172,77794,4896520.0,2849.0,1,2844.0,4
rb1805,20170621,20170620,210020000,2844.0,172,77794,4896520.0,2849.0,1,2843.0,1
rb1805,20170621,20170620,210020500,2844.0,172,77794,4896520.0,2849.0,1,2844.0,3
rb1805,20170621,20170620,210021000,2849.0,174,77794,4953500.0,2850.0,3,2844.0,3
rb1805,20170621,20170620,210021500,2849.0,174,77794,4953500.0,2849.0,2,2844.0,3
rb1805,20170621,20170620,210022500,2849.0,174,77794,4953500.0,2849.0,2,2844.0,3
rb1805,20170621,20170620,210023000,2849.0,176,77796,5010480.0,2849.0,1,2844.0,1
rb1805,20170621,20170620,210023500,2849.0,176,77796,5010480.0,2849.0,1,2844.0,1
rb1805,20170621,20170620,210024000,2849.0,178,77796,5067460.0,2850.0,3,2845.0,4
rb1805,20170621,20170620,210024500,2849.0,178,77796,5067460.0,2849.0,3,2845.0,1
rb1805,20170621,20170620,210025500,2849.0,178,77796,5067460.0,2850.0,3,2845.0,1
rb1805,20170621,20170620,210026000,2849.0,178,77796,5067460.0,2849.0,9,2845.0,1
rb1805,20170621,20170620,210026500,2849.0,178,77796,5067460.0,2849.0,9,2845.0,1
rb1805,20170621,20170620,210027500,2849.0,178,77796,5067460.0,2850.0,4,2845.0,1
rb1805,20170621,20170620,210028000,2849.0,178,77796,5067460.0,2848.0,5,2845.0,1
rb1805,20170621,20170620,210028500,2849.0,178,77796,5067460.0,2850.0,10,2845.0,1
rb1805,20170621,20170620,210029000,2845.0,180,77794,5124360.0,2847.0,2,2843.0,3
rb1805,20170621,20170620,210029500,2845.0,180,77794,5124360.0,2845.0,1,2843.0,3
rb1805,20170621,20170620,210030500,2845.0,180,77794,5124360.0,2845.0,1,2843.0,3
rb1805,20170621,20170620,210031000,2845.0,180,77794,5124360.0,2845.0,1,2843.0,5
rb1805,20170621,20170620,210031500,2847.0,184,77792,5238200.0,2847.0,1,2843.0,5
rb1805,20170621,20170620,210032500,2847.0,184,77792,5238200.0,2850.0,10,2843.0,6
rb1805,20170621,20170620,210033000,2843.0,186,77790,5295060.0,2848.0,8,2843.0,5
rb1805,20170621,20170620,210033500,2843.0,188,77790,5351920.0,2850.0,10,2843.0,5
rb1805,20170621,20170620,210034000,2843.0,190,77790,5408780.0,2846.0,7,2843.0,4
rb1805,20170621,20170620,210034500,2843.0,192,77788,5465640.0,2845.0,1,2843.0,3
rb1805,20170621,20170620,210035000,2843.0,192,77788,5465640.0,2845.0,1,2843.0,3
rb1805,20170621,20170620,210035500,2843.0,192,77788,5465640.0,2850.0,11,2843.0,3
rb1805,20170621,20170620,210036000,2843.0,192,77788,5465640.0,2846.0,8,2844.0,1
rb1805,20170621,20170620,210036500,2843.0,192,77788,5465640.0,2846.0,8,2844.0,1
rb1805,20170621,20170620,210037000,2843.0,192,77788,5465640.0,2850.0,11,2844.0,1
rb1805,20170621,20170620,210037500,2844.0,194,77788,5522520.0,2846.0,8,2843.0,3
rb1805,20170621,20170620,210038000,2844.0,194,77788,5522520.0,2844.0,1,2843.0,4
rb1805,20170621,20170620,210038500,2844.0,196,77788,5579400.0,2849.0,1,2843.0,4
rb1805,20170621,20170620,210039000,2844.0,196,77788,5579400.0,2845.0,8,2843.0,4
rb1805,20170621,20170620,210039500,2844.0,196,77788,5579400.0,2845.0,8,2843.0,4
rb1805,20170621,20170620,210041500,2843.0,198,77786,5636260.0,2845.0,8,2843.0,3
rb1805,20170621,20170620,210042000,2843.0,198,77786,5636260.0,2845.0,8,2843.0,3
rb1805,20170621,20170620,210042500,2843.0,198,77786,5636260.0,2845.0,8,2844.0,1
rb1805,20170621,20170620,210043000,2844.0,200,77786,5693140.0,2848.0,27,2843.0,4
rb1805,20170621,20170620,210043500,2844.0,200,77786,5693140.0,2846.0,3,2843.0,4
rb1805,20170621,20170620,210044000,2844.0,200,77786,5693140.0,2845.0,2,2843.0,4
rb1805,20170621,20170620,210044500,2843.0,208,77786,5920580.0,2843.0,4,2841.0,3
rb1805,20170621,20170620,210045000,2843.0,208,77786,5920580.0,2842.0,2,2841.0,3
rb1805,20170621,20170620,210045500,2841.0,214,77792,6091040.0,2841.0,3,2840.0,5
rb1805,20170621,20170620,210046000,2841.0,214,77792,6091040.0,2841.0,1,2840.0,5
rb1805,20170621,20170620,210046500,2840.0,224,77798,6375040.0,2840.0,3,2838.0,2
rb1805,20170621,20170620,210047000,2840.0,224,77798,6375040.0,2842.0,2,2838.0,2
rb1805,20170621,20170620,210047500,2838.0,228,77800,6488600.0,2840.0,7,2838.0,1
rb1805,20170621,20170620,210048000,2836.0,254,77802,7226060.0,2838.0,2,2836.0,2
rb1805,20170621,20170620,210048500,2838.0,256,77800,7282820.0,2841.0,1,2836.0,2
rb1805,20170621,20170620,210049000,2838.0,256,77800,7282820.0,2838.0,7,2836.0,2
rb1805,20170621,20170620,210049500,2838.0,262,77804,7453100.0,2841.0,1,2838.0,4
rb1805,20170621,20170620,210050000,2838.0,262,77804,7453100.0,2840.0,6,2838.0,1
rb1805,20170621,20170620,210050500,2840.0,270,77806,7680300.0,2848.0,26,2838.0,1
rb1805,20170621,20170620,210051000,2840.0,270,77806,7680300.0,2845.0,11,2841.0,2
rb1805,20170621,20170620,210051500,2840.0,274,77810,7793900.0,2844.0,1,2838.0,1
rb1805,20170621,20170620,210052000,2840.0,274,77810,7793900.0,2843.0,1,2838.0,1
rb1805,20170621,20170620,210052500,2840.0,274,77810,7793900.0,2843.0,1,2840.0,1
rb1805,20170621,20170620,210053000,2840.0,276,77812,7850700.0,2841.0,2,2838.0,1
rb1805,20170621,20170620,210053500,2840.0,276,77812,7850700.0,2841.0,2,2839.0,2
rb1805,20170621,20170620,210054000,2839.0,280,77812,7964260.0,2841.0,2,2838.0,1
rb1805,20170621,20170620,210054500,2839.0,280,77812,7964260.0,2841.0,2,2838.0,1
rb1805,20170621,20170620,210055000,2839.0,280,77812,7964260.0,2841.0,2,2840.0,2
rb1805,20170621,20170620,210055500,2841.0,286,77818,8134680.0,2841.0,1,2838.0,2
rb1805,20170621,20170620,210056000,2841.0,286,77818,8134680.0,2839.0,1,2838.0,2
rb1805,20170621,20170620,210056500,2839.0,288,77818,8191460.0,2844.0,2,2842.0,5
rb1805,20170621,20170620,210057000,2839.0,306,77820,8702820.0,2843.0,2,2839.0,2
rb1805,20170621,20170620,210057500,2839.0,306,77820,8702820.0,2843.0,2,2839.0,2
rb1805,20170621,20170620,210059000,2843.0,308,77820,8759680.0,2843.0,6,2839.0,3
rb1805,20170621,20170620,210100000,2843.0,308,77820,8759680.0,2843.0,6,2839.0,2
rb1805,20170621,20170620,210100500,2843.0,308,77820,8759680.0,2843.0,7,2839.0,2
rb1805,20170621,20170620,210101000,2843.0,308,77820,8759680.0,2843.0,6,2839.0,2
rb1805,20170621,20170620,210101500,2843.0,310,77822,8816540.0,2843.0,10,2839.0,2
rb1805,20170621,20170620,210102000,2839.0,314,77822,8930100.0,2842.0,1,2839.0,2
rb1805,20170621,20170620,210102500,2842.0,318,77826,9043720.0,2842.0,5,2839.0,1
rb1805,20170621,20170620,210103000,2839.0,320,77826,9100500.0,2839.0,2,2838.0,3
rb1805,20170621,20170620,210103500,2838.0,326,77830,9270780.0,2842.0,5,2836.0,2
rb1805,20170621,20170620,210104000,2837.0,330,77826,9384260.0,2842.0,5,2836.0,7
rb1805,20170621,20170620,210104500,2837.0,330,77826,9384260.0,2841.0,1,2836.0,7
rb1805,20170621,20170620,210105000,2837.0,330,77826,9384260.0,2841.0,5,2840.0,2
rb1805,20170621,20170620,210105500,2840.0,334,77828,9497860.0,2840.0,3,2836.0,7
rb1805,20170621,20170620,210106000,2840.0,334,77828,9497860.0,2840.0,5,2837.0,2
rb1805,20170621,20170620,210106500,2840.0,336,77830,9554660.0,2840.0,4,2838.0,1
rb1805,20170621,20170620,210107000,2840.0,336,77830,9554660.0,2840.0,4,2838.0,1
rb1805,20170621,20170620,210107500,2840.0,336,77830,9554660.0,2840.0,4,2838.0,1
rb1805,20170621,20170620,210108000,2840.0,336,77830,9554660.0,2840.0,4,2838.0,1
rb1805,20170621,20170620,210109000,2838.0,338,77830,9611420.0,2840.0,4,2837.0,7
rb1805,20170621,20170620,210110000,2838.0,338,77830,9611420.0,2840.0,4,2837.0,8
rb1805,20170621,20170620,210111500,2838.0,338,77830,9611420.0,2840.0,4,2837.0,8
rb1805,20170621,20170620,210112000,2838.0,338,77830,9611420.0,2842.0,5,2840.0,2
rb1805,20170621,20170620,210112500,2840.0,354,77844,10065820.0,2840.0,1,2837.0,8
rb1805,20170621,20170620,210113500,2840.0,354,77844,10065820.0,2840.0,1,2838.0,2
rb1805,20170621,20170620,210114000,2840.0,354,77844,10065820.0,2840.0,1,2839.0,2
rb1805,20170621,20170620,210114500,2840.0,354,77844,10065820.0,2840.0,6,2839.0,2
rb1805,20170621,20170620,210115500,2840.0,354,77844,10065820.0,2840.0,6,2839.0,2
rb1805,20170621,20170620,210116000,2840.0,354,77844,10065820.0,2840.0,6,2839.0,2
rb1805,20170621,20170620,210116500,2840.0,354,77844,10065820.0,2840.0,1,2839.0,2
rb1805,20170621,20170620,210117000,2840.0,356,77846,10122620.0,2842.0,2,2840.0,1
rb1805,20170621,20170620,210117500,2842.0,362,77852,10293100.0,2842.0,5,2839.0,4
rb1805,20170621,20170620,210118000,2842.0,362,77852,10293100.0,2842.0,15,2839.0,4
rb1805,20170621,20170620,210118500,2842.0,362,77852,10293100.0,2842.0,15,2839.0,4
rb1805,20170621,20170620,210119000,2842.0,362,77852,10293100.0,2842.0,15,2839.0,4
rb1805,20170621,20170620,210120500,2842.0,362,77852,10293100.0,2841.0,1,2839.0,4
rb1805,20170621,20170620,210121000,2842.0,362,77852,10293100.0,2841.0,6,2839.0,4
rb1805,20170621,20170620,210121500,2842.0,362,77852,10293100.0,2841.0,6,2839.0,4
rb1805,20170621,20170620,210122000,2839.0,370,77854,10520220.0,2839.0,2,2837.0,6
rb1805,20170621,20170620,210122500,2839.0,370,77854,10520220.0,2839.0,6,2837.0,1
rb1805,20170621,20170620,210123000,2839.0,374,77856,10633780.0,2839.0,4,2837.0,1
rb1805,20170621,20170620,210123500,2839.0,374,77856,10633780.0,2841.0,5,2837.0,2
rb1805,20170621,20170620,210124000,2839.0,374,77856,10633780.0,2840.0,5,2837.0,2
rb1805,20170621,20170620,210124500,2839.0,374,77856,10633780.0,2840.0,10,2837.0,2
rb1805,20170621,20170620,210125500,2839.0,374,77856,10633780.0,2840.0,5,2837.0,2
rb1805,20170621,20170620,210126000,2839.0,374,77856,10633780.0,2840.0,5,2837.0,2
rb1805,20170621,20170620,210126500,2840.0,376,77858,10690580.0,2840.0,4,2837.0,2
rb1805,20170621,20170620,210127000,2840.0,376,77858,10690580.0,2840.0,4,2837.0,2
rb1805,20170621,20170620,210127500,2840.0,376,77858,10690580.0,2841.0,5,2837.0,3
rb1805,20170621,20170620,210128000,2840.0,376,77858,10690580.0,2841.0,5,2837.0,3
rb1805,20170621,20170620,210128500,2840.0,376,77858,10690580.0,2841.0,5,2837.0,3
rb1805,20170621,20170620,210129500,2840.0,376,77858,10690580.0,2841.0,6,2837.0,3
rb1805,20170621,20170620,210130500,2840.0,376,77858,10690580.0,2841.0,6,2838.0,1
rb1805,20170621,20170620,210131000,2840.0,376,77858,10690580.0,2840.0,2,2838.0,1
rb1805,20170621,20170620,210131500,2840.0,378,77858,10747380.0,2840.0,6,2838.0,1
rb1805,20170621,20170620,210132000,2838.0,380,77858,10804140.0,2840.0,6,2837.0,4
rb1805,20170621,20170620,210132500,2838.0,380,77858,10804140.0,2839.0,1,2837.0,2
rb1805,20170621,20170620,210133000,2838.0,380,77858,10804140.0,2839.0,6,2837.0,2
rb1805,20170621,20170620,210133500,2838.0,380,77858,10804140.0,2839.0,6,2837.0,2
rb1805,20170621,20170620,210134000,2837.0,384,77860,10917620.0,2838.0,1,2836.0,14
rb1805,20170621,20170620,210134500,2837.0,384,77860,10917620.0,2838.0,6,2836.0,9
rb1805,20170621,20170620,210135000,2837.0,384,77860,10917620.0,2837.0,2,2836.0,9
rb1805,20170621,20170620,210135500,2836.0,402,77878,11428100.0,2836.0,1,2835.0,5
rb1805,20170621,20170620,210136000,2835.0,412,77884,11711600.0,2837.0,6,2834.0,1
rb1805,20170621,20170620,210136500,2834.0,416,77880,11824980.0,2838.0,6,2835.0,1
rb1805,20170621,20170620,210137000,2837.0,418,77882,11881720.0,2838.0,1,2835.0,4
rb1805,20170621,20170620,210137500,2838.0,420,77882,11938480.0,2839.0,5,2838.0,1
rb1805,20170621,20170620,210138000,2838.0,426,77884,12108800.0,2840.0,7,2838.0,2
rb1805,20170621,20170620,210138500,2838.0,426,77884,12108800.0,2840.0,7,2838.0,2
rb1805,20170621,20170620,210139000,2838.0,426,77884,12108800.0,2840.0,7,2838.0,2
rb1805,20170621,20170620,210139500,2838.0,426,77884,12108800.0,2840.0,12,2835.0,4
rb1805,20170621,20170620,210140000,2838.0,426,77884,12108800.0,2840.0,17,2835.0,9
rb1805,20170621,20170620,210141000,2838.0,426,77884,12108800.0,2840.0,17,2835.0,10
rb1805,20170621,20170620,210141500,2835.0,428,77884,12165500.0,2840.0,17,2835.0,5
rb1805,20170621,20170620,210142000,2835.0,428,77884,12165500.0,2840.0,17,2836.0,4
rb1805,20170621,20170620,210142500,2835.0,428,77884,12165500.0,2840.0,17,2838.0,1
rb1805,20170621,20170620,210143000,2835.0,428,77884,12165500.0,2839.0,2,2838.0,1
rb1805,20170621,20170620,210143500,2839.0,432,77884,12279060.0,2840.0,17,2838.0,1
rb1805,20170621,20170620,210145000,2840.0,436,77888,12392620.0,2840.0,16,2836.0,5
rb1805,20170621,20170620,210145500,2840.0,436,77888,12392620.0,2840.0,16,2836.0,5
rb1805,20170621,20170620,210147000,2840.0,436,77888,12392620.0,2840.0,17,2836.0,5
rb1805,20170621,20170620,210147500,2840.0,436,77888,12392620.0,2840.0,18,2836.0,5
rb1805,20170621,20170620,210148500,2840.0,436,77888,12392620.0,2840.0,19,2837.0,2
rb1805,20170621,20170620,210149000,2837.0,440,77892,12506100.0,2840.0,19,2837.0,4
rb1805,20170621,20170620,210149500,2840.0,450,77900,12789860.0,2840.0,18,2836.0,5
rb1805,20170621,20170620,210150000,2840.0,450,77900,12789860.0,2840.0,17,2836.0,5
rb1805,20170621,20170620,210150500,2836.0,452,77900,12846580.0,2840.0,17,2837.0,1
rb1805,20170621,20170620,210151000,2836.0,452,77900,12846580.0,2840.0,17,2837.0,1
rb1805,20170621,20170620,210151500,2836.0,452,77900,12846580.0,2840.0,17,2837.0,1
rb1805,20170621,20170620,210152000,2836.0,452,77900,12846580.0,2840.0,17,2837.0,1
rb1805,20170621,20170620,210152500,2836.0,452,77900,12846580.0,2840.0,12,2837.0,1
rb1805,20170621,20170620,210154000,2840.0,456,77902,12960120.0,2840.0,12,2836.0,7
rb1805,20170621,20170620,210154500,2840.0,456,77902,12960120.0,2840.0,16,2836.0,7
rb1805,20170621,20170620,210155000,2840.0,456,77902,12960120.0,2840.0,16,2837.0,3
rb1805,20170621,20170620,210155500,2840.0,456,77902,12960120.0,2840.0,16,2837.0,3
rb1805,20170621,20170620,210156000,2840.0,456,77902,12960120.0,2840.0,16,2837.0,3
rb1805,20170621,20170620,210156500,2840.0,456,77902,12960120.0,2840.0,16,2836.0,9
rb1805,20170621,20170620,210157000,2840.0,456,77902,12960120.0,2840.0,42,2837.0,3
rb1805,20170621,20170620,210157500,2840.0,456,77902,12960120.0,2840.0,42,2837.0,8
rb1805,20170621,20170620,210158000,2840.0,456,77902,12960120.0,2840.0,42,2838.0,2
rb1805,20170621,20170620,210158500,2840.0,456,77902,12960120.0,2840.0,42,2838.0,2
rb1805,20170621,20170620,210159000,2840.0,456,77902,12960120.0,2840.0,42,2838.0,2
rb1805,20170621,20170620,210159500,2838.0,462,77908,13130400.0,2838.0,3,2837.0,5
rb1805,20170621,20170620,210200000,2837.0,470,77912,13357420.0,2840.0,37,2839.0,2
rb1805,20170621,20170620,210202500,2839.0,472,77910,13414200.0,2840.0,37,2839.0,1
rb1805,20170621,20170620,210203000,2839.0,474,77908,13470980.0,2839.0,2,2837.0,4
rb1805,20170621,20170620,210203500,2839.0,474,77908,13470980.0,2840.0,37,2839.0,1
rb1805,20170621,20170620,210204000,2839.0,474,77908,13470980.0,2840.0,37,2839.0,1
rb1805,20170621,20170620,210204500,2840.0,476,77910,13527780.0,2840.0,34,2839.0,1
rb1805,20170621,20170620,210205000,2840.0,476,77910,13527780.0,2840.0,34,2839.0,1
rb1805,20170621,20170620,210205500,2840.0,476,77910,13527780.0,2840.0,34,2839.0,1
rb1805,20170621,20170620,210206000,2840.0,476,77910,13527780.0,2840.0,34,2839.0,1
rb1805,20170621,20170620,210208000,2839.0,478,77912,13584560.0,2839.0,1,2838.0,1
rb1805,20170621,20170620,210209500,2839.0,478,77912,13584560.0,2839.0,1,2838.0,1
rb1805,20170621,20170620,210210500,2839.0,478,77912,13584560.0,2839.0,1,2838.0,1
rb1805,20170621,20170620,210211000,2839.0,480,77914,13641340.0,2840.0,34,2839.0,19
rb1805,20170621,20170620,210212000,2840.0,482,77916,13698140.0,2840.0,33,2839.0,19
rb1805,20170621,20170620,210214000,2840.0,522,77928,14834140.0,2840.0,13,2839.0,20
rb1805,20170621,20170620,210214500,2840.0,522,77928,14834140.0,2840.0,13,2839.0,20
rb1805,20170621,20170620,210215500,2840.0,522,77928,14834140.0,2840.0,13,2839.0,20
rb1805,20170621,20170620,210218000,2840.0,522,77928,14834140.0,2840.0,13,2839.0,20
rb1805,20170621,20170620,210218500,2840.0,522,77928,14834140.0,2840.0,13,2839.0,20
rb1805,20170621,20170620,210220000,2840.0,524,77928,14890940.0,2840.0,12,2839.0,20
rb1805,20170621,20170620,210222500,2840.0,526,77928,14947740.0,2840.0,11,2839.0,20
rb1805,20170621,20170620,210223000,2840.0,528,77928,15004540.0,2840.0,10,2839.0,21
rb1805,20170621,20170620,210224000,2840.0,530,77928,15061340.0,2840.0,9,2839.0,21
rb1805,20170621,20170620,210224500,2840.0,532,77928,15118140.0,2840.0,8,2839.0,21
rb1805,20170621,20170620,210226000,2840.0,534,77928,15174940.0,2840.0,7,2839.0,21
rb1805,20170621,20170620,210226500,2840.0,536,77928,15231740.0,2840.0,6,2839.0,21
rb1805,20170621,20170620,210227500,2840.0,538,77926,15288540.0,2840.0,5,2839.0,21
rb1805,20170621,20170620,210228000,2840.0,538,77926,15288540.0,2840.0,5,2839.0,21
rb1805,20170621,20170620,210228500,2840.0,538,77926,15288540.0,2840.0,5,2839.0,21
rb1805,20170621,20170620,210229000,2840.0,540,77926,15345340.0,2840.0,4,2839.0,21
rb1805,20170621,20170620,210231500,2840.0,540,77926,15345340.0,2840.0,4,2839.0,21
rb1805,20170621,20170620,210232000,2840.0,540,77926,15345340.0,2840.0,9,2839.0,21
rb1805,20170621,20170620,210232500,2840.0,556,77928,15799600.0,2840.0,8,2839.0,14
rb1805,20170621,20170620,210233000,2839.0,570,77942,16197060.0,2840.0,8,2839.0,7
rb1805,20170621,20170620,210233500,2839.0,572,77944,16253840.0,2840.0,8,2839.0,6
rb1805,20170621,20170620,210234500,2839.0,584,77942,16594520.0,2839.0,15,2838.0,1
rb1805,20170621,20170620,210235000,2839.0,588,77940,16708080.0,2839.0,13,2838.0,5
rb1805,20170621,20170620,210235500,2839.0,590,77938,16764860.0,2839.0,12,2838.0,5
rb1805,20170621,20170620,210236500,2839.0,590,77938,16764860.0,2839.0,12,2838.0,1
rb1805,20170621,20170620,210237000,2839.0,590,77938,16764860.0,2839.0,12,2838.0,5
rb1805,20170621,20170620,210237500,2839.0,590,77938,16764860.0,2839.0,12,2838.0,1
rb1805,20170621,20170620,210239500,2839.0,590,77938,16764860.0,2839.0,12,2838.0,1
rb1805,20170621,20170620,210240000,2839.0,590,77938,16764860.0,2839.0,12,2838.0,2
rb1805,20170621,20170620,210241000,2839.0,590,77938,16764860.0,2839.0,12,2838.0,1
rb1805,20170621,20170620,210241500,2839.0,590,77938,16764860.0,2839.0,13,2838.0,5
rb1805,20170621,20170620,210242500,2839.0,594,77934,16878420.0,2839.0,11,2838.0,5
rb1805,20170621,20170620,210243500,2839.0,594,77934,16878420.0,2839.0,11,2838.0,1
rb1805,20170621,20170620,210244000,2839.0,594,77934,16878420.0,2839.0,11,2838.0,2
rb1805,20170621,20170620,210244500,2839.0,594,77934,16878420.0,2839.0,11,2838.0,6
rb1805,20170621,20170620,210245000,2839.0,594,77934,16878420.0,2839.0,11,2838.0,6
rb1805,20170621,20170620,210245500,2839.0,600,77928,17048760.0,2839.0,8,2838.0,12
rb1805,20170621,20170620,210246000,2839.0,606,77922,17219100.0,2839.0,5,2838.0,13
rb1805,20170621,20170620,210246500,2839.0,616,77924,17503000.0,2840.0,3,2839.0,2
rb1805,20170621,20170620,210247000,2839.0,616,77924,17503000.0,2840.0,3,2839.0,10
rb1805,20170621,20170620,210247500,2839.0,616,77924,17503000.0,2840.0,3,2839.0,10
rb1805,20170621,20170620,210248000,2839.0,616,77924,17503000.0,2840.0,3,2839.0,11
rb1805,20170621,20170620,210249000,2839.0,616,77924,17503000.0,2840.0,3,2839.0,11
rb1805,20170621,20170620,210251000,2839.0,616,77924,17503000.0,2840.0,3,2839.0,11
rb1805,20170621,20170620,210251500,2839.0,616,77924,17503000.0,2840.0,3,2839.0,11
rb1805,20170621,20170620,210255000,2839.0,616,77924,17503000.0,2840.0,3,2839.0,10
rb1805,20170621,20170620,210256500,2839.0,616,77924,17503000.0,2840.0,3,2839.0,10
rb1805,20170621,20170620,210257000,2839.0,616,77924,17503000.0,2840.0,3,2839.0,10
rb1805,20170621,20170620,210257500,2839.0,616,77924,17503000.0,2840.0,3,2839.0,10
rb1805,20170621,20170620,210258500,2839.0,616,77924,17503000.0,2840.0,3,2839.0,10
rb1805,20170621,20170620,210259000,2839.0,616,77924,17503000.0,2840.0,3,2839.0,10
rb1805,20170621,20170620,210259500,2839.0,616,77924,17503000.0,2840.0,8,2839.0,10
rb1805,20170621,20170620,210302000,2839.0,616,77924,17503000.0,2840.0,8,2839.0,10
rb1805,20170621,20170620,210303000,2839.0,616,77924,17503000.0,2840.0,8,2839.0,10
rb1805,20170621,20170620,210304500,2839.0,616,77924,17503000.0,2840.0,8,2839.0,10
rb1805,20170621,20170620,210305000,2839.0,616,77924,17503000.0,2840.0,8,2839.0,11
rb1805,20170621,20170620,210305500,2839.0,616,77924,17503000.0,2840.0,9,2839.0,11
rb1805,20170621,20170620,210308000,2839.0,616,77924,17503000.0,2840.0,8,2839.0,11
rb1805,20170621,20170620,210309500,2839.0,616,77924,17503000.0,2840.0,8,2839.0,10
rb1805,20170621,20170620,210310000,2840.0,622,77924,17673400.0,2840.0,5,2839.0,10
rb1805,20170621,20170620,210310500,2840.0,622,77924,17673400.0,2840.0,5,2839.0,11
rb1805,20170621,20170620,210311000,2840.0,624,77924,17730200.0,2840.0,4,2839.0,11
rb1805,20170621,20170620,210311500,2840.0,632,77922,17957400.0,2841.0,3,2839.0,11
rb1805,20170621,20170620,210312000,2840.0,632,77922,17957400.0,2841.0,3,2839.0,10
rb1805,20170621,20170620,210313500,2840.0,632,77922,17957400.0,2841.0,3,2839.0,10
rb1805,20170621,20170620,210314000,2840.0,632,77922,17957400.0,2841.0,3,2839.0,10
rb1805,20170621,20170620,210315500,2840.0,632,77922,17957400.0,2841.0,3,2839.0,10
rb1805,20170621,20170620,210316000,2840.0,632,77922,17957400.0,2841.0,3,2839.0,10
rb1805,20170621,20170620,210317500,2840.0,632,77922,17957400.0,2841.0,3,2839.0,10
rb1805,20170621,20170620,210319000,2840.0,632,77922,17957400.0,2841.0,3,2839.0,11
rb1805,20170621,20170620,210319500,2840.0,632,77922,17957400.0,2841.0,8,2839.0,11
rb1805,20170621,20170620,210320000,2840.0,632,77922,17957400.0,2840.0,1,2839.0,11
rb1805,20170621,20170620,210321000,2840.0,634,77922,18014200.0,2841.0,3,2840.0,1
rb1805,20170621,20170620,210321500,2840.0,634,77922,18014200.0,2841.0,3,2840.0,1
rb1805,20170621,20170620,210322000,2840.0,634,77922,18014200.0,2841.0,3,2839.0,12
rb1805,20170621,20170620,210322500,2840.0,634,77922,18014200.0,2841.0,3,2840.0,1
rb1805,20170621,20170620,210323000,2840.0,634,77922,18014200.0,2841.0,3,2840.0,4
rb1805,20170621,20170620,210323500,2840.0,636,77924,18071000.0,2841.0,3,2840.0,3
rb1805,20170621,20170620,210324000,2840.0,638,77924,18127800.0,2841.0,3,2840.0,3
rb1805,20170621,20170620,210324500,2840.0,638,77924,18127800.0,2841.0,3,2840.0,2
rb1805,20170621,20170620,210325000,2840.0,638,77924,18127800.0,2841.0,3,2840.0,2
rb1805,20170621,20170620,210326000,2841.0,644,77918,18298260.0,2842.0,11,2840.0,3
rb1805,20170621,20170620,210326500,2841.0,644,77918,18298260.0,2842.0,11,2840.0,5
rb1805,20170621,20170620,210327000,2841.0,644,77918,18298260.0,2842.0,11,2841.0,1
rb1805,20170621,20170620,210327500,2841.0,644,77918,18298260.0,2842.0,11,2841.0,1
rb1805,20170621,20170620,210328000,2841.0,644,77918,18298260.0,2842.0,11,2841.0,4
rb1805,20170621,20170620,210329000,2841.0,644,77918,18298260.0,2842.0,11,2841.0,4
rb1805,20170621,20170620,210329500,2841.0,644,77918,18298260.0,2842.0,9,2841.0,4
rb1805,20170621,20170620,210330500,2842.0,650,77912,18468780.0,2842.0,9,2841.0,4
rb1805,20170621,20170620,210332500,2842.0,650,77912,18468780.0,2842.0,9,2841.0,4
rb1805,20170621,20170620,210333000,2842.0,650,77912,18468780.0,2842.0,9,2841.0,4
rb1805,20170621,20170620,210333500,2842.0,650,77912,18468780.0,2842.0,9,2841.0,4
rb1805,20170621,20170620,210334500,2842.0,650,77912,18468780.0,2842.0,9,2841.0,4
rb1805,20170621,20170620,210335000,2842.0,652,77910,18525620.0,2842.0,8,2841.0,4
rb1805,20170621,20170620,210335500,2842.0,652,77910,18525620.0,2842.0,8,2841.0,1
rb1805,20170621,20170620,210336000,2842.0,652,77910,18525620.0,2842.0,8,2841.0,4
rb1805,20170621,20170620,210336500,2842.0,656,77910,18639300.0,2842.0,6,2841.0,1
rb1805,20170621,20170620,210337000,2842.0,662,77904,18809820.0,2842.0,3,2841.0,1
rb1805,20170621,20170620,210337500,2842.0,662,77904,18809820.0,2842.0,3,2841.0,1
rb1805,20170621,20170620,210338500,2841.0,664,77902,18866640.0,2841.0,4,2840.0,2
rb1805,20170621,20170620,210339000,2841.0,672,77900,19093920.0,2842.0,3,2841.0,2
rb1805,20170621,20170620,210339500,2842.0,674,77898,19150760.0,2842.0,2,2840.0,3
rb1805,20170621,20170620,210340000,2842.0,674,77898,19150760.0,2842.0,7,2841.0,1
rb1805,20170621,20170620,210340500,2841.0,676,77898,19207580.0,2841.0,1,2840.0,2
rb1805,20170621,20170620,210341000,2841.0,676,77898,19207580.0,2842.0,8,2840.0,2
rb1805,20170621,20170620,210341500,2841.0,676,77898,19207580.0,2842.0,7,2840.0,2
rb1805,20170621,20170620,210342000,2841.0,676,77898,19207580.0,2842.0,7,2840.0,2
rb1805,20170621,20170620,210343500,2841.0,676,77898,19207580.0,2842.0,7,2840.0,3
rb1805,20170621,20170620,210344500,2841.0,676,77898,19207580.0,2842.0,7,2840.0,2
rb1805,20170621,20170620,210345000,2841.0,676,77898,19207580.0,2842.0,7,2840.0,2
rb1805,20170621,20170620,210345500,2841.0,676,77898,19207580.0,2841.0,2,2840.0,2
rb1805,20170621,20170620,210346000,2841.0,676,77898,19207580.0,2841.0,2,2840.0,2
rb1805,20170621,20170620,210346500,2841.0,678,77898,19264400.0,2841.0,1,2840.0,2
rb1805,20170621,20170620,210347000,2841.0,680,77898,19321220.0,2842.0,8,2840.0,2
rb1805,20170621,20170620,210347500,2841.0,680,77898,19321220.0,2842.0,7,2840.0,2
rb1805,20170621,20170620,210349500,2841.0,680,77898,19321220.0,2842.0,7,2840.0,2
rb1805,20170621,20170620,210350500,2841.0,680,77898,19321220.0,2842.0,7,2841.0,6
rb1805,20170621,20170620,210351000,2841.0,680,77898,19321220.0,2842.0,2,2841.0,6
rb1805,20170621,20170620,210351500,2841.0,680,77898,19321220.0,2842.0,2,2841.0,6
rb1805,20170621,20170620,210352000,2841.0,680,77898,19321220.0,2842.0,2,2841.0,6
rb1805,20170621,20170620,210353000,2841.0,684,77900,19434860.0,2842.0,7,2841.0,4
rb1805,20170621,20170620,210353500,2841.0,684,77900,19434860.0,2842.0,8,2841.0,4
rb1805,20170621,20170620,210354000,2841.0,692,77900,19662140.0,2841.0,2,2840.0,6
rb1805,20170621,20170620,210354500,2841.0,696,77896,19775780.0,2842.0,8,2840.0,6
rb1805,20170621,20170620,210355000,2841.0,696,77896,19775780.0,2842.0,7,2840.0,6
rb1805,20170621,20170620,210355500,2841.0,696,77896,19775780.0,2842.0,2,2840.0,6
rb1805,20170621,20170620,210357000,2841.0,696,77896,19775780.0,2842.0,2,2840.0,6
rb1805,20170621,20170620,210357500,2841.0,696,77896,19775780.0,2842.0,2,2841.0,2
rb1805,20170621,20170620,210358000,2841.0,696,77896,19775780.0,2842.0,3,2841.0,2
rb1805,20170621,20170620,210359000,2841.0,696,77896,19775780.0,2842.0,3,2841.0,2
rb1805,20170621,20170620,210400000,2841.0,696,77896,19775780.0,2842.0,6,2841.0,2
rb1805,20170621,20170620,210401500,2841.0,696,77896,19775780.0,2842.0,6,2841.0,2
rb1805,20170621,20170620,210402500,2841.0,696,77896,19775780.0,2842.0,6,2841.0,2
rb1805,20170621,20170620,210403000,2842.0,698,77896,19832620.0,2842.0,6,2841.0,2
rb1805,20170621,20170620,210403500,2842.0,698,77896,19832620.0,2842.0,6,2841.0,2
rb1805,20170621,20170620,210404000,2842.0,698,77896,19832620.0,2842.0,6,2841.0,3
rb1805,20170621,20170620,210405500,2841.0,700,77896,19889440.0,2842.0,6,2841.0,2
rb1805,20170621,20170620,210406500,2841.0,700,77896,19889440.0,2842.0,6,2841.0,3
rb1805,20170621,20170620,210407000,2841.0,700,77896,19889440.0,2842.0,5,2841.0,3
rb1805,20170621,20170620,210407500,2841.0,706,77896,20059900.0,2841.0,7,2840.0,11
rb1805,20170621,20170620,210408000,2841.0,708,77896,20116720.0,2841.0,6,2840.0,11
rb1805,20170621,20170620,210408500,2841.0,708,77896,20116720.0,2841.0,6,2840.0,10
rb1805,20170621,20170620,210409000,2841.0,710,77896,20173540.0,2841.0,5,2840.0,10
rb1805,20170621,20170620,210409500,2841.0,710,77896,20173540.0,2841.0,5,2840.0,10
rb1805,20170621,20170620,210410000,2841.0,710,77896,20173540.0,2841.0,5,2840.0,10
rb1805,20170621,20170620,210410500,2841.0,710,77896,20173540.0,2841.0,5,2840.0,10
rb1805,20170621,20170620,210411000,2841.0,712,77896,20230360.0,2841.0,4,2840.0,10
rb1805,20170621,20170620,210411500,2841.0,714,77896,20287180.0,2841.0,4,2840.0,10
rb1805,20170621,20170620,210412000,2841.0,714,77896,20287180.0,2841.0,4,2840.0,10
rb1805,20170621,20170620,210412500,2841.0,716,77896,20344000.0,2841.0,3,2840.0,10
rb1805,20170621,20170620,210413500,2841.0,716,77896,20344000.0,2841.0,3,2840.0,10
rb1805,20170621,20170620,210414500,2841.0,716,77896,20344000.0,2841.0,3,2840.0,10
rb1805,20170621,20170620,210415500,2841.0,716,77896,20344000.0,2841.0,3,2840.0,10
rb1805,20170621,20170620,210416000,2841.0,716,77896,20344000.0,2841.0,3,2840.0,10
rb1805,20170621,20170620,210416500,2841.0,722,77898,20514460.0,2842.0,6,2841.0,4
rb1805,20170621,20170620,210417000,2841.0,722,77898,20514460.0,2842.0,6,2840.0,10
rb1805,20170621,20170620,210417500,2841.0,722,77898,20514460.0,2842.0,6,2841.0,1
rb1805,20170621,20170620,210419000,2842.0,730,77890,20741820.0,2842.0,2,2841.0,1
rb1805,20170621,20170620,210420000,2842.0,730,77890,20741820.0,2842.0,2,2841.0,1
rb1805,20170621,20170620,210420500,2842.0,734,77890,20855500.0,2843.0,5,2842.0,2
rb1805,20170621,20170620,210421000,2841.0,736,77890,20912320.0,2843.0,5,2840.0,11
rb1805,20170621,20170620,210421500,2841.0,736,77890,20912320.0,2843.0,5,2842.0,1
rb1805,20170621,20170620,210422500,2841.0,736,77890,20912320.0,2843.0,5,2842.0,1
rb1805,20170621,20170620,210423500,2843.0,738,77890,20969180.0,2843.0,10,2842.0,1
rb1805,20170621,20170620,210424000,2842.0,740,77888,21026020.0,2842.0,4,2840.0,12
rb1805,20170621,20170620,210424500,2842.0,740,77888,21026020.0,2842.0,3,2841.0,10
rb1805,20170621,20170620,210425000,2842.0,746,77888,21196540.0,2843.0,10,2841.0,10
rb1805,20170621,20170620,210425500,2842.0,746,77888,21196540.0,2843.0,9,2841.0,10
rb1805,20170621,20170620,210426000,2843.0,748,77888,21253400.0,2843.0,8,2841.0,10
rb1805,20170621,20170620,210427500,2843.0,748,77888,21253400.0,2843.0,10,2841.0,10
rb1805,20170621,20170620,210430000,2843.0,748,77888,21253400.0,2843.0,10,2841.0,11
rb1805,20170621,20170620,210431000,2843.0,748,77888,21253400.0,2843.0,10,2841.0,11
rb1805,20170621,20170620,210431500,2843.0,748,77888,21253400.0,2843.0,10,2841.0,12
rb1805,20170621,20170620,210434000,2843.0,748,77888,21253400.0,2843.0,10,2841.0,12
rb1805,20170621,20170620,210434500,2843.0,748,77888,21253400.0,2842.0,1,2841.0,12
rb1805,20170621,20170620,210435000,2843.0,748,77888,21253400.0,2842.0,1,2841.0,12
rb1805,20170621,20170620,210438500,2843.0,748,77888,21253400.0,2842.0,6,2841.0,12
rb1805,20170621,20170620,210439000,2842.0,750,77888,21310240.0,2842.0,5,2841.0,12
rb1805,20170621,20170620,210439500,2842.0,750,77888,21310240.0,2842.0,5,2841.0,12
rb1805,20170621,20170620,210440000,2842.0,756,77888,21480760.0,2842.0,4,2841.0,12
rb1805,20170621,20170620,210440500,2842.0,756,77888,21480760.0,2842.0,7,2841.0,18
rb1805,20170621,20170620,210445500,2842.0,760,77888,21594440.0,2842.0,5,2841.0,18
rb1805,20170621,20170620,210447000,2842.0,770,77878,21878640.0,2843.0,8,2841.0,18
rb1805,20170621,20170620,210447500,2842.0,770,77878,21878640.0,2843.0,8,2842.0,1
rb1805,20170621,20170620,210448000,2842.0,772,77878,21935480.0,2842.0,2,2841.0,18
rb1805,20170621,20170620,210448500,2842.0,772,77878,21935480.0,2843.0,3,2841.0,18
rb1805,20170621,20170620,210449000,2842.0,772,77878,21935480.0,2843.0,3,2841.0,18
rb1805,20170621,20170620,210449500,2842.0,772,77878,21935480.0,2843.0,3,2842.0,10
rb1805,20170621,20170620,210450000,2843.0,778,77872,22106060.0,2844.0,10,2842.0,10
rb1805,20170621,20170620,210454000,2843.0,778,77872,22106060.0,2844.0,15,2842.0,13
rb1805,20170621,20170620,210454500,2843.0,778,77872,22106060.0,2844.0,15,2842.0,3
rb1805,20170621,20170620,210455000,2843.0,778,77872,22106060.0,2844.0,15,2842.0,3
rb1805,20170621,20170620,210455500,2842.0,780,77874,22162900.0,2844.0,15,2842.0,2
rb1805,20170621,20170620,210456000,2842.0,784,77874,22276580.0,2843.0,3,2841.0,18
rb1805,20170621,20170620,210456500,2842.0,784,77874,22276580.0,2843.0,3,2842.0,1
rb1805,20170621,20170620,210457000,2842.0,788,77872,22390260.0,2843.0,3,2842.0,9
rb1805,20170621,20170620,210458000,2842.0,788,77872,22390260.0,2843.0,3,2842.0,9
rb1805,20170621,20170620,210458500,2842.0,788,77872,22390260.0,2843.0,3,2842.0,9
rb1805,20170621,20170620,210459000,2842.0,788,77872,22390260.0,2843.0,3,2842.0,9
rb1805,20170621,20170620,210459500,2842.0,788,77872,22390260.0,2843.0,3,2841.0,18
rb1805,20170621,20170620,210500500,2843.0,792,77868,22503980.0,2843.0,1,2841.0,18
rb1805,20170621,20170620,210501000,2843.0,792,77868,22503980.0,2843.0,2,2841.0,18
rb1805,20170621,20170620,210501500,2843.0,792,77868,22503980.0,2843.0,7,2841.0,18
rb1805,20170621,20170620,210502000,2843.0,792,77868,22503980.0,2843.0,7,2842.0,3
rb1805,20170621,20170620,210502500,2843.0,794,77866,22560840.0,2843.0,1,2842.0,3
rb1805,20170621,20170620,210504000,2843.0,794,77866,22560840.0,2843.0,6,2842.0,3
rb1805,20170621,20170620,210504500,2842.0,800,77872,22731360.0,2842.0,7,2841.0,18
rb1805,20170621,20170620,210505000,2842.0,802,77874,22788200.0,2842.0,2,2841.0,18
rb1805,20170621,20170620,210507000,2842.0,802,77874,22788200.0,2843.0,7,2842.0,1
rb1805,20170621,20170620,210507500,2842.0,802,77874,22788200.0,2843.0,1,2842.0,1
rb1805,20170621,20170620,210508000,2842.0,802,77874,22788200.0,2843.0,1,2842.0,2
rb1805,20170621,20170620,210509500,2842.0,802,77874,22788200.0,2843.0,4,2842.0,2
rb1805,20170621,20170620,210510500,2842.0,806,77872,22901880.0,2842.0,1,2841.0,18
rb1805,20170621,20170620,210512500,2842.0,808,77872,22958720.0,2843.0,4,2841.0,18
rb1805,20170621,20170620,210513000,2842.0,810,77874,23015560.0,2842.0,1,2841.0,18
rb1805,20170621,20170620,210514000,2842.0,812,77876,23072400.0,2843.0,4,2841.0,18
rb1805,20170621,20170620,210517500,2842.0,812,77876,23072400.0,2843.0,4,2841.0,17
rb1805,20170621,20170620,210518500,2842.0,812,77876,23072400.0,2843.0,4,2841.0,16
rb1805,20170621,20170620,210519000,2843.0,814,77876,23129260.0,2843.0,3,2841.0,16
rb1805,20170621,20170620,210520000,2843.0,814,77876,23129260.0,2843.0,3,2841.0,16
rb1805,20170621,20170620,210521500,2843.0,814,77876,23129260.0,2843.0,8,2841.0,16
rb1805,20170621,20170620,210523500,2843.0,814,77876,23129260.0,2843.0,8,2841.0,16
rb1805,20170621,20170620,210524500,2843.0,816,77876,23186120.0,2843.0,7,2841.0,16
rb1805,20170621,20170620,210527000,2843.0,816,77876,23186120.0,2843.0,7,2841.0,16
rb1805,20170621,20170620,210531000,2843.0,816,77876,23186120.0,2842.0,1,2841.0,16
rb1805,20170621,20170620,210531500,2843.0,816,77876,23186120.0,2842.0,1,2841.0,16
rb1805,20170621,20170620,210532500,2843.0,816,77876,23186120.0,2842.0,4,2841.0,16
rb1805,20170621,20170620,210533000,2843.0,816,77876,23186120.0,2842.0,4,2841.0,16
rb1805,20170621,20170620,210534500,2843.0,816,77876,23186120.0,2842.0,4,2841.0,16
rb1805,20170621,20170620,210535000,2842.0,818,77878,23242960.0,2842.0,3,2841.0,16
rb1805,20170621,20170620,210539500,2841.0,822,77882,23356600.0,2842.0,3,2841.0,14
rb1805,20170621,20170620,210540500,2841.0,822,77882,23356600.0,2842.0,3,2841.0,14
rb1805,20170621,20170620,210542500,2842.0,824,77882,23413440.0,2842.0,2,2841.0,14
rb1805,20170621,20170620,210546000,2842.0,826,77882,23470280.0,2842.0,1,2841.0,14
rb1805,20170621,20170620,210547000,2842.0,826,77882,23470280.0,2842.0,1,2841.0,14
rb1805,20170621,20170620,210549000,2842.0,828,77882,23527120.0,2843.0,9,2841.0,14
rb1805,20170621,20170620,210550000,2842.0,828,77882,23527120.0,2843.0,9,2842.0,1
rb1805,20170621,20170620,210551000,2842.0,828,77882,23527120.0,2843.0,4,2842.0,1
rb1805,20170621,20170620,210554000,2842.0,828,77882,23527120.0,2843.0,5,2842.0,1
rb1805,20170621,20170620,210557000,2842.0,828,77882,23527120.0,2843.0,5,2842.0,1
rb1805,20170621,20170620,210557500,2842.0,828,77882,23527120.0,2843.0,10,2842.0,1
rb1805,20170621,20170620,210558000,2842.0,828,77882,23527120.0,2843.0,11,2842.0,1
rb1805,20170621,20170620,210558500,2842.0,828,77882,23527120.0,2843.0,11,2841.0,14
rb1805,20170621,20170620,210559000,2842.0,828,77882,23527120.0,2843.0,5,2841.0,14
rb1805,20170621,20170620,210600000,2842.0,828,77882,23527120.0,2842.0,1,2841.0,14
rb1805,20170621,20170620,210601000,2842.0,830,77880,23583960.0,2843.0,5,2841.0,14
rb1805,20170621,20170620,210603000,2843.0,832,77880,23640820.0,2843.0,4,2841.0,14
rb1805,20170621,20170620,210604500,2843.0,832,77880,23640820.0,2842.0,2,2841.0,14
rb1805,20170621,20170620,210605000,2843.0,832,77880,23640820.0,2842.0,2,2841.0,15
rb1805,20170621,20170620,210605500,2843.0,832,77880,23640820.0,2842.0,2,2841.0,15
rb1805,20170621,20170620,210607000,2842.0,836,77880,23754500.0,2843.0,2,2842.0,5
rb1805,20170621,20170620,210607500,2842.0,836,77880,23754500.0,2843.0,2,2842.0,2
rb1805,20170621,20170620,210609500,2843.0,840,77880,23868220.0,2844.0,15,2843.0,1
rb1805,20170621,20170620,210610000,2843.0,840,77880,23868220.0,2844.0,10,2841.0,15
rb1805,20170621,20170620,210611500,2843.0,840,77880,23868220.0,2844.0,10,2841.0,16
rb1805,20170621,20170620,210612000,2843.0,840,77880,23868220.0,2844.0,10,2841.0,16
rb1805,20170621,20170620,210613500,2843.0,840,77880,23868220.0,2843.0,1,2841.0,16
rb1805,20170621,20170620,210614000,2843.0,840,77880,23868220.0,2843.0,2,2842.0,3
rb1805,20170621,20170620,210614500,2843.0,840,77880,23868220.0,2843.0,3,2842.0,10
rb1805,20170621,20170620,210615000,2843.0,840,77880,23868220.0,2843.0,3,2842.0,3
rb1805,20170621,20170620,210615500,2843.0,840,77880,23868220.0,2843.0,3,2842.0,2
rb1805,20170621,20170620,210617500,2843.0,840,77880,23868220.0,2843.0,4,2842.0,2
rb1805,20170621,20170620,210618000,2843.0,840,77880,23868220.0,2843.0,4,2842.0,2
rb1805,20170621,20170620,210618500,2843.0,842,77878,23925080.0,2843.0,3,2842.0,2
rb1805,20170621,20170620,210619000,2843.0,842,77878,23925080.0,2843.0,3,2842.0,2
rb1805,20170621,20170620,210619500,2843.0,842,77878,23925080.0,2843.0,3,2842.0,9
rb1805,20170621,20170620,210622000,2843.0,842,77878,23925080.0,2843.0,3,2842.0,2
rb1805,20170621,20170620,210622500,2842.0,844,77878,23981920.0,2843.0,3,2842.0,1
rb1805,20170621,20170620,210624000,2842.0,844,77878,23981920.0,2843.0,3,2842.0,8
rb1805,20170621,20170620,210625000,2842.0,844,77878,23981920.0,2843.0,3,2842.0,1
rb1805,20170621,20170620,210625500,2842.0,844,77878,23981920.0,2843.0,3,2842.0,2
rb1805,20170621,20170620,210626000,2842.0,844,77878,23981920.0,2843.0,3,2842.0,3
rb1805,20170621,20170620,210626500,2843.0,846,77880,24038780.0,2843.0,2,2842.0,3
rb1805,20170621,20170620,210627000,2842.0,850,77880,24152480.0,2843.0,1,2842.0,2
rb1805,20170621,20170620,210627500,2842.0,850,77880,24152480.0,2843.0,1,2842.0,2
rb1805,20170621,20170620,210629000,2842.0,850,77880,24152480.0,2843.0,1,2842.0,1
rb1805,20170621,20170620,210631000,2842.0,850,77880,24152480.0,2843.0,1,2842.0,2
rb1805,20170621,20170620,210631500,2842.0,850,77880,24152480.0,2843.0,1,2842.0,1
rb1805,20170621,20170620,210632500,2842.0,850,77880,24152480.0,2843.0,1,2842.0,1
rb1805,20170621,20170620,210634500,2842.0,850,77880,24152480.0,2843.0,1,2842.0,1
rb1805,20170621,20170620,210635000,2842.0,850,77880,24152480.0,2843.0,6,2842.0,2
rb1805,20170621,20170620,210635500,2842.0,850,77880,24152480.0,2843.0,6,2842.0,1
rb1805,20170621,20170620,210637000,2842.0,850,77880,24152480.0,2843.0,6,2842.0,1
rb1805,20170621,20170620,210637500,2842.0,850,77880,24152480.0,2843.0,1,2842.0,1
rb1805,20170621,20170620,210638500,2842.0,850,77880,24152480.0,2843.0,8,2842.0,1
rb1805,20170621,20170620,210639000,2842.0,850,77880,24152480.0,2843.0,9,2842.0,1
rb1805,20170621,20170620,210640000,2842.0,850,77880,24152480.0,2843.0,9,2842.0,1
rb1805,20170621,20170620,210641500,2842.0,850,77880,24152480.0,2843.0,9,2842.0,1
rb1805,20170621,20170620,210642000,2842.0,850,77880,24152480.0,2843.0,9,2842.0,1
rb1805,20170621,20170620,210643000,2842.0,850,77880,24152480.0,2843.0,9,2842.0,2
rb1805,20170621,20170620,210643500,2842.0,852,77880,24209320.0,2843.0,9,2841.0,10
rb1805,20170621,20170620,210644000,2842.0,852,77880,24209320.0,2843.0,9,2842.0,2
rb1805,20170621,20170620,210645000,2842.0,852,77880,24209320.0,2843.0,4,2842.0,2
rb1805,20170621,20170620,210645500,2842.0,852,77880,24209320.0,2843.0,3,2842.0,2
rb1805,20170621,20170620,210646500,2843.0,854,77880,24266180.0,2843.0,3,2842.0,2
rb1805,20170621,20170620,210648500,2842.0,858,77880,24379860.0,2842.0,5,2841.0,10
rb1805,20170621,20170620,210649000,2842.0,858,77880,24379860.0,2843.0,9,2842.0,1
rb1805,20170621,20170620,210649500,2843.0,860,77878,24436720.0,2843.0,8,2841.0,10
rb1805,20170621,20170620,210650000,2843.0,860,77878,24436720.0,2843.0,2,2841.0,10
rb1805,20170621,20170620,210651000,2843.0,860,77878,24436720.0,2843.0,7,2841.0,11
rb1805,20170621,20170620,210652500,2843.0,860,77878,24436720.0,2842.0,1,2841.0,11
rb1805,20170621,20170620,210653500,2843.0,860,77878,24436720.0,2842.0,1,2841.0,11
rb1805,20170621,20170620,210654500,2843.0,860,77878,24436720.0,2842.0,2,2841.0,11
rb1805,20170621,20170620,210655500,2843.0,860,77878,24436720.0,2842.0,2,2841.0,12
rb1805,20170621,20170620,210656000,2843.0,860,77878,24436720.0,2842.0,2,2841.0,11
rb1805,20170621,20170620,210657500,2843.0,860,77878,24436720.0,2842.0,2,2841.0,11
rb1805,20170621,20170620,210658000,2843.0,860,77878,24436720.0,2842.0,2,2841.0,11
rb1805,20170621,20170620,210659500,2843.0,860,77878,24436720.0,2842.0,6,2841.0,11
rb1805,20170621,20170620,210700000,2843.0,860,77878,24436720.0,2842.0,6,2841.0,12
rb1805,20170621,20170620,210700500,2843.0,860,77878,24436720.0,2842.0,6,2841.0,11
rb1805,20170621,20170620,210704500,2843.0,860,77878,24436720.0,2842.0,11,2841.0,20
rb1805,20170621,20170620,210706500,2843.0,860,77878,24436720.0,2842.0,16,2841.0,20
rb1805,20170621,20170620,210707000,2841.0,862,77878,24493540.0,2842.0,17,2841.0,19
rb1805,20170621,20170620,210707500,2841.0,862,77878,24493540.0,2842.0,17,2841.0,19
rb1805,20170621,20170620,210708000,2841.0,862,77878,24493540.0,2842.0,17,2841.0,19
rb1805,20170621,20170620,210711500,2842.0,864,77878,24550380.0,2842.0,16,2841.0,19
rb1805,20170621,20170620,210712500,2842.0,864,77878,24550380.0,2842.0,16,2841.0,19
rb1805,20170621,20170620,210714000,2841.0,870,77878,24720840.0,2842.0,16,2841.0,16
rb1805,20170621,20170620,210715000,2841.0,874,77878,24834480.0,2842.0,16,2841.0,14
rb1805,20170621,20170620,210715500,2841.0,874,77878,24834480.0,2842.0,16,2841.0,14
rb1805,20170621,20170620,210716000,2841.0,874,77878,24834480.0,2842.0,17,2841.0,14
rb1805,20170621,20170620,210716500,2841.0,874,77878,24834480.0,2842.0,17,2841.0,13
rb1805,20170621,20170620,210718000,2841.0,878,77878,24948120.0,2842.0,17,2841.0,11
rb1805,20170621,20170620,210718500,2841.0,878,77878,24948120.0,2842.0,12,2841.0,11
rb1805,20170621,20170620,210719000,2841.0,878,77878,24948120.0,2842.0,12,2841.0,12
rb1805,20170621,20170620,210719500,2841.0,882,77878,25061760.0,2842.0,12,2841.0,10
rb1805,20170621,20170620,210720000,2841.0,886,77874,25175400.0,2842.0,12,2841.0,8
rb1805,20170621,20170620,210721000,2841.0,892,77872,25345860.0,2842.0,12,2841.0,5
rb1805,20170621,20170620,210723000,2841.0,892,77872,25345860.0,2842.0,17,2841.0,5
rb1805,20170621,20170620,210723500,2841.0,902,77874,25629960.0,2841.0,1,2840.0,8
rb1805,20170621,20170620,210724000,2841.0,902,77874,25629960.0,2842.0,17,2840.0,8
rb1805,20170621,20170620,210727500,2840.0,904,77876,25686760.0,2842.0,17,2840.0,5
rb1805,20170621,20170620,210733500,2840.0,910,77882,25857160.0,2842.0,17,2840.0,2
rb1805,20170621,20170620,210734000,2840.0,910,77882,25857160.0,2842.0,17,2840.0,2
rb1805,20170621,20170620,210734500,2840.0,912,77882,25913960.0,2842.0,17,2840.0,1
rb1805,20170621,20170620,210735000,2840.0,914,77884,25970760.0,2840.0,1,2839.0,10
rb1805,20170621,20170620,210735500,2842.0,950,77886,26993840.0,2843.0,6,2842.0,9
rb1805,20170621,20170620,210736000,2842.0,968,77904,27505400.0,2840.0,5,2839.0,10
rb1805,20170621,20170620,210736500,2842.0,968,77904,27505400.0,2840.0,5,2839.0,10
rb1805,20170621,20170620,210737000,2840.0,984,77888,27959800.0,2840.0,2,2839.0,10
rb1805,20170621,20170620,210738500,2840.0,984,77888,27959800.0,2842.0,2,2840.0,2
rb1805,20170621,20170620,210739500,2840.0,986,77888,28016600.0,2842.0,8,2840.0,1
rb1805,20170621,20170620,210740000,2840.0,986,77888,28016600.0,2842.0,8,2840.0,1
rb1805,20170621,20170620,210740500,2840.0,986,77888,28016600.0,2842.0,8,2840.0,2
rb1805,20170621,20170620,210741500,2840.0,986,77888,28016600.0,2842.0,8,2840.0,7
rb1805,20170621,20170620,210742000,2840.0,986,77888,28016600.0,2842.0,8,2840.0,2
rb1805,20170621,20170620,210746000,2840.0,986,77888,28016600.0,2842.0,12,2840.0,2
rb1805,20170621,20170620,210748000,2840.0,986,77888,28016600.0,2842.0,11,2840.0,2
rb1805,20170621,20170620,210748500,2840.0,986,77888,28016600.0,2842.0,8,2840.0,7
rb1805,20170621,20170620,210749000,2840.0,986,77888,28016600.0,2842.0,8,2840.0,14
rb1805,20170621,20170620,210750500,2840.0,986,77888,28016600.0,2842.0,8,2840.0,8
rb1805,20170621,20170620,210751000,2840.0,986,77888,28016600.0,2842.0,6,2841.0,7
rb1805,20170621,20170620,210751500,2842.0,992,77882,28187120.0,2842.0,3,2841.0,7
rb1805,20170621,20170620,210752000,2842.0,992,77882,28187120.0,2842.0,3,2841.0,7
rb1805,20170621,20170620,210753000,2842.0,992,77882,28187120.0,2842.0,3,2841.0,7
rb1805,20170621,20170620,210754500,2842.0,992,77882,28187120.0,2842.0,3,2840.0,7
rb1805,20170621,20170620,210755000,2842.0,992,77882,28187120.0,2842.0,3,2840.0,14
rb1805,20170621,20170620,210757500,2842.0,992,77882,28187120.0,2842.0,6,2840.0,9
rb1805,20170621,20170620,210758000,2842.0,992,77882,28187120.0,2842.0,7,2840.0,9
rb1805,20170621,20170620,210759000,2842.0,994,77880,28243960.0,2842.0,6,2840.0,9
rb1805,20170621,20170620,210759500,2842.0,994,77880,28243960.0,2842.0,6,2840.0,9
rb1805,20170621,20170620,210802000,2842.0,994,77880,28243960.0,2842.0,6,2840.0,3
rb1805,20170621,20170620,210802500,2842.0,994,77880,28243960.0,2842.0,6,2840.0,9
rb1805,20170621,20170620,210804000,2842.0,994,77880,28243960.0,2842.0,6,2840.0,9
rb1805,20170621,20170620,210804500,2842.0,994,77880,28243960.0,2842.0,7,2840.0,9
rb1805,20170621,20170620,210806000,2842.0,994,77880,28243960.0,2842.0,7,2840.0,16
rb1805,20170621,20170620,210806500,2842.0,994,77880,28243960.0,2842.0,6,2840.0,16
rb1805,20170621,20170620,210807500,2842.0,994,77880,28243960.0,2842.0,6,2840.0,16
rb1805,20170621,20170620,210809000,2842.0,994,77880,28243960.0,2842.0,6,2840.0,10
rb1805,20170621,20170620,210809500,2842.0,994,77880,28243960.0,2842.0,6,2841.0,5
rb1805,20170621,20170620,210810000,2842.0,994,77880,28243960.0,2842.0,3,2841.0,5
rb1805,20170621,20170620,210811000,2842.0,994,77880,28243960.0,2842.0,3,2841.0,7
rb1805,20170621,20170620,210811500,2842.0,994,77880,28243960.0,2842.0,3,2841.0,7
rb1805,20170621,20170620,210813000,2842.0,994,77880,28243960.0,2842.0,6,2841.0,7
rb1805,20170621,20170620,210813500,2842.0,994,77880,28243960.0,2842.0,7,2840.0,9
rb1805,20170621,20170620,210814000,2842.0,994,77880,28243960.0,2842.0,7,2840.0,16
rb1805,20170621,20170620,210815000,2842.0,994,77880,28243960.0,2842.0,7,2840.0,36
rb1805,20170621,20170620,210815500,2842.0,994,77880,28243960.0,2842.0,7,2840.0,31
rb1805,20170621,20170620,210820000,2842.0,994,77880,28243960.0,2842.0,7,2840.0,32
rb1805,20170621,20170620,210820500,2842.0,994,77880,28243960.0,2842.0,7,2840.0,26
rb1805,20170621,20170620,210821000,2842.0,994,77880,28243960.0,2842.0,7,2840.0,25
rb1805,20170621,20170620,210822000,2842.0,994,77880,28243960.0,2842.0,7,2840.0,25
rb1805,20170621,20170620,210823000,2842.0,994,77880,28243960.0,2842.0,7,2840.0,25
rb1805,20170621,20170620,210825000,2842.0,994,77880,28243960.0,2842.0,7,2840.0,25
rb1805,20170621,20170620,210826000,2842.0,994,77880,28243960.0,2842.0,7,2840.0,30
rb1805,20170621,20170620,210826500,2842.0,994,77880,28243960.0,2842.0,7,2841.0,2
rb1805,20170621,20170620,210827000,2842.0,994,77880,28243960.0,2842.0,5,2841.0,3
rb1805,20170621,20170620,210827500,2842.0,994,77880,28243960.0,2842.0,5,2841.0,7
rb1805,20170621,20170620,210828000,2840.0,998,77878,28357560.0,2842.0,5,2840.0,28
rb1805,20170621,20170620,210830500,2840.0,998,77878,28357560.0,2842.0,5,2841.0,7
rb1805,20170621,20170620,210831000,2842.0,1008,77882,28641760.0,2843.0,3,2841.0,7
rb1805,20170621,20170620,210835500,2842.0,1008,77882,28641760.0,2843.0,3,2840.0,28
rb1805,20170621,20170620,210836000,2842.0,1008,77882,28641760.0,2843.0,6,2840.0,28
rb1805,20170621,20170620,210842000,2842.0,1008,77882,28641760.0,2843.0,6,2840.0,28
rb1805,20170621,20170620,210844000,2842.0,1008,77882,28641760.0,2843.0,6,2840.0,28
rb1805,20170621,20170620,210845500,2843.0,1028,77884,29210360.0,2843.0,2,2840.0,28
rb1805,20170621,20170620,210846000,2843.0,1028,77884,29210360.0,2842.0,3,2840.0,28
rb1805,20170621,20170620,210846500,2843.0,1028,77884,29210360.0,2843.0,2,2840.0,28
rb1805,20170621,20170620,210847500,2843.0,1028,77884,29210360.0,2842.0,3,2840.0,28
rb1805,20170621,20170620,210850500,2843.0,1028,77884,29210360.0,2842.0,3,2840.0,28
rb1805,20170621,20170620,210852500,2842.0,1030,77882,29267200.0,2842.0,2,2840.0,29
rb1805,20170621,20170620,210854000,2842.0,1030,77882,29267200.0,2842.0,2,2840.0,29
rb1805,20170621,20170620,210854500,2842.0,1030,77882,29267200.0,2842.0,3,2840.0,29
rb1805,20170621,20170620,210857000,2842.0,1030,77882,29267200.0,2842.0,3,2840.0,29
rb1805,20170621,20170620,210857500,2842.0,1030,77882,29267200.0,2842.0,8,2840.0,29
rb1805,20170621,20170620,210858500,2842.0,1030,77882,29267200.0,2842.0,8,2840.0,30
rb1805,20170621,20170620,210900000,2842.0,1032,77882,29324040.0,2842.0,7,2840.0,30
rb1805,20170621,20170620,210901500,2842.0,1038,77882,29494560.0,2842.0,4,2840.0,30
rb1805,20170621,20170620,210902000,2842.0,1038,77882,29494560.0,2842.0,4,2840.0,26
rb1805,20170621,20170620,210903000,2842.0,1038,77882,29494560.0,2842.0,4,2840.0,25
rb1805,20170621,20170620,210903500,2842.0,1038,77882,29494560.0,2842.0,5,2840.0,25
rb1805,20170621,20170620,210905500,2842.0,1048,77882,29778760.0,2843.0,2,2842.0,5
rb1805,20170621,20170620,210906000,2842.0,1060,77894,30119800.0,2842.0,11,2840.0,25
rb1805,20170621,20170620,210906500,2842.0,1060,77894,30119800.0,2842.0,3,2840.0,25
rb1805,20170621,20170620,210907000,2842.0,1060,77894,30119800.0,2842.0,3,2840.0,25
rb1805,20170621,20170620,210907500,2842.0,1060,77894,30119800.0,2842.0,1,2840.0,26
rb1805,20170621,20170620,210908000,2842.0,1060,77894,30119800.0,2842.0,1,2840.0,25
rb1805,20170621,20170620,210910500,2842.0,1060,77894,30119800.0,2842.0,1,2840.0,26
rb1805,20170621,20170620,210911500,2842.0,1060,77894,30119800.0,2842.0,1,2840.0,26
rb1805,20170621,20170620,210913500,2842.0,1060,77894,30119800.0,2842.0,7,2840.0,26
rb1805,20170621,20170620,210914500,2842.0,1060,77894,30119800.0,2842.0,11,2840.0,26
rb1805,20170621,20170620,210915000,2842.0,1060,77894,30119800.0,2842.0,11,2840.0,26
rb1805,20170621,20170620,210918000,2842.0,1060,77894,30119800.0,2842.0,11,2840.0,25
rb1805,20170621,20170620,210919000,2842.0,1060,77894,30119800.0,2842.0,11,2840.0,25
rb1805,20170621,20170620,210919500,2840.0,1070,77904,30403800.0,2842.0,11,2840.0,20
rb1805,20170621,20170620,210922000,2840.0,1070,77904,30403800.0,2841.0,1,2840.0,20
rb1805,20170621,20170620,210922500,2840.0,1070,77904,30403800.0,2841.0,1,2840.0,20
rb1805,20170621,20170620,210923000,2840.0,1072,77904,30460600.0,2841.0,1,2840.0,19
rb1805,20170621,20170620,210923500,2840.0,1074,77904,30517400.0,2841.0,1,2840.0,18
rb1805,20170621,20170620,210924000,2840.0,1076,77904,30574200.0,2841.0,1,2840.0,17
rb1805,20170621,20170620,210924500,2840.0,1078,77904,30631000.0,2841.0,1,2840.0,16
rb1805,20170621,20170620,210925000,2840.0,1080,77904,30687800.0,2841.0,1,2840.0,15
rb1805,20170621,20170620,210925500,2840.0,1082,77904,30744600.0,2841.0,1,2840.0,14
rb1805,20170621,20170620,210926000,2840.0,1110,77908,31539800.0,2840.0,7,2839.0,13
rb1805,20170621,20170620,210926500,2840.0,1110,77908,31539800.0,2840.0,12,2839.0,14
rb1805,20170621,20170620,210927000,2840.0,1110,77908,31539800.0,2840.0,11,2839.0,13
rb1805,20170621,20170620,210928000,2839.0,1114,77912,31653360.0,2840.0,11,2839.0,11
rb1805,20170621,20170620,210928500,2839.0,1114,77912,31653360.0,2840.0,11,2839.0,12
rb1805,20170621,20170620,210929000,2839.0,1114,77912,31653360.0,2840.0,16,2839.0,11
rb1805,20170621,20170620,210930500,2840.0,1116,77912,31710160.0,2840.0,15,2839.0,11
rb1805,20170621,20170620,210931000,2839.0,1124,77912,31937300.0,2840.0,11,2839.0,8
rb1805,20170621,20170620,210931500,2839.0,1126,77912,31994080.0,2840.0,11,2839.0,8
rb1805,20170621,20170620,210932000,2839.0,1128,77912,32050860.0,2840.0,11,2839.0,6
rb1805,20170621,20170620,210932500,2839.0,1130,77912,32107640.0,2840.0,11,2839.0,5
rb1805,20170621,20170620,210933000,2839.0,1130,77912,32107640.0,2840.0,10,2839.0,5
rb1805,20170621,20170620,210933500,2839.0,1130,77912,32107640.0,2840.0,10,2839.0,5
rb1805,20170621,20170620,210934500,2839.0,1130,77912,32107640.0,2840.0,10,2839.0,5
rb1805,20170621,20170620,210935500,2839.0,1130,77912,32107640.0,2840.0,10,2839.0,5
rb1805,20170621,20170620,210936000,2839.0,1138,77912,32334760.0,2840.0,10,2839.0,2
rb1805,20170621,20170620,210937000,2839.0,1142,77916,32448320.0,2839.0,3,2838.0,4
rb1805,20170621,20170620,210937500,2839.0,1148,77918,32618660.0,2840.0,10,2838.0,5
rb1805,20170621,20170620,210938000,2839.0,1148,77918,32618660.0,2839.0,1,2838.0,9
rb1805,20170621,20170620,210938500,2839.0,1154,77918,32789000.0,2839.0,3,2838.0,9
rb1805,20170621,20170620,210939000,2839.0,1154,77918,32789000.0,2839.0,3,2838.0,9
rb1805,20170621,20170620,210940000,2839.0,1154,77918,32789000.0,2839.0,3,2838.0,10
rb1805,20170621,20170620,210940500,2839.0,1154,77918,32789000.0,2839.0,3,2838.0,9
rb1805,20170621,20170620,210941000,2839.0,1156,77918,32845780.0,2839.0,2,2838.0,9
rb1805,20170621,20170620,210942000,2839.0,1156,77918,32845780.0,2839.0,14,2838.0,10
rb1805,20170621,20170620,210942500,2839.0,1158,77918,32902560.0,2839.0,13,2838.0,10
rb1805,20170621,20170620,210943000,2839.0,1158,77918,32902560.0,2839.0,13,2838.0,11
rb1805,20170621,20170620,210943500,2839.0,1158,77918,32902560.0,2839.0,13,2838.0,10
rb1805,20170621,20170620,210944000,2839.0,1158,77918,32902560.0,2839.0,13,2838.0,15
rb1805,20170621,20170620,210945000,2839.0,1158,77918,32902560.0,2839.0,13,2838.0,15
rb1805,20170621,20170620,210945500,2839.0,1158,77918,32902560.0,2839.0,13,2838.0,16
rb1805,20170621,20170620,210946000,2839.0,1158,77918,32902560.0,2839.0,13,2838.0,15
rb1805,20170621,20170620,210946500,2839.0,1158,77918,32902560.0,2839.0,13,2838.0,15
rb1805,20170621,20170620,210947000,2839.0,1158,77918,32902560.0,2839.0,13,2838.0,16
rb1805,20170621,20170620,210947500,2839.0,1158,77918,32902560.0,2839.0,13,2838.0,15
rb1805,20170621,20170620,210948000,2839.0,1166,77916,33129680.0,2839.0,9,2838.0,15
rb1805,20170621,20170620,210948500,2839.0,1166,77916,33129680.0,2839.0,9,2838.0,16
rb1805,20170621,20170620,210949000,2839.0,1166,77916,33129680.0,2839.0,14,2838.0,10
rb1805,20170621,20170620,210949500,2839.0,1186,77934,33697480.0,2839.0,4,2838.0,10
rb1805,20170621,20170620,210950000,2839.0,1186,77934,33697480.0,2839.0,5,2838.0,10
rb1805,20170621,20170620,210950500,2839.0,1186,77934,33697480.0,2839.0,5,2838.0,10
rb1805,20170621,20170620,210951000,2839.0,1186,77934,33697480.0,2839.0,5,2838.0,10
rb1805,20170621,20170620,210952000,2839.0,1186,77934,33697480.0,2839.0,5,2838.0,10
rb1805,20170621,20170620,210952500,2839.0,1186,77934,33697480.0,2839.0,5,2838.0,11
rb1805,20170621,20170620,210953000,2839.0,1186,77934,33697480.0,2839.0,5,2838.0,10
rb1805,20170621,20170620,210954000,2839.0,1186,77934,33697480.0,2839.0,5,2838.0,11
rb1805,20170621,20170620,210955000,2838.0,1198,77932,34038040.0,2839.0,5,2838.0,5
rb1805,20170621,20170620,210955500,2838.0,1198,77932,34038040.0,2839.0,5,2838.0,6
rb1805,20170621,20170620,210956000,2838.0,1198,77932,34038040.0,2839.0,5,2838.0,5
rb1805,20170621,20170620,210956500,2838.0,1198,77932,34038040.0,2839.0,5,2838.0,5
rb1805,20170621,20170620,210957000,2838.0,1198,77932,34038040.0,2839.0,5,2838.0,5
rb1805,20170621,20170620,210957500,2838.0,1198,77932,34038040.0,2839.0,5,2838.0,5
rb1805,20170621,20170620,210958000,2838.0,1206,77926,34265080.0,2839.0,5,2838.0,1
rb1805,20170621,20170620,210958500,2838.0,1208,77928,34321840.0,2839.0,5,2836.0,11
rb1805,20170621,20170620,210959000,2838.0,1208,77928,34321840.0,2839.0,5,2836.0,19
rb1805,20170621,20170620,210959500,2838.0,1208,77928,34321840.0,2839.0,5,2836.0,16
rb1805,20170621,20170620,211000000,2838.0,1208,77928,34321840.0,2839.0,5,2836.0,17
rb1805,20170621,20170620,211001000,2838.0,1208,77928,34321840.0,2839.0,5,2836.0,17
rb1805,20170621,20170620,211002000,2836.0,1212,77930,34435280.0,2839.0,5,2836.0,15
rb1805,20170621,20170620,211002500,2836.0,1212,77930,34435280.0,2838.0,2,2836.0,15
rb1805,20170621,20170620,211003000,2836.0,1212,77930,34435280.0,2838.0,2,2837.0,2
rb1805,20170621,20170620,211003500,2836.0,1212,77930,34435280.0,2838.0,2,2837.0,2
rb1805,20170621,20170620,211004000,2836.0,1212,77930,34435280.0,2838.0,2,2837.0,3
rb1805,20170621,20170620,211004500,2836.0,1212,77930,34435280.0,2838.0,2,2837.0,2
rb1805,20170621,20170620,211006000,2838.0,1214,77930,34492040.0,2838.0,1,2837.0,2
rb1805,20170621,20170620,211006500,2838.0,1214,77930,34492040.0,2838.0,1,2837.0,3
rb1805,20170621,20170620,211007000,2838.0,1214,77930,34492040.0,2838.0,1,2837.0,3
rb1805,20170621,20170620,211007500,2837.0,1234,77924,35059440.0,2838.0,1,2837.0,3
rb1805,20170621,20170620,211009500,2837.0,1234,77924,35059440.0,2838.0,1,2837.0,4
rb1805,20170621,20170620,211010000,2837.0,1242,77928,35286420.0,2837.0,16,2836.0,17
rb1805,20170621,20170620,211010500,2836.0,1250,77936,35513300.0,2837.0,9,2836.0,6
rb1805,20170621,20170620,211011000,2837.0,1258,77932,35740260.0,2839.0,5,2837.0,1
rb1805,20170621,20170620,211011500,2836.0,1264,77928,35910440.0,2837.0,4,2836.0,3
rb1805,20170621,20170620,211012000,2836.0,1264,77928,35910440.0,2837.0,8,2836.0,3
rb1805,20170621,20170620,211012500,2836.0,1264,77928,35910440.0,2837.0,8,2836.0,3
rb1805,20170621,20170620,211013000,2836.0,1264,77928,35910440.0,2837.0,7,2836.0,10
rb1805,20170621,20170620,211013500,2836.0,1264,77928,35910440.0,2837.0,7,2836.0,10
rb1805,20170621,20170620,211014000,2836.0,1264,77928,35910440.0,2837.0,7,2836.0,9
rb1805,20170621,20170620,211014500,2836.0,1280,77918,36364340.0,2839.0,5,2836.0,9
rb1805,20170621,20170620,211015000,2836.0,1280,77918,36364340.0,2838.0,1,2836.0,7
rb1805,20170621,20170620,211016000,2836.0,1280,77918,36364340.0,2838.0,1,2837.0,1
rb1805,20170621,20170620,211016500,2836.0,1280,77918,36364340.0,2838.0,1,2837.0,1
rb1805,20170621,20170620,211017000,2837.0,1282,77918,36421080.0,2837.0,1,2836.0,14
rb1805,20170621,20170620,211017500,2837.0,1284,77918,36477820.0,2839.0,5,2837.0,2
rb1805,20170621,20170620,211018000,2836.0,1304,77898,37045020.0,2837.0,1,2836.0,6
rb1805,20170621,20170620,211018500,2837.0,1308,77896,37158500.0,2837.0,4,2836.0,6
rb1805,20170621,20170620,211019000,2837.0,1308,77896,37158500.0,2837.0,4,2836.0,5
rb1805,20170621,20170620,211019500,2837.0,1316,77888,37385460.0,2839.0,5,2836.0,5
rb1805,20170621,20170620,211020000,2837.0,1316,77888,37385460.0,2839.0,5,2836.0,9
rb1805,20170621,20170620,211020500,2837.0,1316,77888,37385460.0,2839.0,5,2837.0,1
rb1805,20170621,20170620,211021000,2837.0,1316,77888,37385460.0,2839.0,5,2837.0,6
rb1805,20170621,20170620,211021500,2837.0,1316,77888,37385460.0,2838.0,1,2837.0,6
rb1805,20170621,20170620,211022000,2837.0,1316,77888,37385460.0,2838.0,1,2837.0,6
rb1805,20170621,20170620,211022500,2837.0,1316,77888,37385460.0,2838.0,1,2837.0,7
rb1805,20170621,20170620,211023000,2837.0,1316,77888,37385460.0,2838.0,1,2837.0,6
rb1805,20170621,20170620,211023500,2837.0,1316,77888,37385460.0,2838.0,1,2837.0,1
rb1805,20170621,20170620,211026000,2837.0,1316,77888,37385460.0,2838.0,1,2837.0,1
rb1805,20170621,20170620,211026500,2837.0,1316,77888,37385460.0,2838.0,1,2837.0,1
rb1805,20170621,20170620,211027000,2837.0,1316,77888,37385460.0,2838.0,7,2837.0,1
rb1805,20170621,20170620,211027500,2837.0,1318,77888,37442200.0,2838.0,7,2836.0,10
rb1805,20170621,20170620,211028000,2837.0,1318,77888,37442200.0,2838.0,12,2836.0,10
rb1805,20170621,20170620,211028500,2836.0,1328,77890,37725800.0,2838.0,12,2836.0,5
rb1805,20170621,20170620,211030000,2836.0,1328,77890,37725800.0,2838.0,12,2836.0,5
rb1805,20170621,20170620,211030500,2836.0,1328,77890,37725800.0,2838.0,11,2836.0,6
rb1805,20170621,20170620,211032000,2836.0,1328,77890,37725800.0,2838.0,11,2836.0,5
rb1805,20170621,20170620,211032500,2836.0,1328,77890,37725800.0,2838.0,12,2836.0,1
rb1805,20170621,20170620,211034500,2836.0,1328,77890,37725800.0,2838.0,12,2836.0,2
rb1805,20170621,20170620,211035000,2836.0,1328,77890,37725800.0,2838.0,12,2837.0,2
rb1805,20170621,20170620,211035500,2837.0,1332,77894,37839280.0,2838.0,12,2836.0,3
rb1805,20170621,20170620,211036000,2837.0,1332,77894,37839280.0,2838.0,11,2836.0,8
rb1805,20170621,20170620,211037000,2838.0,1334,77894,37896040.0,2838.0,10,2836.0,8
rb1805,20170621,20170620,211037500,2838.0,1334,77894,37896040.0,2838.0,10,2836.0,8
rb1805,20170621,20170620,211038000,2838.0,1334,77894,37896040.0,2838.0,10,2836.0,9
rb1805,20170621,20170620,211038500,2838.0,1334,77894,37896040.0,2838.0,10,2836.0,10
rb1805,20170621,20170620,211039500,2838.0,1334,77894,37896040.0,2838.0,10,2836.0,11
rb1805,20170621,20170620,211041000,2838.0,1334,77894,37896040.0,2838.0,10,2836.0,12
rb1805,20170621,20170620,211041500,2838.0,1334,77894,37896040.0,2837.0,1,2836.0,11
rb1805,20170621,20170620,211042000,2838.0,1334,77894,37896040.0,2837.0,1,2836.0,12
rb1805,20170621,20170620,211043500,2838.0,1334,77894,37896040.0,2838.0,15,2836.0,12
rb1805,20170621,20170620,211044000,2838.0,1334,77894,37896040.0,2838.0,15,2836.0,6
rb1805,20170621,20170620,211044500,2838.0,1334,77894,37896040.0,2838.0,15,2836.0,6
rb1805,20170621,20170620,211045000,2838.0,1334,77894,37896040.0,2838.0,15,2836.0,7
rb1805,20170621,20170620,211045500,2838.0,1334,77894,37896040.0,2838.0,16,2836.0,7
rb1805,20170621,20170620,211046500,2838.0,1336,77896,37952800.0,2838.0,15,2836.0,8
rb1805,20170621,20170620,211047000,2838.0,1336,77896,37952800.0,2838.0,15,2836.0,7
rb1805,20170621,20170620,211047500,2838.0,1336,77896,37952800.0,2838.0,15,2836.0,7
rb1805,20170621,20170620,211049500,2838.0,1336,77896,37952800.0,2838.0,15,2837.0,10
rb1805,20170621,20170620,211053000,2838.0,1340,77900,38066320.0,2838.0,13,2837.0,11
rb1805,20170621,20170620,211053500,2838.0,1340,77900,38066320.0,2838.0,13,2837.0,12
rb1805,20170621,20170620,211055000,2838.0,1340,77900,38066320.0,2838.0,13,2837.0,12
rb1805,20170621,20170620,211055500,2837.0,1344,77900,38179800.0,2838.0,13,2837.0,10
rb1805,20170621,20170620,211056000,2837.0,1344,77900,38179800.0,2838.0,13,2837.0,10
rb1805,20170621,20170620,211056500,2837.0,1346,77902,38236540.0,2838.0,13,2837.0,9
rb1805,20170621,20170620,211057500,2838.0,1348,77904,38293300.0,2838.0,11,2837.0,9
rb1805,20170621,20170620,211059000,2838.0,1348,77904,38293300.0,2838.0,12,2837.0,9
rb1805,20170621,20170620,211101500,2838.0,1348,77904,38293300.0,2838.0,12,2837.0,9
rb1805,20170621,20170620,211103000,2838.0,1348,77904,38293300.0,2838.0,12,2837.0,25
rb1805,20170621,20170620,211103500,2837.0,1386,77920,39371380.0,2838.0,11,2837.0,7
rb1805,20170621,20170620,211104000,2837.0,1386,77920,39371380.0,2838.0,10,2837.0,7
rb1805,20170621,20170620,211107500,2837.0,1386,77920,39371380.0,2838.0,11,2837.0,7
rb1805,20170621,20170620,211108000,2837.0,1386,77920,39371380.0,2838.0,11,2837.0,8
rb1805,20170621,20170620,211110500,2838.0,1406,77910,39938980.0,2838.0,1,2837.0,13
rb1805,20170621,20170620,211111000,2838.0,1406,77910,39938980.0,2838.0,1,2837.0,15
rb1805,20170621,20170620,211112000,2838.0,1408,77910,39995740.0,2839.0,10,2837.0,15
rb1805,20170621,20170620,211112500,2838.0,1408,77910,39995740.0,2839.0,11,2838.0,1
rb1805,20170621,20170620,211113000,2838.0,1408,77910,39995740.0,2839.0,11,2838.0,1
rb1805,20170621,20170620,211114000,2838.0,1408,77910,39995740.0,2839.0,11,2838.0,2
rb1805,20170621,20170620,211114500,2838.0,1412,77914,40109260.0,2838.0,5,2837.0,14
rb1805,20170621,20170620,211115000,2838.0,1412,77914,40109260.0,2838.0,1,2837.0,14
rb1805,20170621,20170620,211115500,2838.0,1412,77914,40109260.0,2838.0,1,2837.0,15
rb1805,20170621,20170620,211116500,2838.0,1412,77914,40109260.0,2838.0,1,2837.0,16
rb1805,20170621,20170620,211117000,2838.0,1412,77914,40109260.0,2838.0,1,2837.0,17
rb1805,20170621,20170620,211117500,2838.0,1412,77914,40109260.0,2838.0,1,2837.0,18
rb1805,20170621,20170620,211119000,2838.0,1412,77914,40109260.0,2838.0,1,2837.0,17
rb1805,20170621,20170620,211119500,2838.0,1414,77914,40166020.0,2839.0,11,2838.0,1
rb1805,20170621,20170620,211120000,2838.0,1416,77914,40222780.0,2839.0,12,2837.0,17
rb1805,20170621,20170620,211120500,2838.0,1416,77914,40222780.0,2839.0,12,2838.0,1
rb1805,20170621,20170620,211121000,2838.0,1416,77914,40222780.0,2839.0,11,2838.0,1
rb1805,20170621,20170620,211122000,2838.0,1418,77912,40279540.0,2839.0,11,2837.0,16
rb1805,20170621,20170620,211124000,2838.0,1418,77912,40279540.0,2839.0,11,2837.0,22
rb1805,20170621,20170620,211125500,2838.0,1418,77912,40279540.0,2839.0,11,2837.0,22
rb1805,20170621,20170620,211127000,2838.0,1418,77912,40279540.0,2839.0,11,2837.0,22
rb1805,20170621,20170620,211127500,2838.0,1418,77912,40279540.0,2839.0,11,2838.0,3
rb1805,20170621,20170620,211128000,2838.0,1418,77912,40279540.0,2838.0,3,2837.0,22
rb1805,20170621,20170620,211128500,2839.0,1428,77906,40563380.0,2839.0,9,2838.0,3
rb1805,20170621,20170620,211129000,2839.0,1430,77904,40620160.0,2839.0,9,2838.0,3
rb1805,20170621,20170620,211130500,2839.0,1430,77904,40620160.0,2838.0,1,2837.0,22
rb1805,20170621,20170620,211131000,2838.0,1440,77902,40903960.0,2839.0,8,2837.0,17
rb1805,20170621,20170620,211131500,2838.0,1440,77902,40903960.0,2839.0,8,2837.0,16
rb1805,20170621,20170620,211132000,2839.0,1442,77902,40960740.0,2839.0,8,2837.0,16
rb1805,20170621,20170620,211132500,2839.0,1442,77902,40960740.0,2839.0,8,2837.0,17
rb1805,20170621,20170620,211134000,2837.0,1472,77902,41811840.0,2839.0,8,2837.0,2
rb1805,20170621,20170620,211134500,2837.0,1472,77902,41811840.0,2839.0,8,2837.0,4
rb1805,20170621,20170620,211139000,2837.0,1472,77902,41811840.0,2839.0,8,2837.0,5
rb1805,20170621,20170620,211140000,2837.0,1472,77902,41811840.0,2839.0,8,2838.0,1
rb1805,20170621,20170620,211140500,2837.0,1472,77902,41811840.0,2839.0,7,2838.0,1
rb1805,20170621,20170620,211141000,2837.0,1472,77902,41811840.0,2839.0,7,2838.0,1
rb1805,20170621,20170620,211141500,2838.0,1474,77902,41868600.0,2838.0,4,2837.0,5
rb1805,20170621,20170620,211142000,2838.0,1474,77902,41868600.0,2838.0,7,2837.0,5
rb1805,20170621,20170620,211142500,2838.0,1480,77908,42038880.0,2838.0,4,2837.0,5
rb1805,20170621,20170620,211143000,2838.0,1486,77910,42209160.0,2838.0,1,2837.0,6
rb1805,20170621,20170620,211145000,2838.0,1486,77910,42209160.0,2838.0,1,2837.0,11
rb1805,20170621,20170620,211145500,2838.0,1486,77910,42209160.0,2838.0,1,2837.0,12
rb1805,20170621,20170620,211146000,2838.0,1486,77910,42209160.0,2838.0,1,2837.0,7
rb1805,20170621,20170620,211146500,2838.0,1486,77910,42209160.0,2838.0,1,2837.0,6
rb1805,20170621,20170620,211148000,2838.0,1486,77910,42209160.0,2838.0,1,2837.0,11
rb1805,20170621,20170620,211149500,2838.0,1486,77910,42209160.0,2838.0,1,2837.0,6
rb1805,20170621,20170620,211150000,2838.0,1486,77910,42209160.0,2838.0,7,2837.0,6
rb1805,20170621,20170620,211150500,2838.0,1486,77910,42209160.0,2838.0,7,2837.0,5
rb1805,20170621,20170620,211151500,2838.0,1486,77910,42209160.0,2838.0,7,2837.0,15
rb1805,20170621,20170620,211152000,2838.0,1488,77910,42265920.0,2838.0,6,2837.0,15
rb1805,20170621,20170620,211153000,2838.0,1488,77910,42265920.0,2838.0,5,2837.0,16
rb1805,20170621,20170620,211154000,2838.0,1488,77910,42265920.0,2838.0,5,2837.0,17
rb1805,20170621,20170620,211154500,2838.0,1490,77908,42322680.0,2838.0,4,2837.0,16
rb1805,20170621,20170620,211157000,2838.0,1490,77908,42322680.0,2838.0,4,2837.0,16
rb1805,20170621,20170620,211157500,2838.0,1490,77908,42322680.0,2838.0,4,2837.0,17
rb1805,20170621,20170620,211159000,2838.0,1490,77908,42322680.0,2838.0,4,2837.0,17
rb1805,20170621,20170620,211200000,2838.0,1490,77908,42322680.0,2838.0,4,2837.0,17
rb1805,20170621,20170620,211200500,2838.0,1490,77908,42322680.0,2838.0,4,2837.0,18
rb1805,20170621,20170620,211201000,2838.0,1490,77908,42322680.0,2838.0,4,2837.0,17
rb1805,20170621,20170620,211202500,2838.0,1492,77908,42379440.0,2838.0,3,2837.0,17
rb1805,20170621,20170620,211205000,2838.0,1492,77908,42379440.0,2838.0,3,2837.0,17
rb1805,20170621,20170620,211205500,2838.0,1492,77908,42379440.0,2838.0,3,2837.0,17
rb1805,20170621,20170620,211206500,2838.0,1494,77908,42436200.0,2838.0,2,2837.0,17
rb1805,20170621,20170620,211207000,2838.0,1494,77908,42436200.0,2838.0,2,2837.0,18
rb1805,20170621,20170620,211207500,2838.0,1494,77908,42436200.0,2838.0,2,2837.0,18
rb1805,20170621,20170620,211208500,2838.0,1496,77908,42492960.0,2838.0,1,2837.0,18
rb1805,20170621,20170620,211209500,2838.0,1496,77908,42492960.0,2838.0,1,2837.0,18
rb1805,20170621,20170620,211210000,2838.0,1496,77908,42492960.0,2838.0,1,2837.0,18
rb1805,20170621,20170620,211211500,2838.0,1496,77908,42492960.0,2838.0,1,2837.0,17
rb1805,20170621,20170620,211212000,2838.0,1498,77908,42549720.0,2839.0,8,2837.0,17
rb1805,20170621,20170620,211215000,2838.0,1498,77908,42549720.0,2839.0,8,2837.0,17
rb1805,20170621,20170620,211215500,2837.0,1534,77900,43571040.0,2837.0,11,2836.0,24
rb1805,20170621,20170620,211216000,2837.0,1556,77900,44195180.0,2839.0,8,2838.0,8
rb1805,20170621,20170620,211216500,2837.0,1556,77900,44195180.0,2839.0,8,2838.0,8
rb1805,20170621,20170620,211217000,2837.0,1556,77900,44195180.0,2839.0,8,2838.0,8
rb1805,20170621,20170620,211218500,2837.0,1556,77900,44195180.0,2839.0,8,2838.0,8
rb1805,20170621,20170620,211221500,2838.0,1560,77900,44308700.0,2839.0,8,2838.0,6
rb1805,20170621,20170620,211222000,2838.0,1572,77900,44649260.0,2838.0,1,2836.0,24
rb1805,20170621,20170620,211222500,2838.0,1572,77900,44649260.0,2839.0,8,2837.0,2
rb1805,20170621,20170620,211223000,2838.0,1572,77900,44649260.0,2839.0,8,2837.0,2
rb1805,20170621,20170620,211225000,2838.0,1572,77900,44649260.0,2839.0,8,2837.0,2
rb1805,20170621,20170620,211229000,2838.0,1572,77900,44649260.0,2839.0,9,2837.0,2
rb1805,20170621,20170620,211230000,2838.0,1572,77900,44649260.0,2839.0,9,2838.0,2
rb1805,20170621,20170620,211230500,2836.0,1582,77908,44932980.0,2838.0,3,2836.0,23
rb1805,20170621,20170620,211231000,2836.0,1600,77924,45443460.0,2839.0,9,2836.0,14
rb1805,20170621,20170620,211231500,2836.0,1600,77924,45443460.0,2839.0,9,2836.0,19
rb1805,20170621,20170620,211234000,2836.0,1600,77924,45443460.0,2839.0,9,2836.0,19
rb1805,20170621,20170620,211234500,2836.0,1600,77924,45443460.0,2838.0,2,2836.0,14
rb1805,20170621,20170620,211235000,2836.0,1600,77924,45443460.0,2838.0,3,2836.0,14
rb1805,20170621,20170620,211236000,2836.0,1604,77924,45556900.0,2838.0,3,2836.0,13
rb1805,20170621,20170620,211236500,2836.0,1604,77924,45556900.0,2838.0,5,2836.0,13
rb1805,20170621,20170620,211238500,2836.0,1604,77924,45556900.0,2838.0,4,2836.0,13
rb1805,20170621,20170620,211239000,2836.0,1604,77924,45556900.0,2838.0,5,2836.0,13
rb1805,20170621,20170620,211239500,2836.0,1604,77924,45556900.0,2838.0,4,2836.0,13
rb1805,20170621,20170620,211240000,2836.0,1604,77924,45556900.0,2837.0,3,2836.0,13
rb1805,20170621,20170620,211240500,2836.0,1624,77936,46124100.0,2837.0,3,2836.0,3
rb1805,20170621,20170620,211241000,2836.0,1624,77936,46124100.0,2837.0,4,2836.0,3
rb1805,20170621,20170620,211241500,2836.0,1626,77936,46180820.0,2837.0,3,2836.0,2
rb1805,20170621,20170620,211242000,2836.0,1626,77936,46180820.0,2837.0,4,2836.0,2
rb1805,20170621,20170620,211243000,2836.0,1626,77936,46180820.0,2837.0,4,2836.0,2
rb1805,20170621,20170620,211243500,2836.0,1634,77942,46407700.0,2836.0,8,2835.0,23
rb1805,20170621,20170620,211244000,2835.0,1638,77938,46521100.0,2836.0,6,2835.0,21
rb1805,20170621,20170620,211244500,2836.0,1646,77938,46747980.0,2837.0,5,2835.0,21
rb1805,20170621,20170620,211245000,2836.0,1646,77938,46747980.0,2837.0,3,2835.0,21
rb1805,20170621,20170620,211245500,2836.0,1646,77938,46747980.0,2838.0,4,2835.0,21
rb1805,20170621,20170620,211246500,2836.0,1646,77938,46747980.0,2838.0,4,2835.0,21
rb1805,20170621,20170620,211247000,2836.0,1646,77938,46747980.0,2838.0,4,2835.0,22
rb1805,20170621,20170620,211247500,2836.0,1646,77938,46747980.0,2838.0,5,2835.0,22
rb1805,20170621,20170620,211248000,2836.0,1646,77938,46747980.0,2838.0,4,2835.0,22
rb1805,20170621,20170620,211248500,2836.0,1646,77938,46747980.0,2837.0,1,2835.0,22
rb1805,20170621,20170620,211249000,2836.0,1646,77938,46747980.0,2837.0,4,2836.0,1
rb1805,20170621,20170620,211249500,2836.0,1646,77938,46747980.0,2837.0,4,2836.0,1
rb1805,20170621,20170620,211250000,2836.0,1646,77938,46747980.0,2837.0,5,2836.0,1
rb1805,20170621,20170620,211250500,2836.0,1646,77938,46747980.0,2837.0,4,2836.0,1
rb1805,20170621,20170620,211252000,2836.0,1646,77938,46747980.0,2837.0,9,2836.0,1
rb1805,20170621,20170620,211252500,2836.0,1648,77938,46804700.0,2837.0,9,2835.0,21
rb1805,20170621,20170620,211253000,2836.0,1648,77938,46804700.0,2837.0,9,2835.0,21
rb1805,20170621,20170620,211253500,2836.0,1648,77938,46804700.0,2837.0,9,2835.0,21
rb1805,20170621,20170620,211255000,2836.0,1648,77938,46804700.0,2837.0,14,2835.0,21
rb1805,20170621,20170620,211255500,2836.0,1648,77938,46804700.0,2837.0,14,2835.0,21
rb1805,20170621,20170620,211256000,2836.0,1648,77938,46804700.0,2837.0,16,2835.0,26
rb1805,20170621,20170620,211258000,2836.0,1648,77938,46804700.0,2837.0,13,2835.0,26
rb1805,20170621,20170620,211259000,2836.0,1648,77938,46804700.0,2837.0,16,2835.0,26
rb1805,20170621,20170620,211259500,2836.0,1650,77938,46861420.0,2836.0,5,2835.0,21
rb1805,20170621,20170620,211300000,2836.0,1650,77938,46861420.0,2836.0,4,2835.0,21
rb1805,20170621,20170620,211301000,2836.0,1650,77938,46861420.0,2836.0,9,2835.0,21
rb1805,20170621,20170620,211303500,2836.0,1650,77938,46861420.0,2836.0,12,2835.0,21
rb1805,20170621,20170620,211304000,2835.0,1678,77964,47655220.0,2836.0,12,2835.0,7
rb1805,20170621,20170620,211304500,2835.0,1694,77974,48108820.0,2836.0,10,2834.0,11
rb1805,20170621,20170620,211305000,2835.0,1694,77974,48108820.0,2836.0,10,2834.0,11
rb1805,20170621,20170620,211305500,2834.0,1696,77974,48165500.0,2836.0,10,2834.0,10
rb1805,20170621,20170620,211306000,2834.0,1696,77974,48165500.0,2835.0,1,2834.0,10
rb1805,20170621,20170620,211306500,2834.0,1700,77970,48278860.0,2835.0,3,2834.0,8
rb1805,20170621,20170620,211307000,2834.0,1716,77978,48732300.0,2834.0,5,2833.0,4
rb1805,20170621,20170620,211307500,2833.0,1718,77980,48788960.0,2834.0,4,2833.0,3
rb1805,20170621,20170620,211308000,2833.0,1718,77980,48788960.0,2834.0,9,2833.0,3
rb1805,20170621,20170620,211308500,2833.0,1720,77980,48845620.0,2834.0,9,2833.0,2
rb1805,20170621,20170620,211309000,2833.0,1722,77982,48902280.0,2834.0,9,2833.0,1
rb1805,20170621,20170620,211309500,2833.0,1722,77982,48902280.0,2834.0,12,2833.0,1
rb1805,20170621,20170620,211310000,2833.0,1726,77980,49015620.0,2834.0,11,2832.0,3
rb1805,20170621,20170620,211311500,2833.0,1726,77980,49015620.0,2834.0,13,2832.0,3
rb1805,20170621,20170620,211312000,2833.0,1726,77980,49015620.0,2834.0,12,2832.0,3
rb1805,20170621,20170620,211312500,2832.0,1734,77980,49242180.0,2832.0,2,2831.0,7
rb1805,20170621,20170620,211313000,2831.0,1742,77980,49468680.0,2832.0,1,2831.0,4
rb1805,20170621,20170620,211313500,2832.0,1746,77982,49581960.0,2834.0,9,2831.0,4
rb1805,20170621,20170620,211314000,2832.0,1746,77982,49581960.0,2833.0,2,2831.0,4
rb1805,20170621,20170620,211314500,2832.0,1746,77982,49581960.0,2833.0,2,2831.0,9
rb1805,20170621,20170620,211315000,2831.0,1756,77992,49865060.0,2832.0,1,2831.0,4
rb1805,20170621,20170620,211315500,2831.0,1758,77992,49921680.0,2833.0,1,2831.0,3
rb1805,20170621,20170620,211316000,2831.0,1760,77992,49978300.0,2833.0,4,2831.0,2
rb1805,20170621,20170620,211316500,2831.0,1760,77992,49978300.0,2832.0,3,2831.0,2
rb1805,20170621,20170620,211317500,2832.0,1762,77994,50034940.0,2832.0,2,2830.0,42
rb1805,20170621,20170620,211318000,2832.0,1764,77996,50091580.0,2832.0,1,2831.0,1
rb1805,20170621,20170620,211318500,2832.0,1776,78008,50431420.0,2833.0,8,2832.0,4
rb1805,20170621,20170620,211319000,2832.0,1784,78016,50657980.0,2833.0,7,2831.0,1
rb1805,20170621,20170620,211319500,2832.0,1784,78016,50657980.0,2833.0,7,2832.0,1
rb1805,20170621,20170620,211320000,2832.0,1786,78018,50714620.0,2833.0,2,2831.0,1
rb1805,20170621,20170620,211322500,2832.0,1786,78018,50714620.0,2833.0,2,2831.0,1
rb1805,20170621,20170620,211323000,2832.0,1786,78018,50714620.0,2833.0,2,2831.0,1
rb1805,20170621,20170620,211324000,2833.0,1788,78020,50771280.0,2833.0,1,2832.0,4
rb1805,20170621,20170620,211324500,2833.0,1798,78022,51054500.0,2833.0,1,2831.0,1
rb1805,20170621,20170620,211325500,2833.0,1798,78022,51054500.0,2834.0,8,2831.0,6
rb1805,20170621,20170620,211326000,2833.0,1798,78022,51054500.0,2833.0,1,2831.0,6
rb1805,20170621,20170620,211326500,2833.0,1798,78022,51054500.0,2833.0,2,2831.0,1
rb1805,20170621,20170620,211328500,2831.0,1800,78022,51111120.0,2831.0,1,2830.0,43
rb1805,20170621,20170620,211329000,2831.0,1800,78022,51111120.0,2831.0,1,2830.0,43
rb1805,20170621,20170620,211329500,2831.0,1800,78022,51111120.0,2831.0,1,2830.0,43
rb1805,20170621,20170620,211330000,2831.0,1800,78022,51111120.0,2831.0,2,2830.0,43
rb1805,20170621,20170620,211330500,2831.0,1800,78022,51111120.0,2831.0,2,2830.0,43
rb1805,20170621,20170620,211332000,2831.0,1800,78022,51111120.0,2831.0,1,2830.0,44
rb1805,20170621,20170620,211332500,2831.0,1804,78018,51224360.0,2833.0,2,2831.0,4
rb1805,20170621,20170620,211333000,2830.0,1830,78036,51960240.0,2832.0,1,2830.0,34
rb1805,20170621,20170620,211333500,2830.0,1876,78068,53262040.0,2832.0,1,2830.0,11
rb1805,20170621,20170620,211334000,2830.0,1878,78068,53318640.0,2832.0,1,2830.0,10
rb1805,20170621,20170620,211334500,2830.0,1890,78076,53658240.0,2833.0,18,2830.0,4
rb1805,20170621,20170620,211335000,2830.0,1890,78076,53658240.0,2832.0,2,2830.0,4
rb1805,20170621,20170620,211335500,2830.0,1892,78076,53714840.0,2832.0,2,2830.0,3
rb1805,20170621,20170620,211336000,2830.0,1892,78076,53714840.0,2832.0,3,2830.0,2
rb1805,20170621,20170620,211336500,2830.0,1892,78076,53714840.0,2832.0,3,2831.0,1
rb1805,20170621,20170620,211337000,2830.0,1898,78082,53884640.0,2831.0,1,2829.0,8
rb1805,20170621,20170620,211337500,2830.0,1898,78082,53884640.0,2831.0,2,2829.0,8
rb1805,20170621,20170620,211338000,2831.0,1902,78084,53997880.0,2832.0,19,2829.0,8
rb1805,20170621,20170620,211338500,2831.0,1902,78084,53997880.0,2832.0,19,2829.0,13
rb1805,20170621,20170620,211339000,2831.0,1902,78084,53997880.0,2832.0,19,2830.0,3
rb1805,20170621,20170620,211339500,2829.0,1934,78104,54903220.0,2831.0,1,2828.0,12
rb1805,20170621,20170620,211340000,2828.0,1940,78104,55072900.0,2831.0,5,2828.0,14
rb1805,20170621,20170620,211340500,2828.0,1942,78104,55129460.0,2830.0,2,2828.0,8
rb1805,20170621,20170620,211341000,2828.0,1942,78104,55129460.0,2830.0,7,2828.0,8
rb1805,20170621,20170620,211341500,2828.0,1942,78104,55129460.0,2830.0,10,2828.0,8
rb1805,20170621,20170620,211342000,2828.0,1958,78102,55581940.0,2830.0,10,2828.0,1
rb1805,20170621,20170620,211342500,2828.0,1960,78104,55638500.0,2830.0,27,2827.0,4
rb1805,20170621,20170620,211343000,2828.0,1960,78104,55638500.0,2830.0,27,2827.0,4
rb1805,20170621,20170620,211343500,2828.0,1960,78104,55638500.0,2830.0,27,2829.0,1
rb1805,20170621,20170620,211344000,2829.0,1968,78106,55864880.0,2830.0,20,2827.0,9
rb1805,20170621,20170620,211344500,2829.0,1968,78106,55864880.0,2830.0,23,2827.0,9
rb1805,20170621,20170620,211345000,2829.0,1968,78106,55864880.0,2830.0,23,2827.0,4
rb1805,20170621,20170620,211346500,2829.0,1968,78106,55864880.0,2830.0,23,2829.0,10
rb1805,20170621,20170620,211347000,2827.0,1990,78128,56487220.0,2829.0,7,2828.0,1
rb1805,20170621,20170620,211347500,2828.0,1992,78130,56543780.0,2829.0,7,2827.0,8
rb1805,20170621,20170620,211348000,2828.0,1992,78130,56543780.0,2829.0,7,2827.0,8
rb1805,20170621,20170620,211348500,2827.0,2000,78136,56769980.0,2827.0,27,2826.0,9
rb1805,20170621,20170620,211349000,2826.0,2006,78138,56939580.0,2827.0,25,2826.0,8
rb1805,20170621,20170620,211349500,2827.0,2016,78140,57222200.0,2827.0,24,2826.0,4
rb1805,20170621,20170620,211350000,2826.0,2020,78144,57335240.0,2827.0,24,2826.0,2
rb1805,20170621,20170620,211350500,2826.0,2026,78148,57504800.0,2826.0,2,2825.0,18
rb1805,20170621,20170620,211351000,2825.0,2040,78152,57900440.0,2827.0,23,2825.0,18
rb1805,20170621,20170620,211351500,2826.0,2042,78154,57956960.0,2826.0,3,2825.0,18
rb1805,20170621,20170620,211352000,2825.0,2060,78162,58465460.0,2826.0,3,2825.0,14
rb1805,20170621,20170620,211352500,2825.0,2068,78170,58691460.0,2826.0,3,2825.0,9
rb1805,20170621,20170620,211353000,2825.0,2076,78174,58917460.0,2826.0,3,2825.0,5
rb1805,20170621,20170620,211353500,2825.0,2088,78186,59256460.0,2825.0,4,2822.0,8
rb1805,20170621,20170620,211354000,2825.0,2088,78186,59256460.0,2824.0,2,2823.0,3
rb1805,20170621,20170620,211354500,2823.0,2090,78186,59312920.0,2824.0,4,2823.0,1
rb1805,20170621,20170620,211355000,2823.0,2090,78186,59312920.0,2824.0,4,2823.0,1
rb1805,20170621,20170620,211355500,2823.0,2094,78188,59425840.0,2823.0,3,2822.0,10
rb1805,20170621,20170620,211356000,2822.0,2098,78190,59538720.0,2823.0,2,2822.0,8
rb1805,20170621,20170620,211356500,2822.0,2106,78194,59764520.0,2824.0,10,2822.0,8
rb1805,20170621,20170620,211357000,2823.0,2114,78198,59990360.0,2823.0,1,2822.0,7
rb1805,20170621,20170620,211357500,2822.0,2126,78204,60329060.0,2824.0,4,2822.0,4
rb1805,20170621,20170620,211358000,2823.0,2138,78200,60667880.0,2825.0,12,2822.0,3
rb1805,20170621,20170620,211359000,2822.0,2142,78200,60780760.0,2825.0,12,2822.0,3
rb1805,20170621,20170620,211359500,2822.0,2142,78200,60780760.0,2824.0,2,2823.0,4
rb1805,20170621,20170620,211400000,2824.0,2146,78202,60893720.0,2825.0,12,2824.0,7
rb1805,20170621,20170620,211400500,2824.0,2150,78206,61006680.0,2825.0,7,2824.0,7
rb1805,20170621,20170620,211401000,2824.0,2150,78206,61006680.0,2825.0,12,2824.0,7
rb1805,20170621,20170620,211401500,2824.0,2154,78210,61119640.0,2825.0,12,2824.0,6
rb1805,20170621,20170620,211402000,2822.0,2176,78220,61740780.0,2825.0,7,2821.0,6
rb1805,20170621,20170620,211402500,2822.0,2176,78220,61740780.0,2824.0,2,2822.0,2
rb1805,20170621,20170620,211403000,2824.0,2188,78226,62079660.0,2824.0,5,2822.0,4
rb1805,20170621,20170620,211403500,2824.0,2188,78226,62079660.0,2824.0,10,2823.0,3
rb1805,20170621,20170620,211404000,2824.0,2188,78226,62079660.0,2823.0,2,2822.0,4
rb1805,20170621,20170620,211404500,2822.0,2196,78230,62305460.0,2824.0,10,2822.0,2
rb1805,20170621,20170620,211405000,2822.0,2214,78216,62813700.0,2824.0,3,2822.0,1
rb1805,20170621,20170620,211405500,2823.0,2218,78216,62926620.0,2824.0,3,2823.0,6
rb1805,20170621,20170620,211406000,2823.0,2218,78216,62926620.0,2824.0,5,2823.0,5
rb1805,20170621,20170620,211406500,2822.0,2234,78210,63378240.0,2823.0,2,2822.0,2
rb1805,20170621,20170620,211407000,2823.0,2238,78210,63491160.0,2824.0,5,2823.0,5
rb1805,20170621,20170620,211407500,2823.0,2238,78210,63491160.0,2824.0,5,2822.0,2
rb1805,20170621,20170620,211408000,2823.0,2238,78210,63491160.0,2824.0,5,2823.0,3
rb1805,20170621,20170620,211408500,2823.0,2238,78210,63491160.0,2824.0,5,2823.0,3
rb1805,20170621,20170620,211409000,2824.0,2248,78202,63773560.0,2825.0,14,2824.0,6
rb1805,20170621,20170620,211409500,2824.0,2248,78202,63773560.0,2825.0,9,2824.0,3
rb1805,20170621,20170620,211410000,2823.0,2256,78196,63999460.0,2825.0,9,2823.0,2
rb1805,20170621,20170620,211410500,2823.0,2256,78196,63999460.0,2825.0,9,2824.0,2
rb1805,20170621,20170620,211411000,2825.0,2266,78204,64281960.0,2825.0,9,2824.0,2
rb1805,20170621,20170620,211411500,2825.0,2266,78204,64281960.0,2825.0,10,2823.0,3
rb1805,20170621,20170620,211412000,2823.0,2268,78204,64338420.0,2825.0,9,2823.0,2
rb1805,20170621,20170620,211412500,2823.0,2268,78204,64338420.0,2825.0,10,2824.0,1
rb1805,20170621,20170620,211413000,2824.0,2272,78200,64451380.0,2824.0,13,2823.0,2
rb1805,20170621,20170620,211414500,2824.0,2272,78200,64451380.0,2824.0,13,2823.0,1
rb1805,20170621,20170620,211415000,2823.0,2276,78202,64564300.0,2824.0,13,2822.0,10
rb1805,20170621,20170620,211415500,2824.0,2278,78202,64620780.0,2824.0,14,2822.0,10
rb1805,20170621,20170620,211416000,2824.0,2282,78202,64733740.0,2824.0,17,2822.0,10
rb1805,20170621,20170620,211416500,2824.0,2282,78202,64733740.0,2824.0,18,2823.0,1
rb1805,20170621,20170620,211417000,2823.0,2288,78202,64903120.0,2824.0,18,2823.0,3
rb1805,20170621,20170620,211417500,2823.0,2294,78200,65072500.0,2823.0,3,2822.0,10
rb1805,20170621,20170620,211418000,2824.0,2296,78200,65128980.0,2824.0,17,2822.0,10
rb1805,20170621,20170620,211419000,2824.0,2296,78200,65128980.0,2823.0,7,2822.0,11
rb1805,20170621,20170620,211419500,2822.0,2302,78206,65298300.0,2823.0,9,2822.0,8
rb1805,20170621,20170620,211420000,2822.0,2306,78210,65411180.0,2823.0,10,2822.0,6
rb1805,20170621,20170620,211420500,2822.0,2314,78218,65636940.0,2823.0,10,2822.0,2
rb1805,20170621,20170620,211421000,2822.0,2318,78222,65749820.0,2823.0,10,2821.0,7
rb1805,20170621,20170620,211421500,2823.0,2322,78222,65862740.0,2823.0,7,2821.0,7
rb1805,20170621,20170620,211422000,2823.0,2322,78222,65862740.0,2822.0,4,2821.0,7
rb1805,20170621,20170620,211422500,2822.0,2330,78230,66088500.0,2823.0,6,2822.0,2
rb1805,20170621,20170620,211423000,2822.0,2332,78230,66144940.0,2822.0,3,2821.0,7
rb1805,20170621,20170620,211423500,2821.0,2342,78236,66427100.0,2823.0,6,2822.0,1
rb1805,20170621,20170620,211424000,2822.0,2346,78240,66540000.0,2822.0,1,2821.0,6
rb1805,20170621,20170620,211424500,2822.0,2348,78240,66596440.0,2822.0,2,2821.0,6
rb1805,20170621,20170620,211425000,2821.0,2356,78246,66822160.0,2823.0,5,2821.0,3
rb1805,20170621,20170620,211425500,2821.0,2360,78250,66935000.0,2823.0,5,2821.0,2
rb1805,20170621,20170620,211426000,2823.0,2362,78250,66991460.0,2823.0,4,2822.0,1
rb1805,20170621,20170620,211426500,2822.0,2364,78252,67047900.0,2822.0,1,2821.0,1
rb1805,20170621,20170620,211427000,2821.0,2368,78254,67160760.0,2823.0,5,2822.0,10
rb1805,20170621,20170620,211427500,2822.0,2370,78256,67217200.0,2823.0,5,2822.0,10
rb1805,20170621,20170620,211428000,2822.0,2370,78256,67217200.0,2823.0,5,2822.0,9
rb1805,20170621,20170620,211428500,2822.0,2374,78260,67330080.0,2823.0,5,2822.0,7
rb1805,20170621,20170620,211429000,2823.0,2376,78262,67386540.0,2823.0,4,2822.0,7
rb1805,20170621,20170620,211429500,2822.0,2380,78266,67499420.0,2823.0,9,2822.0,5
rb1805,20170621,20170620,211430000,2822.0,2380,78266,67499420.0,2823.0,9,2822.0,5
rb1805,20170621,20170620,211430500,2822.0,2380,78266,67499420.0,2823.0,9,2822.0,7
rb1805,20170621,20170620,211431000,2823.0,2390,78274,67781720.0,2823.0,4,2822.0,7
rb1805,20170621,20170620,211431500,2823.0,2390,78274,67781720.0,2823.0,5,2822.0,7
rb1805,20170621,20170620,211432000,2823.0,2390,78274,67781720.0,2823.0,1,2822.0,7
rb1805,20170621,20170620,211432500,2823.0,2392,78274,67838180.0,2824.0,16,2823.0,2
rb1805,20170621,20170620,211433000,2823.0,2392,78274,67838180.0,2824.0,11,2823.0,2
rb1805,20170621,20170620,211433500,2823.0,2392,78274,67838180.0,2824.0,16,2823.0,2
rb1805,20170621,20170620,211434000,2823.0,2392,78274,67838180.0,2824.0,16,2823.0,2
rb1805,20170621,20170620,211434500,2823.0,2392,78274,67838180.0,2824.0,16,2823.0,2
rb1805,20170621,20170620,211435000,2823.0,2392,78274,67838180.0,2824.0,11,2823.0,2
rb1805,20170621,20170620,211435500,2823.0,2392,78274,67838180.0,2824.0,10,2823.0,2
rb1805,20170621,20170620,211436000,2824.0,2394,78274,67894660.0,2824.0,9,2823.0,2
rb1805,20170621,20170620,211436500,2824.0,2394,78274,67894660.0,2824.0,9,2823.0,2
rb1805,20170621,20170620,211437000,2824.0,2394,78274,67894660.0,2824.0,9,2823.0,3
rb1805,20170621,20170620,211437500,2824.0,2400,78268,68064100.0,2824.0,6,2823.0,3
rb1805,20170621,20170620,211438000,2824.0,2414,78268,68459460.0,2825.0,11,2824.0,9
rb1805,20170621,20170620,211438500,2824.0,2414,78268,68459460.0,2825.0,6,2824.0,9
rb1805,20170621,20170620,211440000,2825.0,2416,78270,68515960.0,2825.0,5,2824.0,9
rb1805,20170621,20170620,211440500,2825.0,2418,78270,68572460.0,2825.0,4,2824.0,9
rb1805,20170621,20170620,211441000,2825.0,2418,78270,68572460.0,2825.0,9,2824.0,9
rb1805,20170621,20170620,211441500,2825.0,2428,78272,68854960.0,2825.0,4,2824.0,10
rb1805,20170621,20170620,211442000,2825.0,2428,78272,68854960.0,2825.0,4,2824.0,10
rb1805,20170621,20170620,211443000,2825.0,2428,78272,68854960.0,2826.0,3,2824.0,10
rb1805,20170621,20170620,211443500,2824.0,2430,78272,68911440.0,2826.0,8,2824.0,9
rb1805,20170621,20170620,211444000,2824.0,2430,78272,68911440.0,2826.0,8,2825.0,10
rb1805,20170621,20170620,211444500,2824.0,2430,78272,68911440.0,2826.0,3,2825.0,11
rb1805,20170621,20170620,211445000,2826.0,2432,78274,68967960.0,2826.0,2,2825.0,11
rb1805,20170621,20170620,211447000,2826.0,2434,78276,69024480.0,2826.0,1,2825.0,11
rb1805,20170621,20170620,211448000,2826.0,2434,78276,69024480.0,2826.0,1,2825.0,11
rb1805,20170621,20170620,211448500,2826.0,2436,78278,69081000.0,2827.0,23,2825.0,11
rb1805,20170621,20170620,211449000,2825.0,2452,78264,69533000.0,2826.0,10,2825.0,3
rb1805,20170621,20170620,211449500,2826.0,2490,78286,70606560.0,2826.0,8,2824.0,9
rb1805,20170621,20170620,211450000,2826.0,2492,78288,70663080.0,2825.0,2,2824.0,9
rb1805,20170621,20170620,211450500,2825.0,2496,78292,70776080.0,2826.0,8,2825.0,3
rb1805,20170621,20170620,211451000,2825.0,2496,78292,70776080.0,2826.0,9,2825.0,3
rb1805,20170621,20170620,211451500,2825.0,2496,78292,70776080.0,2826.0,7,2825.0,4
rb1805,20170621,20170620,211452000,2825.0,2496,78292,70776080.0,2826.0,6,2825.0,4
rb1805,20170621,20170620,211452500,2826.0,2498,78294,70832600.0,2826.0,4,2825.0,4
rb1805,20170621,20170620,211453000,2826.0,2498,78294,70832600.0,2826.0,4,2825.0,4
rb1805,20170621,20170620,211453500,2826.0,2498,78294,70832600.0,2826.0,4,2825.0,5
rb1805,20170621,20170620,211454000,2826.0,2498,78294,70832600.0,2826.0,4,2825.0,5
rb1805,20170621,20170620,211454500,2826.0,2498,78294,70832600.0,2826.0,4,2825.0,5
rb1805,20170621,20170620,211455000,2826.0,2504,78300,71002120.0,2826.0,3,2825.0,3
rb1805,20170621,20170620,211455500,2826.0,2504,78300,71002120.0,2826.0,3,2825.0,3
rb1805,20170621,20170620,211456000,2826.0,2504,78300,71002120.0,2826.0,4,2825.0,3
rb1805,20170621,20170620,211456500,2826.0,2512,78292,71228200.0,2827.0,48,2826.0,1
rb1805,20170621,20170620,211457000,2826.0,2512,78292,71228200.0,2827.0,49,2826.0,4
rb1805,20170621,20170620,211457500,2826.0,2516,78294,71341240.0,2827.0,49,2826.0,2
rb1805,20170621,20170620,211458000,2827.0,2520,78298,71454320.0,2827.0,47,2826.0,22
rb1805,20170621,20170620,211458500,2827.0,2520,78298,71454320.0,2827.0,41,2826.0,22
rb1805,20170621,20170620,211459000,2827.0,2520,78298,71454320.0,2827.0,41,2826.0,22
rb1805,20170621,20170620,211459500,2826.0,2522,78300,71510840.0,2827.0,41,2826.0,21
rb1805,20170621,20170620,211500500,2826.0,2522,78300,71510840.0,2827.0,41,2826.0,26
rb1805,20170621,20170620,211501000,2826.0,2522,78300,71510840.0,2827.0,47,2826.0,21
rb1805,20170621,20170620,211501500,2826.0,2532,78310,71793440.0,2827.0,47,2826.0,16
rb1805,20170621,20170620,211502000,2826.0,2564,78342,72697760.0,2827.0,48,2825.0,3
rb1805,20170621,20170620,211502500,2826.0,2564,78342,72697760.0,2826.0,2,2825.0,3
rb1805,20170621,20170620,211503000,2826.0,2564,78342,72697760.0,2826.0,2,2825.0,3
rb1805,20170621,20170620,211503500,2825.0,2568,78346,72810760.0,2826.0,3,2825.0,1
rb1805,20170621,20170620,211504000,2825.0,2570,78348,72867260.0,2825.0,1,2824.0,18
rb1805,20170621,20170620,211504500,2825.0,2570,78348,72867260.0,2825.0,2,2824.0,18
rb1805,20170621,20170620,211505000,2825.0,2570,78348,72867260.0,2825.0,2,2824.0,19
rb1805,20170621,20170620,211505500,2825.0,2570,78348,72867260.0,2825.0,7,2824.0,18
rb1805,20170621,20170620,211507000,2824.0,2572,78350,72923740.0,2825.0,2,2824.0,17
rb1805,20170621,20170620,211507500,2824.0,2572,78350,72923740.0,2825.0,7,2824.0,17
rb1805,20170621,20170620,211508000,2824.0,2588,78366,73375580.0,2825.0,7,2824.0,10
rb1805,20170621,20170620,211508500,2825.0,2590,78366,73432080.0,2825.0,6,2824.0,10
rb1805,20170621,20170620,211509000,2824.0,2600,78366,73714480.0,2825.0,6,2824.0,4
rb1805,20170621,20170620,211509500,2825.0,2602,78366,73770980.0,2825.0,5,2824.0,4
rb1805,20170621,20170620,211510000,2824.0,2604,78368,73827460.0,2825.0,5,2824.0,8
rb1805,20170621,20170620,211510500,2824.0,2604,78368,73827460.0,2825.0,10,2824.0,8
rb1805,20170621,20170620,211511000,2824.0,2612,78368,74053380.0,2825.0,10,2824.0,4
rb1805,20170621,20170620,211511500,2824.0,2612,78368,74053380.0,2825.0,10,2824.0,4
rb1805,20170621,20170620,211512000,2824.0,2616,78368,74166340.0,2825.0,10,2824.0,2
rb1805,20170621,20170620,211512500,2824.0,2616,78368,74166340.0,2825.0,10,2824.0,2
rb1805,20170621,20170620,211514000,2824.0,2616,78368,74166340.0,2825.0,15,2824.0,2
rb1805,20170621,20170620,211514500,2824.0,2618,78370,74222820.0,2825.0,15,2824.0,1
rb1805,20170621,20170620,211515500,2824.0,2620,78372,74279300.0,2825.0,15,2824.0,1
rb1805,20170621,20170620,211516000,2824.0,2620,78372,74279300.0,2825.0,15,2824.0,1
rb1805,20170621,20170620,211516500,2824.0,2622,78374,74335780.0,2824.0,1,2823.0,3
rb1805,20170621,20170620,211517000,2823.0,2626,78378,74448700.0,2825.0,16,2822.0,7
rb1805,20170621,20170620,211517500,2823.0,2626,78378,74448700.0,2824.0,2,2822.0,12
rb1805,20170621,20170620,211518000,2823.0,2626,78378,74448700.0,2824.0,2,2823.0,2
rb1805,20170621,20170620,211519000,2825.0,2632,78380,74618160.0,2825.0,14,2823.0,2
rb1805,20170621,20170620,211519500,2825.0,2632,78380,74618160.0,2825.0,14,2823.0,3
rb1805,20170621,20170620,211520000,2825.0,2632,78380,74618160.0,2825.0,15,2823.0,3
rb1805,20170621,20170620,211522000,2825.0,2632,78380,74618160.0,2825.0,14,2823.0,3
rb1805,20170621,20170620,211523500,2823.0,2636,78376,74731080.0,2825.0,14,2823.0,1
rb1805,20170621,20170620,211524000,2824.0,2638,78378,74787560.0,2824.0,6,2823.0,1
rb1805,20170621,20170620,211524500,2823.0,2640,78380,74844020.0,2823.0,1,2822.0,12
rb1805,20170621,20170620,211525000,2822.0,2642,78382,74900460.0,2823.0,6,2822.0,16
rb1805,20170621,20170620,211526000,2822.0,2642,78382,74900460.0,2823.0,1,2822.0,18
rb1805,20170621,20170620,211526500,2823.0,2644,78382,74956920.0,2824.0,8,2823.0,2
rb1805,20170621,20170620,211527000,2822.0,2646,78384,75013360.0,2824.0,8,2822.0,17
rb1805,20170621,20170620,211527500,2822.0,2646,78384,75013360.0,2824.0,8,2822.0,16
rb1805,20170621,20170620,211528000,2822.0,2646,78384,75013360.0,2824.0,8,2822.0,17
rb1805,20170621,20170620,211528500,2822.0,2662,78396,75464880.0,2824.0,8,2822.0,9
rb1805,20170621,20170620,211529000,2822.0,2662,78396,75464880.0,2824.0,8,2822.0,10
rb1805,20170621,20170620,211529500,2824.0,2664,78396,75521360.0,2824.0,1,2823.0,1
rb1805,20170621,20170620,211530500,2823.0,2666,78398,75577820.0,2823.0,1,2822.0,23
rb1805,20170621,20170620,211531000,2823.0,2668,78398,75634280.0,2824.0,1,2823.0,2
rb1805,20170621,20170620,211531500,2824.0,2670,78400,75690760.0,2825.0,14,2824.0,1
rb1805,20170621,20170620,211532500,2824.0,2672,78400,75747240.0,2825.0,14,2822.0,18
rb1805,20170621,20170620,211533000,2824.0,2672,78400,75747240.0,2825.0,14,2822.0,22
rb1805,20170621,20170620,211533500,2824.0,2672,78400,75747240.0,2825.0,14,2822.0,23
rb1805,20170621,20170620,211534000,2824.0,2672,78400,75747240.0,2825.0,14,2822.0,23
rb1805,20170621,20170620,211536000,2824.0,2672,78400,75747240.0,2825.0,14,2822.0,24
rb1805,20170621,20170620,211537000,2824.0,2672,78400,75747240.0,2825.0,14,2822.0,24
rb1805,20170621,20170620,211537500,2824.0,2672,78400,75747240.0,2824.0,2,2822.0,19
rb1805,20170621,20170620,211538000,2824.0,2672,78400,75747240.0,2824.0,7,2822.0,19
rb1805,20170621,20170620,211538500,2822.0,2710,78428,76819600.0,2822.0,5,2821.0,9
rb1805,20170621,20170620,211539000,2822.0,2720,78420,77101800.0,2824.0,7,2822.0,2
rb1805,20170621,20170620,211539500,2822.0,2720,78420,77101800.0,2824.0,7,2823.0,2
rb1805,20170621,20170620,211540000,2822.0,2720,78420,77101800.0,2824.0,7,2822.0,1
rb1805,20170621,20170620,211540500,2822.0,2722,78420,77158240.0,2822.0,1,2821.0,10
rb1805,20170621,20170620,211541000,2822.0,2724,78420,77214680.0,2824.0,7,2822.0,1
rb1805,20170621,20170620,211541500,2822.0,2724,78420,77214680.0,2824.0,7,2821.0,10
rb1805,20170621,20170620,211542000,2822.0,2724,78420,77214680.0,2824.0,7,2821.0,9
rb1805,20170621,20170620,211543000,2824.0,2726,78418,77271160.0,2824.0,6,2821.0,9
rb1805,20170621,20170620,211544000,2824.0,2726,78418,77271160.0,2824.0,7,2821.0,9
rb1805,20170621,20170620,211544500,2824.0,2726,78418,77271160.0,2824.0,6,2822.0,1
rb1805,20170621,20170620,211545500,2824.0,2726,78418,77271160.0,2824.0,7,2822.0,2
rb1805,20170621,20170620,211546000,2822.0,2728,78418,77327600.0,2824.0,7,2822.0,1
rb1805,20170621,20170620,211547000,2822.0,2728,78418,77327600.0,2824.0,7,2822.0,1
rb1805,20170621,20170620,211547500,2822.0,2728,78418,77327600.0,2824.0,7,2822.0,1
rb1805,20170621,20170620,211548500,2822.0,2728,78418,77327600.0,2824.0,7,2822.0,1
rb1805,20170621,20170620,211549000,2822.0,2728,78418,77327600.0,2823.0,2,2822.0,1
rb1805,20170621,20170620,211549500,2822.0,2728,78418,77327600.0,2823.0,2,2822.0,1
rb1805,20170621,20170620,211550000,2822.0,2728,78418,77327600.0,2823.0,2,2822.0,11
rb1805,20170621,20170620,211550500,2822.0,2732,78422,77440480.0,2823.0,2,2822.0,9
rb1805,20170621,20170620,211551000,2823.0,2734,78422,77496940.0,2823.0,1,2822.0,9
rb1805,20170621,20170620,211551500,2822.0,2752,78440,78004900.0,2823.0,1,2821.0,11
rb1805,20170621,20170620,211552000,2822.0,2752,78440,78004900.0,2823.0,5,2822.0,2
rb1805,20170621,20170620,211552500,2822.0,2754,78442,78061340.0,2822.0,8,2821.0,16
rb1805,20170621,20170620,211553000,2822.0,2770,78458,78512860.0,2823.0,5,2822.0,3
rb1805,20170621,20170620,211554000,2822.0,2770,78458,78512860.0,2823.0,5,2822.0,4
rb1805,20170621,20170620,211554500,2822.0,2770,78458,78512860.0,2823.0,5,2822.0,2
rb1805,20170621,20170620,211555500,2821.0,2776,78464,78682160.0,2823.0,5,2821.0,16
rb1805,20170621,20170620,211556000,2821.0,2778,78466,78738580.0,2823.0,5,2822.0,1
rb1805,20170621,20170620,211556500,2824.0,2790,78454,79077360.0,2824.0,6,2822.0,1
rb1805,20170621,20170620,211557000,2822.0,2792,78454,79133800.0,2822.0,1,2821.0,15
rb1805,20170621,20170620,211557500,2822.0,2792,78454,79133800.0,2823.0,7,2821.0,10
