instrument,tradingday,calendarday,time,lastp,volume,openinterest,turnover,ask1,asksz1,bid1,bidsz1
rb1805,20170817,20170816,183413500,3561.0,0,202810,0.0,0.0,0,0.0,0
rb1805,20170817,20170816,205900500,3572.0,262,202916,9358640.0,3573.0,10,3572.0,377
rb1805,20170817,20170816,210000500,3575.0,504,202820,18010200.0,3576.0,20,3574.0,139
rb1805,20170817,20170816,210001000,3577.0,644,202788,23016700.0,3577.0,4,3576.0,26
rb1805,20170817,20170816,210001500,3581.0,1008,202618,36044460.0,3581.0,9,3577.0,10
rb1805,20170817,20170816,210002000,3577.0,1546,202360,55332160.0,3580.0,5,3577.0,16
rb1805,20170817,20170816,210002500,3580.0,1680,202340,60127980.0,3579.0,1,3578.0,3
rb1805,20170817,20170816,210003000,3580.0,1850,202322,66233220.0,3597.0,5,3579.0,14
rb1805,20170817,20170816,210003500,3582.0,1912,202314,68456640.0,3585.0,1,3582.0,1
rb1805,20170817,20170816,210004000,3585.0,2010,202286,71968780.0,3596.0,24,3585.0,1
rb1805,20170817,20170816,210004500,3594.0,2110,202244,75555840.0,3594.0,7,3590.0,1
rb1805,20170817,20170816,210005000,3596.0,2244,202220,80374500.0,3598.0,25,3595.0,3
rb1805,20170817,20170816,210005500,3598.0,2694,202188,96581820.0,3610.0,19,3598.0,19
rb1805,20170817,20170816,210006000,3610.0,2894,202166,103794500.0,3610.0,22,3603.0,3
rb1805,20170817,20170816,210006500,3609.0,2974,202176,106679560.0,3610.0,27,3609.0,5
rb1805,20170817,20170816,210007000,3609.0,3068,202120,110069320.0,3609.0,4,3602.0,1
rb1805,20170817,20170816,210007500,3602.0,3288,202044,118005200.0,3607.0,1,3602.0,2
rb1805,20170817,20170816,210008000,3617.0,3562,201970,127895960.0,3614.0,4,3609.0,1
rb1805,20170817,20170816,210008500,3604.0,3750,201930,134679200.0,3609.0,29,3604.0,32
rb1805,20170817,20170816,210009000,3606.0,3978,201862,142899060.0,3602.0,1,3600.0,5
rb1805,20170817,20170816,210009500,3607.0,4022,201834,144484700.0,3607.0,6,3601.0,6
rb1805,20170817,20170816,210010000,3601.0,4110,201876,147656860.0,3602.0,6,3601.0,8
rb1805,20170817,20170816,210010500,3603.0,4196,201856,150754140.0,3604.0,3,3602.0,9
rb1805,20170817,20170816,210011000,3599.0,4246,201854,152554760.0,3603.0,1,3602.0,4
rb1805,20170817,20170816,210011500,3602.0,4272,201856,153491280.0,3603.0,6,3602.0,2
rb1805,20170817,20170816,210012000,3602.0,4312,201844,154932080.0,3601.0,15,3599.0,2
rb1805,20170817,20170816,210012500,3598.0,4318,201842,155148000.0,3599.0,2,3598.0,30
rb1805,20170817,20170816,210013000,3598.0,4368,201832,156948020.0,3599.0,22,3598.0,34
rb1805,20170817,20170816,210013500,3598.0,4440,201818,159539260.0,3601.0,4,3598.0,32
rb1805,20170817,20170816,210014000,3598.0,4538,201786,163065120.0,3598.0,4,3596.0,38
rb1805,20170817,20170816,210014500,3597.0,4562,201788,163928620.0,3599.0,3,3596.0,14
rb1805,20170817,20170816,210015000,3594.0,4624,201754,166157940.0,3596.0,1,3594.0,7
rb1805,20170817,20170816,210015500,3595.0,4650,201758,167092900.0,3598.0,10,3596.0,2
rb1805,20170817,20170816,210016000,3593.0,4720,201736,169609040.0,3594.0,32,3593.0,4
rb1805,20170817,20170816,210016500,3593.0,4784,201698,171909120.0,3593.0,5,3592.0,2
rb1805,20170817,20170816,210017000,3592.0,4804,201700,172627660.0,3594.0,10,3591.0,11
rb1805,20170817,20170816,210017500,3591.0,4812,201704,172915020.0,3592.0,3,3591.0,14
rb1805,20170817,20170816,210018000,3592.0,4828,201700,173489760.0,3592.0,3,3591.0,10
rb1805,20170817,20170816,210018500,3591.0,4856,201702,174495460.0,3592.0,1,3591.0,7
rb1805,20170817,20170816,210019000,3591.0,4888,201714,175644580.0,3591.0,1,3590.0,2
rb1805,20170817,20170816,210019500,3585.0,4954,201774,178011280.0,3590.0,1,3583.0,9
rb1805,20170817,20170816,210020000,3585.0,4982,201750,179015080.0,3587.0,1,3585.0,6
rb1805,20170817,20170816,210020500,3589.0,5002,201746,179732540.0,3590.0,29,3587.0,3
rb1805,20170817,20170816,210021000,3588.0,5076,201690,182389080.0,3589.0,2,3588.0,2
rb1805,20170817,20170816,210021500,3588.0,5106,201674,183465760.0,3591.0,5,3589.0,15
rb1805,20170817,20170816,210022000,3588.0,5158,201642,185331820.0,3590.0,1,3587.0,9
rb1805,20170817,20170816,210022500,3589.0,5192,201642,186551680.0,3590.0,1,3587.0,4
rb1805,20170817,20170816,210023000,3590.0,5204,201644,186982460.0,3590.0,5,3587.0,4
rb1805,20170817,20170816,210023500,3587.0,5212,201648,187269600.0,3588.0,2,3587.0,3
rb1805,20170817,20170816,210024000,3590.0,5228,201638,187843720.0,3590.0,7,3588.0,6
rb1805,20170817,20170816,210024500,3588.0,5240,201648,188274300.0,3589.0,1,3588.0,3
rb1805,20170817,20170816,210025000,3583.0,5294,201672,190210220.0,3583.0,18,3582.0,4
rb1805,20170817,20170816,210025500,3588.0,5352,201712,192289100.0,3588.0,4,3584.0,1
rb1805,20170817,20170816,210026000,3587.0,5366,201712,192791340.0,3588.0,2,3587.0,1
rb1805,20170817,20170816,210026500,3587.0,5390,201712,193652060.0,3587.0,22,3584.0,1
rb1805,20170817,20170816,210027000,3587.0,5396,201708,193867240.0,3587.0,18,3586.0,1
rb1805,20170817,20170816,210027500,3587.0,5398,201706,193938980.0,3587.0,17,3586.0,1
rb1805,20170817,20170816,210028000,3587.0,5404,201700,194154200.0,3586.0,19,3585.0,7
rb1805,20170817,20170816,210028500,3586.0,5432,201674,195158260.0,3586.0,6,3585.0,7
rb1805,20170817,20170816,210029000,3586.0,5446,201674,195660260.0,3586.0,1,3585.0,1
rb1805,20170817,20170816,210029500,3587.0,5470,201674,196521100.0,3587.0,9,3586.0,5
rb1805,20170817,20170816,210030000,3584.0,5492,201662,197309920.0,3586.0,2,3584.0,6
rb1805,20170817,20170816,210030500,3586.0,5510,201654,197955360.0,3587.0,9,3586.0,2
rb1805,20170817,20170816,210031000,3585.0,5518,201658,198242200.0,3587.0,12,3585.0,6
rb1805,20170817,20170816,210031500,3587.0,5528,201654,198600800.0,3587.0,13,3585.0,9
rb1805,20170817,20170816,210032000,3586.0,5536,201654,198887680.0,3587.0,13,3586.0,7
rb1805,20170817,20170816,210032500,3587.0,5622,201714,201972300.0,3588.0,9,3587.0,15
rb1805,20170817,20170816,210033000,3587.0,5630,201716,202259260.0,3588.0,7,3587.0,11
rb1805,20170817,20170816,210033500,3587.0,5632,201718,202331000.0,3588.0,28,3587.0,11
rb1805,20170817,20170816,210034000,3586.0,5666,201712,203550620.0,3587.0,5,3586.0,4
rb1805,20170817,20170816,210034500,3587.0,5678,201714,203981060.0,3588.0,25,3587.0,5
rb1805,20170817,20170816,210035000,3586.0,5686,201716,204268000.0,3587.0,23,3586.0,4
rb1805,20170817,20170816,210035500,3586.0,5746,201696,206420160.0,3587.0,19,3585.0,11
rb1805,20170817,20170816,210036000,3587.0,5778,201684,207567960.0,3587.0,5,3586.0,6
rb1805,20170817,20170816,210036500,3588.0,5806,201664,208572400.0,3588.0,21,3586.0,12
rb1805,20170817,20170816,210037000,3587.0,5826,201674,209289860.0,3588.0,18,3587.0,25
rb1805,20170817,20170816,210037500,3588.0,5854,201674,210294400.0,3588.0,10,3587.0,26
rb1805,20170817,20170816,210038000,3588.0,5856,201672,210366160.0,3588.0,13,3587.0,29
rb1805,20170817,20170816,210038500,3588.0,5932,201686,213092640.0,3589.0,3,3588.0,3
rb1805,20170817,20170816,210039000,3588.0,5938,201686,213307940.0,3589.0,1,3588.0,2
rb1805,20170817,20170816,210039500,3588.0,5954,201686,213882140.0,3590.0,90,3588.0,1
rb1805,20170817,20170816,210040000,3588.0,5958,201684,214025640.0,3589.0,7,3587.0,10
rb1805,20170817,20170816,210040500,3588.0,5964,201680,214240920.0,3588.0,2,3587.0,16
rb1805,20170817,20170816,210041000,3590.0,6048,201608,217256280.0,3590.0,59,3589.0,2
rb1805,20170817,20170816,210041500,3589.0,6060,201608,217687020.0,3590.0,55,3588.0,9
rb1805,20170817,20170816,210042000,3588.0,6098,201592,219050620.0,3588.0,10,3587.0,19
rb1805,20170817,20170816,210042500,3588.0,6124,201590,219983540.0,3590.0,59,3588.0,22
rb1805,20170817,20170816,210043000,3588.0,6148,201584,220844640.0,3589.0,1,3587.0,20
rb1805,20170817,20170816,210043500,3588.0,6156,201588,221131700.0,3590.0,56,3589.0,2
rb1805,20170817,20170816,210044000,3587.0,6256,201576,224718880.0,3587.0,9,3586.0,7
rb1805,20170817,20170816,210044500,3589.0,6282,201562,225651640.0,3588.0,1,3586.0,10
rb1805,20170817,20170816,210045000,3589.0,6286,201560,225795200.0,3589.0,3,3588.0,2
rb1805,20170817,20170816,210045500,3589.0,6298,201556,226225800.0,3589.0,1,3587.0,2
rb1805,20170817,20170816,210046000,3586.0,6312,201552,226728060.0,3589.0,8,3587.0,1
rb1805,20170817,20170816,210046500,3586.0,6312,201552,226728060.0,3588.0,2,3587.0,6
rb1805,20170817,20170816,210047000,3586.0,6314,201552,226799780.0,3589.0,13,3588.0,2
rb1805,20170817,20170816,210047500,3588.0,6318,201552,226943300.0,3588.0,5,3587.0,6
rb1805,20170817,20170816,210048000,3587.0,6340,201552,227732540.0,3587.0,5,3586.0,10
rb1805,20170817,20170816,210048500,3586.0,6360,201556,228449900.0,3588.0,20,3586.0,11
rb1805,20170817,20170816,210049000,3588.0,6434,201544,231104460.0,3588.0,8,3585.0,19
rb1805,20170817,20170816,210049500,3588.0,6454,201546,231822060.0,3588.0,9,3586.0,4
rb1805,20170817,20170816,210050000,3588.0,6460,201546,232037340.0,3587.0,2,3586.0,4
rb1805,20170817,20170816,210050500,3588.0,6462,201546,232109100.0,3587.0,1,3586.0,5
rb1805,20170817,20170816,210051000,3586.0,6478,201550,232682860.0,3586.0,6,3585.0,20
rb1805,20170817,20170816,210051500,3587.0,6500,201556,233471800.0,3586.0,1,3585.0,20
rb1805,20170817,20170816,210052000,3587.0,6504,201556,233615260.0,3587.0,12,3585.0,24
rb1805,20170817,20170816,210052500,3585.0,6542,201566,234977560.0,3586.0,8,3585.0,4
rb1805,20170817,20170816,210053000,3585.0,6562,201574,235694540.0,3585.0,1,3584.0,7
rb1805,20170817,20170816,210053500,3585.0,6564,201572,235766240.0,3587.0,9,3585.0,6
rb1805,20170817,20170816,210054000,3586.0,6574,201572,236124860.0,3587.0,8,3586.0,2
rb1805,20170817,20170816,210054500,3586.0,6580,201576,236340020.0,3585.0,4,3584.0,9
rb1805,20170817,20170816,210055000,3585.0,6610,201546,237415540.0,3586.0,3,3585.0,6
rb1805,20170817,20170816,210055500,3585.0,6622,201534,237845780.0,3585.0,12,3584.0,13
rb1805,20170817,20170816,210056000,3584.0,6630,201534,238132520.0,3585.0,14,3584.0,9
rb1805,20170817,20170816,210056500,3585.0,6664,201536,239351320.0,3585.0,3,3584.0,4
rb1805,20170817,20170816,210057000,3584.0,6678,201544,239853120.0,3584.0,3,3583.0,10
rb1805,20170817,20170816,210057500,3584.0,6688,201548,240211540.0,3586.0,2,3584.0,16
rb1805,20170817,20170816,210058000,3584.0,6700,201542,240641780.0,3586.0,1,3584.0,3
rb1805,20170817,20170816,210058500,3584.0,6702,201542,240713460.0,3585.0,5,3584.0,2
rb1805,20170817,20170816,210059000,3587.0,6734,201538,241860960.0,3587.0,8,3584.0,2
rb1805,20170817,20170816,210059500,3585.0,6744,201546,242219460.0,3585.0,15,3584.0,6
rb1805,20170817,20170816,210100000,3585.0,6752,201544,242506200.0,3585.0,16,3584.0,2
rb1805,20170817,20170816,210100500,3585.0,6796,201530,244083580.0,3586.0,4,3585.0,15
rb1805,20170817,20170816,210101000,3585.0,6800,201530,244227000.0,3586.0,13,3585.0,15
rb1805,20170817,20170816,210101500,3586.0,6838,201502,245589680.0,3587.0,4,3586.0,1
rb1805,20170817,20170816,210102000,3587.0,6852,201500,246091680.0,3587.0,9,3585.0,16
rb1805,20170817,20170816,210102500,3587.0,6852,201500,246091680.0,3587.0,11,3586.0,4
rb1805,20170817,20170816,210103000,3587.0,6866,201494,246593700.0,3586.0,3,3585.0,19
rb1805,20170817,20170816,210103500,3587.0,6882,201506,247167560.0,3587.0,6,3586.0,8
rb1805,20170817,20170816,210104000,3587.0,6892,201504,247526220.0,3587.0,3,3586.0,2
rb1805,20170817,20170816,210104500,3587.0,6902,201502,247884900.0,3588.0,9,3587.0,1
rb1805,20170817,20170816,210105000,3586.0,6914,201512,248315320.0,3586.0,1,3585.0,21
rb1805,20170817,20170816,210105500,3586.0,6942,201522,249319540.0,3588.0,8,3586.0,9
rb1805,20170817,20170816,210106000,3586.0,6942,201522,249319540.0,3588.0,8,3587.0,10
rb1805,20170817,20170816,210106500,3586.0,6968,201542,250252100.0,3587.0,19,3586.0,30
rb1805,20170817,20170816,210107000,3586.0,6988,201540,250969420.0,3587.0,15,3586.0,25
rb1805,20170817,20170816,210107500,3587.0,6992,201542,251112880.0,3587.0,7,3586.0,26
rb1805,20170817,20170816,210108000,3586.0,7010,201544,251758360.0,3587.0,4,3586.0,17
rb1805,20170817,20170816,210108500,3588.0,7078,201490,254197460.0,3588.0,7,3586.0,14
rb1805,20170817,20170816,210109000,3588.0,7088,201498,254556260.0,3587.0,4,3586.0,14
rb1805,20170817,20170816,210109500,3586.0,7100,201506,254986580.0,3587.0,4,3586.0,9
rb1805,20170817,20170816,210110000,3586.0,7128,201502,255990780.0,3588.0,10,3586.0,1
rb1805,20170817,20170816,210110500,3587.0,7144,201496,256564640.0,3587.0,7,3586.0,18
rb1805,20170817,20170816,210111000,3587.0,7162,201482,257210300.0,3588.0,16,3587.0,11
rb1805,20170817,20170816,210111500,3587.0,7174,201482,257640740.0,3587.0,4,3586.0,19
rb1805,20170817,20170816,210112000,3587.0,7196,201476,258429880.0,3588.0,7,3587.0,2
rb1805,20170817,20170816,210112500,3588.0,7202,201474,258645120.0,3588.0,7,3587.0,1
rb1805,20170817,20170816,210113000,3587.0,7206,201474,258788600.0,3588.0,10,3587.0,1
rb1805,20170817,20170816,210113500,3586.0,7212,201476,259003840.0,3587.0,1,3586.0,26
rb1805,20170817,20170816,210114000,3588.0,7226,201486,259506040.0,3588.0,7,3586.0,26
rb1805,20170817,20170816,210114500,3588.0,7228,201486,259577800.0,3587.0,1,3586.0,34
rb1805,20170817,20170816,210115000,3588.0,7232,201484,259721300.0,3588.0,8,3587.0,7
rb1805,20170817,20170816,210115500,3588.0,7232,201484,259721300.0,3588.0,8,3587.0,6
rb1805,20170817,20170816,210116000,3587.0,7246,201482,260223500.0,3587.0,19,3586.0,37
rb1805,20170817,20170816,210116500,3588.0,7318,201466,262806380.0,3589.0,22,3588.0,13
rb1805,20170817,20170816,210117000,3588.0,7348,201474,263882780.0,3588.0,21,3587.0,11
rb1805,20170817,20170816,210117500,3587.0,7362,201460,264384960.0,3587.0,7,3586.0,31
rb1805,20170817,20170816,210118000,3586.0,7436,201462,267039580.0,3588.0,1,3587.0,1
rb1805,20170817,20170816,210118500,3588.0,7438,201462,267111340.0,3588.0,1,3587.0,3
rb1805,20170817,20170816,210119000,3587.0,7456,201454,267757080.0,3587.0,2,3586.0,23
rb1805,20170817,20170816,210119500,3587.0,7472,201446,268331000.0,3587.0,4,3586.0,25
rb1805,20170817,20170816,210120000,3587.0,7474,201446,268402740.0,3587.0,3,3586.0,31
rb1805,20170817,20170816,210120500,3587.0,7480,201446,268617960.0,3588.0,2,3587.0,1
rb1805,20170817,20170816,210121000,3587.0,7482,201446,268689700.0,3588.0,21,3586.0,31
rb1805,20170817,20170816,210121500,3588.0,7524,201404,270196660.0,3589.0,25,3588.0,1
rb1805,20170817,20170816,210122000,3588.0,7528,201402,270340180.0,3588.0,19,3587.0,5
rb1805,20170817,20170816,210122500,3588.0,7530,201402,270411940.0,3588.0,21,3587.0,7
rb1805,20170817,20170816,210123000,3588.0,7550,201402,271129540.0,3588.0,15,3587.0,14
rb1805,20170817,20170816,210123500,3588.0,7592,201400,272636500.0,3589.0,24,3588.0,4
rb1805,20170817,20170816,210124000,3588.0,7594,201402,272708260.0,3589.0,24,3588.0,3
rb1805,20170817,20170816,210124500,3588.0,7598,201402,272851800.0,3589.0,23,3588.0,2
rb1805,20170817,20170816,210125000,3588.0,7602,201406,272995320.0,3588.0,29,3587.0,20
rb1805,20170817,20170816,210125500,3587.0,7630,201392,273999680.0,3588.0,11,3587.0,8
rb1805,20170817,20170816,210126000,3587.0,7630,201392,273999680.0,3588.0,7,3587.0,8
rb1805,20170817,20170816,210126500,3589.0,7668,201376,275363360.0,3589.0,41,3588.0,6
rb1805,20170817,20170816,210127000,3589.0,7668,201376,275363360.0,3589.0,41,3588.0,3
rb1805,20170817,20170816,210127500,3588.0,7678,201380,275722140.0,3588.0,22,3587.0,11
rb1805,20170817,20170816,210128000,3588.0,7706,201396,276726680.0,3588.0,13,3587.0,13
rb1805,20170817,20170816,210128500,3588.0,7708,201398,276798440.0,3588.0,12,3587.0,11
rb1805,20170817,20170816,210129000,3588.0,7708,201398,276798440.0,3588.0,13,3587.0,4
rb1805,20170817,20170816,210129500,3588.0,7720,201410,277229000.0,3588.0,7,3587.0,9
rb1805,20170817,20170816,210130000,3588.0,7734,201422,277731320.0,3589.0,60,3588.0,4
rb1805,20170817,20170816,210130500,3588.0,7738,201422,277874840.0,3589.0,80,3588.0,2
rb1805,20170817,20170816,210131000,3587.0,7752,201422,278377140.0,3588.0,4,3587.0,13
rb1805,20170817,20170816,210131500,3588.0,7760,201422,278664180.0,3588.0,1,3587.0,19
rb1805,20170817,20170816,210132000,3588.0,7762,201424,278735940.0,3589.0,80,3588.0,1
rb1805,20170817,20170816,210132500,3588.0,7762,201424,278735940.0,3589.0,80,3588.0,2
rb1805,20170817,20170816,210133000,3589.0,7764,201424,278807720.0,3589.0,79,3588.0,4
rb1805,20170817,20170816,210133500,3588.0,7768,201422,278951260.0,3589.0,79,3588.0,8
rb1805,20170817,20170816,210134000,3588.0,7774,201420,279166580.0,3589.0,77,3588.0,8
rb1805,20170817,20170816,210134500,3588.0,7800,201418,280099460.0,3589.0,78,3588.0,19
rb1805,20170817,20170816,210135000,3589.0,7882,201438,283042280.0,3589.0,45,3588.0,5
rb1805,20170817,20170816,210135500,3589.0,7994,201482,287061960.0,3590.0,134,3589.0,3
rb1805,20170817,20170816,210136000,3588.0,8014,201478,287779640.0,3588.0,20,3587.0,23
rb1805,20170817,20170816,210136500,3588.0,8054,201474,289214840.0,3590.0,137,3588.0,19
rb1805,20170817,20170816,210137000,3588.0,8054,201474,289214840.0,3589.0,1,3588.0,19
rb1805,20170817,20170816,210137500,3589.0,8060,201478,289430160.0,3589.0,3,3588.0,13
rb1805,20170817,20170816,210138000,3588.0,8072,201478,289860780.0,3589.0,1,3588.0,13
rb1805,20170817,20170816,210138500,3588.0,8078,201480,290076080.0,3590.0,138,3588.0,11
rb1805,20170817,20170816,210139000,3589.0,8112,201472,291296020.0,3590.0,138,3589.0,10
rb1805,20170817,20170816,210139500,3589.0,8144,201474,292444500.0,3590.0,138,3589.0,4
rb1805,20170817,20170816,210140000,3588.0,8162,201478,293090420.0,3588.0,6,3587.0,21
rb1805,20170817,20170816,210140500,3588.0,8182,201488,293808060.0,3589.0,19,3588.0,12
rb1805,20170817,20170816,210141000,3588.0,8210,201486,294812700.0,3588.0,87,3587.0,24
rb1805,20170817,20170816,210141500,3588.0,8230,201482,295530260.0,3588.0,79,3587.0,23
rb1805,20170817,20170816,210142000,3588.0,8234,201478,295673780.0,3588.0,78,3587.0,22
rb1805,20170817,20170816,210142500,3588.0,8264,201490,296749980.0,3588.0,74,3587.0,8
rb1805,20170817,20170816,210143000,3587.0,8284,201488,297467380.0,3587.0,10,3586.0,38
rb1805,20170817,20170816,210143500,3587.0,8284,201488,297467380.0,3587.0,10,3586.0,44
rb1805,20170817,20170816,210144000,3587.0,8296,201488,297897820.0,3587.0,18,3586.0,41
rb1805,20170817,20170816,210144500,3587.0,8302,201488,298113020.0,3587.0,16,3586.0,46
rb1805,20170817,20170816,210145000,3588.0,8342,201468,299547900.0,3588.0,73,3587.0,10
rb1805,20170817,20170816,210145500,3588.0,8380,201462,300911340.0,3588.0,55,3587.0,4
rb1805,20170817,20170816,210146000,3587.0,8394,201458,301413560.0,3587.0,12,3586.0,44
rb1805,20170817,20170816,210146500,3587.0,8410,201444,301987480.0,3587.0,4,3586.0,31
rb1805,20170817,20170816,210147000,3587.0,8414,201442,302130960.0,3587.0,2,3586.0,33
rb1805,20170817,20170816,210147500,3586.0,8420,201438,302346160.0,3587.0,6,3586.0,32
rb1805,20170817,20170816,210148000,3587.0,8422,201438,302417900.0,3587.0,6,3586.0,35
rb1805,20170817,20170816,210148500,3587.0,8462,201428,303852320.0,3587.0,5,3586.0,16
rb1805,20170817,20170816,210149000,3586.0,8478,201414,304426200.0,3588.0,69,3586.0,15
rb1805,20170817,20170816,210149500,3588.0,8488,201404,304785000.0,3588.0,62,3587.0,1
rb1805,20170817,20170816,210150000,3588.0,8488,201404,304785000.0,3588.0,62,3587.0,36
rb1805,20170817,20170816,210150500,3587.0,8498,201404,305143700.0,3588.0,62,3587.0,32
rb1805,20170817,20170816,210151000,3587.0,8500,201404,305215440.0,3588.0,62,3587.0,35
rb1805,20170817,20170816,210151500,3587.0,8524,201380,306076320.0,3588.0,61,3587.0,24
rb1805,20170817,20170816,210152000,3587.0,8546,201380,306865480.0,3588.0,61,3587.0,19
rb1805,20170817,20170816,210152500,3587.0,8558,201370,307295920.0,3588.0,62,3587.0,21
rb1805,20170817,20170816,210153000,3588.0,8610,201334,309161240.0,3588.0,58,3586.0,24
rb1805,20170817,20170816,210153500,3588.0,8640,201334,310237640.0,3588.0,47,3587.0,1
rb1805,20170817,20170816,210154000,3587.0,8692,201290,312103360.0,3588.0,23,3587.0,1
rb1805,20170817,20170816,210154500,3587.0,8696,201290,312246840.0,3587.0,8,3586.0,25
rb1805,20170817,20170816,210155000,3587.0,8696,201290,312246840.0,3587.0,8,3586.0,28
rb1805,20170817,20170816,210155500,3587.0,8726,201284,313322940.0,3588.0,29,3587.0,7
rb1805,20170817,20170816,210156000,3587.0,8736,201290,313681680.0,3587.0,24,3586.0,29
rb1805,20170817,20170816,210156500,3587.0,8760,201274,314542560.0,3587.0,13,3586.0,32
rb1805,20170817,20170816,210157000,3587.0,8766,201270,314757780.0,3587.0,10,3586.0,32
rb1805,20170817,20170816,210157500,3587.0,8772,201266,314973000.0,3587.0,7,3586.0,25
rb1805,20170817,20170816,210158000,3587.0,8772,201266,314973000.0,3587.0,11,3586.0,25
rb1805,20170817,20170816,210158500,3586.0,8782,201266,315331600.0,3587.0,11,3586.0,20
rb1805,20170817,20170816,210159000,3587.0,8784,201266,315403340.0,3587.0,10,3586.0,18
rb1805,20170817,20170816,210159500,3586.0,8788,201264,315546780.0,3587.0,11,3586.0,17
rb1805,20170817,20170816,210200000,3586.0,8788,201264,315546780.0,3587.0,11,3586.0,16
rb1805,20170817,20170816,210200500,3586.0,8788,201264,315546780.0,3587.0,11,3586.0,15
rb1805,20170817,20170816,210201000,3586.0,8812,201270,316407640.0,3588.0,39,3586.0,15
rb1805,20170817,20170816,210201500,3588.0,8850,201258,317770400.0,3588.0,37,3586.0,5
rb1805,20170817,20170816,210202000,3587.0,8856,201252,317985620.0,3588.0,37,3587.0,10
rb1805,20170817,20170816,210202500,3587.0,8864,201254,318272640.0,3588.0,33,3587.0,10
rb1805,20170817,20170816,210203000,3587.0,8880,201242,318846580.0,3588.0,32,3587.0,3
rb1805,20170817,20170816,210203500,3587.0,8880,201242,318846580.0,3588.0,34,3587.0,3
rb1805,20170817,20170816,210204000,3587.0,8880,201242,318846580.0,3588.0,34,3587.0,9
rb1805,20170817,20170816,210204500,3588.0,8884,201242,318990100.0,3588.0,32,3587.0,9
rb1805,20170817,20170816,210205000,3586.0,8906,201240,319779240.0,3588.0,31,3587.0,1
rb1805,20170817,20170816,210205500,3588.0,8910,201240,319922760.0,3588.0,30,3587.0,1
rb1805,20170817,20170816,210206000,3588.0,8910,201240,319922760.0,3588.0,30,3587.0,1
rb1805,20170817,20170816,210206500,3588.0,8910,201240,319922760.0,3588.0,30,3587.0,1
rb1805,20170817,20170816,210207000,3588.0,8910,201240,319922760.0,3588.0,30,3587.0,2
rb1805,20170817,20170816,210207500,3587.0,8930,201250,320640140.0,3587.0,2,3586.0,14
rb1805,20170817,20170816,210208000,3588.0,8938,201250,320927140.0,3588.0,30,3587.0,2
rb1805,20170817,20170816,210208500,3588.0,8976,201246,322290580.0,3588.0,12,3587.0,9
rb1805,20170817,20170816,210209000,3587.0,9058,201224,325232440.0,3587.0,6,3586.0,19
rb1805,20170817,20170816,210209500,3588.0,9072,201224,325734640.0,3588.0,5,3587.0,14
rb1805,20170817,20170816,210210000,3587.0,9080,201216,326021620.0,3588.0,6,3587.0,8
rb1805,20170817,20170816,210210500,3588.0,9092,201216,326452180.0,3588.0,5,3587.0,9
rb1805,20170817,20170816,210211000,3588.0,9096,201216,326595700.0,3588.0,3,3587.0,9
rb1805,20170817,20170816,210211500,3587.0,9098,201216,326667440.0,3588.0,4,3587.0,8
rb1805,20170817,20170816,210212000,3588.0,9106,201216,326954480.0,3589.0,83,3588.0,1
rb1805,20170817,20170816,210212500,3587.0,9124,201216,327600160.0,3587.0,103,3586.0,16
rb1805,20170817,20170816,210213000,3587.0,9330,201216,334989380.0,3589.0,66,3588.0,1
rb1805,20170817,20170816,210213500,3587.0,9338,201214,335276360.0,3587.0,13,3586.0,14
rb1805,20170817,20170816,210214000,3587.0,9364,201208,336208980.0,3588.0,10,3587.0,3
rb1805,20170817,20170816,210214500,3589.0,9470,201114,340013120.0,3589.0,20,3588.0,11
rb1805,20170817,20170816,210215000,3588.0,9510,201074,341448320.0,3588.0,5,3587.0,7
rb1805,20170817,20170816,210215500,3588.0,9520,201074,341807120.0,3588.0,41,3587.0,4
rb1805,20170817,20170816,210216000,3587.0,9528,201070,342094080.0,3587.0,20,3586.0,11
rb1805,20170817,20170816,210216500,3587.0,9556,201070,343098440.0,3588.0,45,3587.0,23
rb1805,20170817,20170816,210217000,3587.0,9602,201088,344748460.0,3588.0,56,3586.0,9
rb1805,20170817,20170816,210217500,3587.0,9602,201088,344748460.0,3588.0,56,3586.0,12
rb1805,20170817,20170816,210218000,3587.0,9602,201088,344748460.0,3588.0,62,3586.0,25
rb1805,20170817,20170816,210218500,3587.0,9602,201088,344748460.0,3588.0,62,3587.0,19
rb1805,20170817,20170816,210219000,3588.0,9604,201090,344820220.0,3588.0,61,3587.0,15
rb1805,20170817,20170816,210219500,3588.0,9606,201092,344891980.0,3588.0,60,3587.0,15
rb1805,20170817,20170816,210220000,3588.0,9606,201092,344891980.0,3588.0,61,3587.0,15
rb1805,20170817,20170816,210220500,3588.0,9614,201092,345179020.0,3588.0,58,3587.0,15
rb1805,20170817,20170816,210221000,3588.0,9618,201092,345322540.0,3588.0,56,3587.0,15
rb1805,20170817,20170816,210221500,3587.0,9626,201096,345609520.0,3588.0,56,3587.0,12
rb1805,20170817,20170816,210222000,3587.0,9626,201096,345609520.0,3588.0,56,3587.0,12
rb1805,20170817,20170816,210222500,3587.0,9626,201096,345609520.0,3588.0,56,3587.0,12
rb1805,20170817,20170816,210223000,3588.0,9748,201172,349986780.0,3589.0,24,3588.0,44
rb1805,20170817,20170816,210223500,3589.0,9788,201206,351422020.0,3589.0,20,3588.0,26
rb1805,20170817,20170816,210224000,3588.0,9840,201206,353287780.0,3588.0,17,3587.0,4
rb1805,20170817,20170816,210224500,3588.0,9854,201206,353789980.0,3588.0,30,3587.0,2
rb1805,20170817,20170816,210225000,3588.0,9864,201204,354148740.0,3588.0,29,3587.0,1
rb1805,20170817,20170816,210225500,3588.0,9868,201202,354292240.0,3588.0,28,3586.0,27
rb1805,20170817,20170816,210226000,3588.0,9868,201202,354292240.0,3587.0,8,3586.0,32
rb1805,20170817,20170816,210226500,3588.0,9868,201202,354292240.0,3587.0,8,3586.0,32
rb1805,20170817,20170816,210227000,3588.0,9868,201202,354292240.0,3587.0,8,3586.0,37
rb1805,20170817,20170816,210227500,3586.0,9870,201204,354363960.0,3587.0,12,3586.0,36
rb1805,20170817,20170816,210228000,3587.0,9914,201206,355942240.0,3588.0,33,3587.0,34
rb1805,20170817,20170816,210228500,3587.0,9988,201270,358596600.0,3587.0,31,3586.0,30
rb1805,20170817,20170816,210229000,3587.0,9988,201270,358596600.0,3587.0,29,3586.0,33
rb1805,20170817,20170816,210229500,3587.0,10012,201270,359457420.0,3588.0,33,3587.0,3
rb1805,20170817,20170816,210230000,3587.0,10020,201270,359744380.0,3587.0,4,3586.0,27
rb1805,20170817,20170816,210230500,3587.0,10020,201270,359744380.0,3587.0,1,3586.0,30
rb1805,20170817,20170816,210231000,3587.0,10022,201270,359816120.0,3587.0,7,3586.0,30
rb1805,20170817,20170816,210231500,3587.0,10034,201270,360246560.0,3587.0,4,3586.0,30
rb1805,20170817,20170816,210232000,3587.0,10034,201270,360246560.0,3587.0,30,3586.0,30
rb1805,20170817,20170816,210232500,3587.0,10034,201270,360246560.0,3587.0,30,3586.0,31
rb1805,20170817,20170816,210233000,3587.0,10034,201270,360246560.0,3587.0,30,3586.0,31
rb1805,20170817,20170816,210233500,3586.0,10040,201276,360461720.0,3587.0,30,3586.0,33
rb1805,20170817,20170816,210234000,3586.0,10094,201314,362398300.0,3587.0,23,3586.0,13
rb1805,20170817,20170816,210234500,3586.0,10094,201314,362398300.0,3587.0,26,3586.0,13
rb1805,20170817,20170816,210235000,3586.0,10094,201314,362398300.0,3587.0,26,3586.0,13
rb1805,20170817,20170816,210235500,3586.0,10122,201304,363402380.0,3586.0,3,3585.0,28
rb1805,20170817,20170816,210236000,3586.0,10122,201304,363402380.0,3586.0,4,3585.0,25
rb1805,20170817,20170816,210236500,3586.0,10122,201304,363402380.0,3586.0,4,3585.0,26
rb1805,20170817,20170816,210237000,3586.0,10130,201304,363689260.0,3586.0,7,3585.0,26
rb1805,20170817,20170816,210237500,3586.0,10132,201306,363760980.0,3586.0,8,3585.0,26
rb1805,20170817,20170816,210238000,3586.0,10132,201306,363760980.0,3586.0,9,3585.0,26
rb1805,20170817,20170816,210238500,3586.0,10148,201316,364334740.0,3586.0,12,3585.0,25
rb1805,20170817,20170816,210239000,3586.0,10148,201316,364334740.0,3586.0,12,3585.0,26
rb1805,20170817,20170816,210239500,3586.0,10176,201312,365338780.0,3587.0,31,3585.0,23
rb1805,20170817,20170816,210240000,3585.0,10178,201312,365410480.0,3587.0,31,3585.0,34
rb1805,20170817,20170816,210240500,3585.0,10248,201284,367920020.0,3585.0,15,3584.0,17
rb1805,20170817,20170816,210241000,3585.0,10278,201254,368995520.0,3587.0,40,3586.0,45
rb1805,20170817,20170816,210241500,3586.0,10368,201280,372222920.0,3586.0,25,3585.0,23
rb1805,20170817,20170816,210242000,3586.0,10372,201278,372366340.0,3586.0,25,3585.0,19
rb1805,20170817,20170816,210242500,3586.0,10372,201278,372366340.0,3586.0,3,3585.0,19
rb1805,20170817,20170816,210243000,3585.0,10410,201244,373728640.0,3585.0,2,3584.0,25
rb1805,20170817,20170816,210243500,3585.0,10414,201248,373872040.0,3586.0,19,3584.0,28
rb1805,20170817,20170816,210244000,3584.0,10418,201248,374015420.0,3585.0,2,3584.0,21
rb1805,20170817,20170816,210244500,3585.0,10464,201248,375664100.0,3586.0,23,3584.0,3
rb1805,20170817,20170816,210245000,3585.0,10468,201250,375807480.0,3585.0,3,3584.0,3
rb1805,20170817,20170816,210245500,3584.0,10474,201254,376022540.0,3586.0,25,3584.0,4
rb1805,20170817,20170816,210246000,3584.0,10474,201254,376022540.0,3585.0,1,3584.0,1
rb1805,20170817,20170816,210246500,3584.0,10480,201252,376237580.0,3585.0,1,3583.0,9
rb1805,20170817,20170816,210247000,3584.0,10482,201252,376309260.0,3585.0,1,3584.0,8
rb1805,20170817,20170816,210247500,3584.0,10486,201254,376452620.0,3585.0,2,3584.0,4
rb1805,20170817,20170816,210248000,3584.0,10498,201262,376882700.0,3585.0,2,3584.0,7
rb1805,20170817,20170816,210248500,3585.0,10504,201260,377097800.0,3586.0,26,3584.0,7
rb1805,20170817,20170816,210249000,3584.0,10506,201260,377169480.0,3585.0,1,3584.0,7
rb1805,20170817,20170816,210249500,3583.0,10544,201242,378531160.0,3583.0,2,3582.0,7
rb1805,20170817,20170816,210250000,3583.0,10544,201242,378531160.0,3583.0,2,3582.0,19
rb1805,20170817,20170816,210250500,3582.0,10572,201234,379534200.0,3584.0,15,3582.0,8
rb1805,20170817,20170816,210251000,3582.0,10592,201234,380250640.0,3584.0,17,3583.0,1
rb1805,20170817,20170816,210251500,3583.0,10594,201232,380322300.0,3583.0,5,3582.0,1
rb1805,20170817,20170816,210252000,3582.0,10598,201232,380465580.0,3583.0,4,3582.0,2
rb1805,20170817,20170816,210252500,3581.0,10610,201238,380895300.0,3583.0,7,3581.0,55
rb1805,20170817,20170816,210253000,3581.0,10618,201238,381181800.0,3582.0,20,3581.0,57
rb1805,20170817,20170816,210253500,3582.0,10650,201238,382327940.0,3582.0,10,3581.0,52
rb1805,20170817,20170816,210254000,3582.0,10660,201236,382686140.0,3582.0,5,3581.0,52
rb1805,20170817,20170816,210254500,3581.0,10672,201240,383115880.0,3582.0,4,3581.0,50
rb1805,20170817,20170816,210255000,3581.0,10680,201244,383402380.0,3582.0,6,3581.0,45
rb1805,20170817,20170816,210255500,3581.0,10760,201316,386267180.0,3582.0,4,3581.0,5
rb1805,20170817,20170816,210256000,3581.0,10782,201316,387055100.0,3581.0,9,3580.0,61
rb1805,20170817,20170816,210256500,3581.0,10806,201318,387914460.0,3581.0,7,3580.0,61
rb1805,20170817,20170816,210257000,3581.0,10810,201320,388057700.0,3581.0,5,3580.0,64
rb1805,20170817,20170816,210257500,3580.0,10816,201324,388272520.0,3581.0,5,3580.0,62
rb1805,20170817,20170816,210258000,3581.0,10820,201326,388415740.0,3581.0,8,3580.0,58
rb1805,20170817,20170816,210258500,3580.0,10836,201340,388988560.0,3581.0,4,3580.0,51
rb1805,20170817,20170816,210259000,3580.0,10840,201344,389131780.0,3581.0,3,3580.0,50
rb1805,20170817,20170816,210259500,3580.0,10842,201344,389203380.0,3581.0,13,3580.0,51
rb1805,20170817,20170816,210300000,3580.0,10842,201344,389203380.0,3581.0,13,3580.0,50
rb1805,20170817,20170816,210300500,3580.0,10850,201350,389489820.0,3581.0,16,3580.0,53
rb1805,20170817,20170816,210301000,3580.0,10856,201350,389704640.0,3581.0,16,3580.0,56
rb1805,20170817,20170816,210301500,3581.0,10894,201356,391065080.0,3581.0,8,3580.0,50
rb1805,20170817,20170816,210302000,3580.0,10902,201362,391351480.0,3581.0,12,3580.0,46
rb1805,20170817,20170816,210302500,3580.0,10914,201364,391781100.0,3581.0,16,3580.0,90
rb1805,20170817,20170816,210303000,3580.0,10932,201372,392425520.0,3581.0,15,3580.0,83
rb1805,20170817,20170816,210303500,3581.0,10946,201386,392926760.0,3581.0,11,3580.0,84
rb1805,20170817,20170816,210304000,3580.0,10950,201388,393069980.0,3581.0,17,3580.0,85
rb1805,20170817,20170816,210304500,3581.0,10956,201392,393284820.0,3581.0,15,3580.0,84
rb1805,20170817,20170816,210305000,3581.0,10962,201394,393499680.0,3581.0,12,3580.0,84
rb1805,20170817,20170816,210305500,3580.0,10978,201394,394072480.0,3581.0,14,3580.0,77
rb1805,20170817,20170816,210306000,3580.0,11168,201472,400874080.0,3580.0,19,3577.0,5
rb1805,20170817,20170816,210306500,3580.0,11180,201476,401303680.0,3579.0,7,3578.0,1
rb1805,20170817,20170816,210307000,3580.0,11184,201474,401446880.0,3579.0,7,3578.0,3
rb1805,20170817,20170816,210307500,3579.0,11190,201474,401661640.0,3580.0,35,3578.0,6
rb1805,20170817,20170816,210308000,3580.0,11192,201474,401733240.0,3580.0,17,3578.0,19
rb1805,20170817,20170816,210308500,3579.0,11198,201476,401948000.0,3580.0,21,3579.0,5
rb1805,20170817,20170816,210309000,3580.0,11242,201506,403523200.0,3581.0,11,3579.0,5
rb1805,20170817,20170816,210309500,3580.0,11242,201506,403523200.0,3581.0,11,3580.0,2
rb1805,20170817,20170816,210310000,3580.0,11244,201508,403594800.0,3581.0,5,3580.0,1
rb1805,20170817,20170816,210310500,3580.0,11248,201510,403738000.0,3580.0,1,3579.0,20
rb1805,20170817,20170816,210311000,3580.0,11254,201514,403952820.0,3581.0,4,3580.0,12
rb1805,20170817,20170816,210311500,3581.0,11264,201522,404310920.0,3582.0,25,3581.0,3
rb1805,20170817,20170816,210312000,3581.0,11268,201522,404454160.0,3581.0,4,3580.0,14
rb1805,20170817,20170816,210312500,3581.0,11280,201528,404883880.0,3582.0,26,3581.0,6
rb1805,20170817,20170816,210313000,3581.0,11286,201528,405098740.0,3582.0,26,3581.0,1
rb1805,20170817,20170816,210313500,3582.0,11292,201530,405313640.0,3582.0,24,3580.0,22
rb1805,20170817,20170816,210314000,3580.0,11312,201524,406029640.0,3582.0,24,3581.0,4
rb1805,20170817,20170816,210314500,3582.0,11360,201530,407748380.0,3582.0,40,3581.0,10
rb1805,20170817,20170816,210315000,3580.0,11404,201510,409323780.0,3581.0,17,3579.0,6
rb1805,20170817,20170816,210315500,3580.0,11404,201510,409323780.0,3581.0,7,3579.0,9
rb1805,20170817,20170816,210316000,3581.0,11410,201506,409538640.0,3581.0,4,3580.0,3
rb1805,20170817,20170816,210316500,3580.0,11416,201508,409753440.0,3580.0,1,3579.0,6
rb1805,20170817,20170816,210317000,3580.0,11418,201508,409825040.0,3581.0,5,3580.0,2
rb1805,20170817,20170816,210317500,3581.0,11424,201508,410039900.0,3581.0,5,3580.0,2
rb1805,20170817,20170816,210318000,3581.0,11424,201508,410039900.0,3581.0,5,3580.0,2
rb1805,20170817,20170816,210318500,3581.0,11424,201508,410039900.0,3581.0,6,3580.0,2
rb1805,20170817,20170816,210319000,3580.0,11432,201514,410326300.0,3580.0,11,3579.0,6
rb1805,20170817,20170816,210319500,3580.0,11434,201516,410397900.0,3580.0,1,3579.0,8
rb1805,20170817,20170816,210320000,3580.0,11434,201516,410397900.0,3580.0,4,3579.0,9
rb1805,20170817,20170816,210320500,3580.0,11440,201518,410612700.0,3580.0,1,3579.0,12
rb1805,20170817,20170816,210321000,3580.0,11442,201518,410684300.0,3581.0,6,3579.0,12
rb1805,20170817,20170816,210321500,3579.0,11466,201516,411543260.0,3580.0,9,3578.0,25
rb1805,20170817,20170816,210322000,3579.0,11466,201516,411543260.0,3581.0,32,3578.0,26
rb1805,20170817,20170816,210322500,3579.0,11466,201516,411543260.0,3579.0,11,3578.0,31
rb1805,20170817,20170816,210323000,3579.0,11488,201516,412330640.0,3580.0,2,3579.0,8
rb1805,20170817,20170816,210323500,3580.0,11490,201514,412402240.0,3580.0,2,3579.0,6
rb1805,20170817,20170816,210324000,3581.0,11500,201518,412760300.0,3581.0,27,3579.0,20
rb1805,20170817,20170816,210324500,3580.0,11518,201520,413404540.0,3580.0,7,3579.0,12
rb1805,20170817,20170816,210325000,3580.0,11536,201520,414048960.0,3581.0,13,3580.0,1
rb1805,20170817,20170816,210325500,3579.0,11578,201552,415552160.0,3579.0,4,3578.0,28
rb1805,20170817,20170816,210326000,3579.0,11586,201560,415838480.0,3581.0,20,3579.0,26
rb1805,20170817,20170816,210326500,3578.0,11642,201522,417842680.0,3581.0,24,3580.0,2
rb1805,20170817,20170816,210327000,3577.0,11700,201492,419917900.0,3580.0,29,3577.0,8
rb1805,20170817,20170816,210327500,3579.0,11712,201488,420347340.0,3579.0,14,3577.0,11
rb1805,20170817,20170816,210328000,3579.0,11720,201488,420633540.0,3579.0,8,3577.0,11
rb1805,20170817,20170816,210328500,3579.0,11722,201488,420705120.0,3579.0,7,3577.0,11
rb1805,20170817,20170816,210329000,3577.0,11754,201518,421849760.0,3577.0,4,3576.0,21
rb1805,20170817,20170816,210329500,3577.0,11762,201518,422135920.0,3579.0,9,3578.0,1
rb1805,20170817,20170816,210330000,3578.0,11766,201520,422279040.0,3579.0,6,3578.0,1
rb1805,20170817,20170816,210330500,3578.0,11768,201520,422350600.0,3578.0,11,3577.0,22
rb1805,20170817,20170816,210331000,3578.0,11768,201520,422350600.0,3578.0,7,3577.0,39
rb1805,20170817,20170816,210331500,3577.0,11770,201520,422422140.0,3579.0,29,3577.0,38
rb1805,20170817,20170816,210332000,3577.0,11772,201522,422493680.0,3579.0,29,3577.0,38
rb1805,20170817,20170816,210332500,3579.0,11774,201520,422565260.0,3579.0,28,3577.0,39
rb1805,20170817,20170816,210333000,3579.0,11854,201548,425426900.0,3579.0,27,3577.0,1
rb1805,20170817,20170816,210333500,3576.0,11900,201582,427071880.0,3578.0,3,3577.0,2
rb1805,20170817,20170816,210334000,3576.0,11950,201580,428860260.0,3576.0,34,3575.0,14
rb1805,20170817,20170816,210334500,3576.0,11956,201578,429074820.0,3576.0,62,3575.0,14
rb1805,20170817,20170816,210335000,3575.0,11990,201594,430290320.0,3575.0,38,3574.0,52
rb1805,20170817,20170816,210335500,3574.0,12122,201608,435008400.0,3575.0,27,3574.0,6
rb1805,20170817,20170816,210336000,3574.0,12318,201602,442011700.0,3574.0,46,3572.0,21
rb1805,20170817,20170816,210336500,3572.0,12338,201596,442726140.0,3573.0,1,3572.0,13
rb1805,20170817,20170816,210337000,3572.0,12414,201576,445440840.0,3572.0,1,3571.0,15
rb1805,20170817,20170816,210337500,3572.0,12442,201572,446441000.0,3573.0,1,3572.0,8
rb1805,20170817,20170816,210338000,3572.0,12464,201576,447227000.0,3573.0,2,3572.0,5
rb1805,20170817,20170816,210338500,3574.0,12472,201584,447512880.0,3574.0,12,3573.0,1
rb1805,20170817,20170816,210339000,3574.0,12478,201586,447727300.0,3574.0,10,3572.0,13
rb1805,20170817,20170816,210339500,3572.0,12516,201600,449084740.0,3572.0,21,3571.0,15
rb1805,20170817,20170816,210340000,3572.0,12522,201602,449299060.0,3572.0,25,3571.0,16
rb1805,20170817,20170816,210340500,3573.0,12578,201638,451299420.0,3573.0,2,3572.0,16
rb1805,20170817,20170816,210341000,3574.0,12608,201660,452371360.0,3574.0,16,3573.0,10
rb1805,20170817,20170816,210341500,3573.0,12650,201684,453872240.0,3574.0,5,3573.0,3
rb1805,20170817,20170816,210342000,3573.0,12658,201678,454158080.0,3573.0,9,3572.0,28
rb1805,20170817,20170816,210342500,3572.0,12674,201674,454729720.0,3573.0,3,3572.0,36
rb1805,20170817,20170816,210343000,3573.0,12678,201674,454872640.0,3573.0,1,3572.0,36
rb1805,20170817,20170816,210343500,3574.0,12682,201674,455015580.0,3574.0,2,3573.0,4
rb1805,20170817,20170816,210344000,3574.0,12692,201672,455373020.0,3575.0,12,3573.0,41
rb1805,20170817,20170816,210344500,3574.0,12692,201672,455373020.0,3574.0,11,3573.0,41
rb1805,20170817,20170816,210345000,3574.0,12702,201682,455730480.0,3575.0,14,3574.0,2
rb1805,20170817,20170816,210345500,3575.0,12712,201680,456087980.0,3575.0,11,3574.0,2
rb1805,20170817,20170816,210346000,3575.0,12724,201680,456516820.0,3575.0,10,3573.0,44
rb1805,20170817,20170816,210346500,3574.0,12732,201678,456802780.0,3575.0,8,3574.0,5
rb1805,20170817,20170816,210347000,3575.0,12736,201678,456945780.0,3575.0,6,3574.0,12
rb1805,20170817,20170816,210347500,3574.0,12832,201612,460377420.0,3574.0,22,3573.0,61
rb1805,20170817,20170816,210348000,3574.0,12878,201594,462021460.0,3576.0,9,3575.0,5
rb1805,20170817,20170816,210348500,3575.0,12886,201596,462307520.0,3576.0,6,3575.0,4
rb1805,20170817,20170816,210349000,3576.0,12898,201606,462736640.0,3577.0,21,3575.0,5
rb1805,20170817,20170816,210349500,3575.0,12914,201612,463308640.0,3577.0,21,3575.0,2
rb1805,20170817,20170816,210350000,3575.0,12922,201608,463594700.0,3577.0,28,3575.0,26
rb1805,20170817,20170816,210350500,3575.0,12936,201608,464095440.0,3577.0,14,3575.0,25
rb1805,20170817,20170816,210351000,3575.0,12944,201602,464381480.0,3577.0,16,3575.0,22
rb1805,20170817,20170816,210351500,3577.0,12948,201600,464524520.0,3577.0,15,3575.0,21
rb1805,20170817,20170816,210352000,3577.0,12948,201600,464524520.0,3577.0,12,3576.0,1
rb1805,20170817,20170816,210352500,3577.0,12950,201598,464596060.0,3577.0,11,3576.0,3
rb1805,20170817,20170816,210353000,3577.0,12950,201598,464596060.0,3577.0,11,3576.0,4
rb1805,20170817,20170816,210353500,3576.0,12952,201598,464667580.0,3577.0,11,3576.0,4
rb1805,20170817,20170816,210354000,3577.0,12956,201596,464810660.0,3577.0,9,3576.0,4
rb1805,20170817,20170816,210354500,3577.0,12958,201596,464882200.0,3577.0,8,3576.0,4
rb1805,20170817,20170816,210355000,3577.0,12958,201596,464882200.0,3577.0,10,3576.0,4
rb1805,20170817,20170816,210355500,3575.0,12968,201592,465239780.0,3576.0,28,3575.0,30
rb1805,20170817,20170816,210356000,3575.0,12968,201592,465239780.0,3576.0,28,3575.0,25
rb1805,20170817,20170816,210356500,3576.0,12992,201572,466098020.0,3576.0,16,3575.0,28
rb1805,20170817,20170816,210357000,3576.0,12994,201572,466169540.0,3576.0,15,3575.0,30
rb1805,20170817,20170816,210357500,3575.0,12998,201572,466312560.0,3576.0,14,3575.0,29
rb1805,20170817,20170816,210358000,3576.0,13072,201598,468958360.0,3577.0,15,3575.0,57
rb1805,20170817,20170816,210358500,3576.0,13084,201608,469387460.0,3576.0,13,3575.0,56
rb1805,20170817,20170816,210359000,3575.0,13196,201608,473391460.0,3576.0,13,3575.0,1
rb1805,20170817,20170816,210359500,3576.0,13236,201604,474821820.0,3576.0,1,3574.0,30
rb1805,20170817,20170816,210400000,3577.0,13238,201604,474893360.0,3577.0,25,3575.0,9
rb1805,20170817,20170816,210400500,3576.0,13240,201606,474964880.0,3577.0,25,3575.0,18
rb1805,20170817,20170816,210401000,3577.0,13242,201606,475036420.0,3577.0,24,3576.0,1
rb1805,20170817,20170816,210401500,3576.0,13246,201608,475179460.0,3576.0,2,3575.0,20
rb1805,20170817,20170816,210402000,3575.0,13248,201608,475250960.0,3576.0,1,3575.0,23
rb1805,20170817,20170816,210402500,3575.0,13248,201608,475250960.0,3576.0,8,3575.0,24
rb1805,20170817,20170816,210403000,3575.0,13248,201608,475250960.0,3576.0,7,3575.0,27
rb1805,20170817,20170816,210403500,3575.0,13266,201608,475894480.0,3576.0,6,3575.0,19
rb1805,20170817,20170816,210404000,3575.0,13266,201608,475894480.0,3576.0,6,3575.0,29
rb1805,20170817,20170816,210404500,3576.0,13284,201598,476538120.0,3577.0,24,3576.0,5
rb1805,20170817,20170816,210405000,3575.0,13352,201586,478969780.0,3576.0,1,3575.0,34
rb1805,20170817,20170816,210405500,3575.0,13354,201586,479041280.0,3576.0,4,3575.0,26
rb1805,20170817,20170816,210406000,3575.0,13354,201586,479041280.0,3576.0,6,3575.0,30
rb1805,20170817,20170816,210406500,3575.0,13354,201586,479041280.0,3576.0,6,3575.0,31
rb1805,20170817,20170816,210407000,3576.0,13366,201582,479470400.0,3577.0,28,3576.0,2
rb1805,20170817,20170816,210407500,3576.0,13370,201582,479613440.0,3576.0,3,3575.0,33
rb1805,20170817,20170816,210408000,3576.0,13370,201582,479613440.0,3576.0,7,3575.0,33
rb1805,20170817,20170816,210408500,3576.0,13370,201582,479613440.0,3576.0,7,3575.0,33
rb1805,20170817,20170816,210409000,3576.0,13400,201590,480686240.0,3576.0,22,3575.0,34
rb1805,20170817,20170816,210409500,3576.0,13414,201590,481186880.0,3576.0,15,3575.0,36
rb1805,20170817,20170816,210410000,3578.0,13532,201528,485407700.0,3578.0,1,3576.0,55
rb1805,20170817,20170816,210410500,3576.0,13534,201530,485479220.0,3577.0,10,3576.0,51
rb1805,20170817,20170816,210411000,3576.0,13566,201530,486623800.0,3578.0,1,3576.0,50
rb1805,20170817,20170816,210411500,3576.0,13568,201532,486695320.0,3578.0,1,3577.0,6
rb1805,20170817,20170816,210412000,3578.0,13570,201532,486766880.0,3579.0,5,3578.0,1
rb1805,20170817,20170816,210412500,3578.0,13572,201532,486838440.0,3578.0,1,3577.0,6
rb1805,20170817,20170816,210413000,3578.0,13574,201530,486910000.0,3579.0,5,3577.0,6
rb1805,20170817,20170816,210413500,3578.0,13576,201530,486981560.0,3579.0,5,3577.0,25
rb1805,20170817,20170816,210414000,3578.0,13576,201530,486981560.0,3578.0,1,3577.0,41
rb1805,20170817,20170816,210414500,3578.0,13578,201528,487053120.0,3579.0,5,3578.0,3
rb1805,20170817,20170816,210415000,3578.0,13598,201532,487768720.0,3579.0,5,3577.0,21
rb1805,20170817,20170816,210415500,3579.0,13604,201530,487983460.0,3579.0,2,3578.0,2
rb1805,20170817,20170816,210416000,3579.0,13608,201526,488126620.0,3580.0,39,3579.0,1
rb1805,20170817,20170816,210416500,3579.0,13622,201534,488627660.0,3579.0,3,3578.0,9
rb1805,20170817,20170816,210417000,3579.0,13628,201528,488842400.0,3580.0,44,3579.0,2
rb1805,20170817,20170816,210417500,3578.0,13634,201532,489057120.0,3580.0,44,3578.0,10
rb1805,20170817,20170816,210418000,3579.0,13638,201534,489200260.0,3579.0,1,3578.0,14
rb1805,20170817,20170816,210418500,3579.0,13640,201536,489271840.0,3580.0,44,3579.0,4
rb1805,20170817,20170816,210419000,3580.0,13762,201518,493639060.0,3581.0,24,3580.0,2
rb1805,20170817,20170816,210419500,3581.0,13766,201514,493782280.0,3581.0,26,3580.0,1
rb1805,20170817,20170816,210420000,3580.0,13782,201512,494355080.0,3580.0,12,3578.0,42
rb1805,20170817,20170816,210420500,3580.0,13808,201492,495285880.0,3581.0,23,3580.0,22
rb1805,20170817,20170816,210421000,3580.0,13856,201498,497004740.0,3581.0,4,3580.0,21
rb1805,20170817,20170816,210421500,3581.0,13860,201494,497147980.0,3581.0,2,3580.0,23
rb1805,20170817,20170816,210422000,3581.0,13860,201494,497147980.0,3581.0,2,3580.0,28
rb1805,20170817,20170816,210422500,3581.0,13862,201494,497219600.0,3581.0,3,3580.0,28
rb1805,20170817,20170816,210423000,3581.0,13868,201490,497434440.0,3581.0,1,3580.0,27
rb1805,20170817,20170816,210423500,3581.0,13870,201490,497506060.0,3581.0,102,3580.0,25
rb1805,20170817,20170816,210424000,3581.0,13872,201490,497577680.0,3581.0,101,3580.0,26
rb1805,20170817,20170816,210424500,3580.0,13874,201490,497649280.0,3581.0,104,3580.0,25
rb1805,20170817,20170816,210425000,3580.0,13876,201492,497720880.0,3581.0,109,3580.0,27
rb1805,20170817,20170816,210425500,3580.0,13882,201490,497935720.0,3581.0,108,3580.0,26
rb1805,20170817,20170816,210426000,3581.0,14100,201282,505742300.0,3582.0,36,3581.0,95
rb1805,20170817,20170816,210426500,3582.0,14116,201292,506315420.0,3582.0,28,3581.0,99
rb1805,20170817,20170816,210427000,3581.0,14132,201286,506888480.0,3582.0,23,3581.0,98
rb1805,20170817,20170816,210427500,3581.0,14140,201284,507174980.0,3582.0,22,3581.0,95
rb1805,20170817,20170816,210428000,3581.0,14140,201284,507174980.0,3582.0,22,3581.0,96
rb1805,20170817,20170816,210428500,3581.0,14142,201284,507246600.0,3582.0,22,3581.0,95
rb1805,20170817,20170816,210429000,3582.0,14162,201298,507963000.0,3582.0,12,3581.0,95
rb1805,20170817,20170816,210429500,3582.0,14186,201318,508822680.0,3583.0,7,3582.0,8
rb1805,20170817,20170816,210430000,3582.0,14212,201316,509753980.0,3582.0,8,3581.0,95
rb1805,20170817,20170816,210430500,3582.0,14226,201314,510255380.0,3582.0,39,3581.0,91
rb1805,20170817,20170816,210431000,3582.0,14412,201322,516916080.0,3582.0,57,3580.0,24
rb1805,20170817,20170816,210431500,3582.0,14414,201322,516987720.0,3582.0,106,3580.0,17
rb1805,20170817,20170816,210432000,3582.0,14418,201320,517131000.0,3582.0,104,3580.0,17
rb1805,20170817,20170816,210432500,3582.0,14418,201320,517131000.0,3581.0,11,3580.0,17
rb1805,20170817,20170816,210433000,3581.0,14440,201338,517918820.0,3582.0,112,3581.0,11
rb1805,20170817,20170816,210433500,3581.0,14440,201338,517918820.0,3582.0,107,3581.0,11
rb1805,20170817,20170816,210434000,3582.0,14456,201322,518491940.0,3582.0,98,3581.0,22
rb1805,20170817,20170816,210434500,3581.0,14460,201326,518635180.0,3582.0,99,3581.0,18
rb1805,20170817,20170816,210435000,3582.0,14482,201326,519423220.0,3582.0,88,3581.0,18
rb1805,20170817,20170816,210435500,3582.0,14482,201326,519423220.0,3582.0,89,3581.0,18
rb1805,20170817,20170816,210436000,3582.0,14486,201326,519566500.0,3582.0,87,3581.0,19
rb1805,20170817,20170816,210436500,3582.0,14488,201326,519638140.0,3582.0,86,3581.0,19
rb1805,20170817,20170816,210437000,3581.0,14492,201326,519781380.0,3582.0,86,3581.0,18
rb1805,20170817,20170816,210437500,3581.0,14492,201326,519781380.0,3582.0,86,3581.0,19
rb1805,20170817,20170816,210438000,3582.0,14570,201294,522575080.0,3582.0,60,3580.0,17
rb1805,20170817,20170816,210438500,3582.0,14570,201294,522575080.0,3582.0,60,3580.0,17
rb1805,20170817,20170816,210439000,3582.0,14570,201294,522575080.0,3582.0,66,3581.0,5
rb1805,20170817,20170816,210439500,3582.0,14570,201294,522575080.0,3582.0,67,3581.0,5
rb1805,20170817,20170816,210440000,3581.0,14572,201294,522646700.0,3582.0,67,3581.0,4
rb1805,20170817,20170816,210440500,3581.0,14574,201292,522718320.0,3582.0,68,3581.0,3
rb1805,20170817,20170816,210441500,3581.0,14580,201286,522933180.0,3581.0,2,3580.0,16
rb1805,20170817,20170816,210442000,3582.0,14582,201286,523004820.0,3582.0,64,3580.0,16
rb1805,20170817,20170816,210442500,3582.0,14584,201286,523076460.0,3581.0,1,3580.0,19
rb1805,20170817,20170816,210443000,3581.0,14586,201284,523148080.0,3582.0,63,3580.0,19
rb1805,20170817,20170816,210443500,3581.0,14588,201284,523219700.0,3582.0,66,3580.0,19
rb1805,20170817,20170816,210444000,3582.0,14590,201282,523291340.0,3582.0,65,3581.0,2
rb1805,20170817,20170816,210444500,3582.0,14590,201282,523291340.0,3582.0,64,3581.0,2
rb1805,20170817,20170816,210445000,3581.0,14592,201282,523362960.0,3582.0,63,3581.0,1
rb1805,20170817,20170816,210445500,3581.0,14596,201282,523506220.0,3582.0,62,3581.0,1
rb1805,20170817,20170816,210446000,3581.0,14596,201282,523506220.0,3582.0,62,3581.0,1
rb1805,20170817,20170816,210446500,3582.0,14598,201282,523577860.0,3582.0,61,3581.0,1
rb1805,20170817,20170816,210447000,3582.0,14598,201282,523577860.0,3582.0,63,3581.0,1
rb1805,20170817,20170816,210447500,3581.0,14600,201284,523649480.0,3582.0,64,3581.0,1
rb1805,20170817,20170816,210448000,3581.0,14606,201286,523864340.0,3581.0,2,3580.0,31
rb1805,20170817,20170816,210448500,3582.0,14612,201286,524079240.0,3582.0,59,3580.0,33
rb1805,20170817,20170816,210449000,3582.0,14612,201286,524079240.0,3582.0,61,3581.0,20
rb1805,20170817,20170816,210449500,3581.0,14616,201286,524222480.0,3582.0,61,3581.0,18
rb1805,20170817,20170816,210450000,3582.0,14620,201286,524365760.0,3582.0,59,3581.0,18
rb1805,20170817,20170816,210450500,3582.0,14620,201286,524365760.0,3582.0,61,3581.0,18
rb1805,20170817,20170816,210451000,3582.0,14620,201286,524365760.0,3582.0,81,3581.0,18
rb1805,20170817,20170816,210451500,3582.0,14642,201266,525153800.0,3582.0,71,3581.0,18
rb1805,20170817,20170816,210452000,3582.0,14642,201266,525153800.0,3582.0,72,3581.0,18
rb1805,20170817,20170816,210453000,3582.0,14642,201266,525153800.0,3582.0,72,3581.0,18
rb1805,20170817,20170816,210453500,3582.0,14646,201262,525297080.0,3582.0,72,3581.0,38
rb1805,20170817,20170816,210454000,3581.0,14768,201242,529666560.0,3581.0,90,3580.0,34
rb1805,20170817,20170816,210454500,3581.0,14802,201236,530884100.0,3581.0,73,3580.0,38
rb1805,20170817,20170816,210455000,3581.0,14894,201224,534178620.0,3581.0,27,3580.0,37
rb1805,20170817,20170816,210455500,3581.0,14898,201220,534321860.0,3581.0,25,3580.0,37
rb1805,20170817,20170816,210456000,3581.0,14948,201170,536112360.0,3582.0,41,3581.0,2
rb1805,20170817,20170816,210456500,3582.0,14952,201174,536255640.0,3582.0,40,3581.0,2
rb1805,20170817,20170816,210457000,3581.0,14958,201174,536470500.0,3581.0,14,3580.0,34
rb1805,20170817,20170816,210457500,3581.0,14970,201174,536900220.0,3581.0,6,3580.0,34
rb1805,20170817,20170816,210458000,3581.0,14976,201170,537115080.0,3581.0,1,3580.0,34
rb1805,20170817,20170816,210458500,3580.0,15006,201198,538189460.0,3582.0,30,3581.0,5
rb1805,20170817,20170816,210459000,3581.0,15022,201206,538762420.0,3581.0,12,3580.0,30
rb1805,20170817,20170816,210459500,3581.0,15046,201192,539621860.0,3582.0,30,3581.0,23
rb1805,20170817,20170816,210500000,3581.0,15052,201192,539836720.0,3582.0,30,3581.0,9
rb1805,20170817,20170816,210500500,3581.0,15052,201192,539836720.0,3582.0,30,3581.0,20
rb1805,20170817,20170816,210501000,3582.0,15102,201204,541627720.0,3582.0,5,3581.0,21
rb1805,20170817,20170816,210501500,3582.0,15114,201210,542057560.0,3583.0,17,3582.0,3
rb1805,20170817,20170816,210502000,3582.0,15118,201210,542200840.0,3583.0,17,3582.0,9
rb1805,20170817,20170816,210502500,3582.0,15144,201212,543132240.0,3582.0,11,3581.0,22
rb1805,20170817,20170816,210503000,3582.0,15166,201210,543920280.0,3583.0,12,3581.0,34
rb1805,20170817,20170816,210503500,3583.0,15208,201186,545425300.0,3585.0,44,3582.0,10
rb1805,20170817,20170816,210504000,3585.0,15284,201118,548149900.0,3585.0,9,3582.0,22
rb1805,20170817,20170816,210504500,3585.0,15304,201110,548866900.0,3586.0,9,3585.0,5
rb1805,20170817,20170816,210505000,3585.0,15322,201108,549512200.0,3585.0,1,3583.0,3
rb1805,20170817,20170816,210505500,3585.0,15324,201106,549583900.0,3586.0,14,3583.0,17
rb1805,20170817,20170816,210506000,3586.0,15328,201108,549727280.0,3586.0,13,3585.0,1
rb1805,20170817,20170816,210506500,3585.0,15364,201116,551017860.0,3585.0,6,3583.0,27
rb1805,20170817,20170816,210507000,3583.0,15378,201126,551519720.0,3586.0,14,3585.0,1
rb1805,20170817,20170816,210507500,3586.0,15388,201132,551878320.0,3586.0,5,3585.0,1
rb1805,20170817,20170816,210508000,3586.0,15400,201138,552308600.0,3585.0,1,3584.0,3
rb1805,20170817,20170816,210508500,3586.0,15408,201136,552595460.0,3586.0,1,3585.0,7
rb1805,20170817,20170816,210509000,3586.0,15414,201136,552810620.0,3587.0,11,3586.0,1
rb1805,20170817,20170816,210509500,3587.0,15430,201144,553384520.0,3587.0,6,3585.0,7
rb1805,20170817,20170816,210510000,3586.0,15436,201144,553599720.0,3587.0,2,3586.0,1
rb1805,20170817,20170816,210510500,3588.0,15456,201150,554317000.0,3588.0,115,3587.0,6
rb1805,20170817,20170816,210511000,3588.0,15540,201102,557330240.0,3588.0,107,3585.0,4
rb1805,20170817,20170816,210511500,3588.0,15556,201090,557904320.0,3588.0,101,3585.0,23
rb1805,20170817,20170816,210512000,3588.0,15570,201092,558406640.0,3586.0,12,3585.0,31
rb1805,20170817,20170816,210512500,3588.0,15610,201098,559841160.0,3588.0,96,3586.0,5
rb1805,20170817,20170816,210513000,3588.0,15620,201090,560199960.0,3587.0,1,3586.0,1
rb1805,20170817,20170816,210513500,3587.0,15632,201080,560630360.0,3588.0,99,3585.0,8
rb1805,20170817,20170816,210514000,3587.0,15636,201084,560773840.0,3587.0,5,3585.0,5
rb1805,20170817,20170816,210514500,3586.0,15638,201084,560845560.0,3587.0,9,3586.0,2
rb1805,20170817,20170816,210515000,3587.0,15648,201088,561204220.0,3587.0,6,3585.0,27
rb1805,20170817,20170816,210515500,3585.0,15678,201074,562279720.0,3586.0,6,3585.0,12
rb1805,20170817,20170816,210516000,3586.0,15680,201074,562351440.0,3586.0,6,3585.0,12
rb1805,20170817,20170816,210516500,3586.0,15682,201074,562423160.0,3586.0,5,3585.0,12
rb1805,20170817,20170816,210517000,3586.0,15694,201068,562853480.0,3587.0,18,3586.0,1
rb1805,20170817,20170816,210517500,3587.0,15744,201036,564646860.0,3587.0,5,3586.0,2
rb1805,20170817,20170816,210518000,3586.0,15756,201026,565077280.0,3587.0,1,3586.0,6
rb1805,20170817,20170816,210518500,3586.0,15758,201026,565149000.0,3587.0,2,3586.0,8
rb1805,20170817,20170816,210519000,3586.0,15774,201016,565722760.0,3587.0,2,3586.0,8
rb1805,20170817,20170816,210519500,3586.0,15790,201016,566296520.0,3586.0,1,3585.0,31
rb1805,20170817,20170816,210520000,3586.0,15794,201018,566439960.0,3586.0,1,3585.0,26
rb1805,20170817,20170816,210520500,3586.0,15800,201020,566655100.0,3586.0,7,3585.0,24
rb1805,20170817,20170816,210521000,3586.0,15854,201026,568591040.0,3586.0,10,3584.0,7
rb1805,20170817,20170816,210521500,3586.0,15856,201026,568662760.0,3585.0,7,3584.0,2
rb1805,20170817,20170816,210522000,3585.0,15862,201024,568877820.0,3585.0,7,3583.0,14
rb1805,20170817,20170816,210522500,3585.0,15862,201024,568877820.0,3585.0,7,3583.0,15
rb1805,20170817,20170816,210523000,3585.0,15872,201024,569236320.0,3585.0,2,3583.0,20
rb1805,20170817,20170816,210523500,3585.0,15876,201022,569379720.0,3586.0,14,3583.0,14
rb1805,20170817,20170816,210524000,3584.0,15880,201022,569523080.0,3586.0,10,3584.0,7
rb1805,20170817,20170816,210524500,3586.0,15886,201022,569738240.0,3586.0,7,3584.0,11
rb1805,20170817,20170816,210525000,3586.0,15886,201022,569738240.0,3586.0,5,3584.0,11
rb1805,20170817,20170816,210525500,3585.0,15898,201016,570168540.0,3587.0,18,3585.0,3
rb1805,20170817,20170816,210526000,3586.0,15904,201016,570383700.0,3587.0,18,3586.0,8
rb1805,20170817,20170816,210526500,3586.0,15920,201030,570957460.0,3586.0,31,3585.0,6
rb1805,20170817,20170816,210527000,3586.0,15920,201030,570957460.0,3586.0,30,3585.0,6
rb1805,20170817,20170816,210527500,3586.0,15920,201030,570957460.0,3586.0,22,3585.0,6
rb1805,20170817,20170816,210528000,3585.0,15932,201032,571387660.0,3585.0,21,3584.0,19
rb1805,20170817,20170816,210528500,3585.0,15932,201032,571387660.0,3585.0,7,3584.0,13
rb1805,20170817,20170816,210529000,3585.0,15932,201032,571387660.0,3585.0,2,3584.0,15
rb1805,20170817,20170816,210529500,3584.0,16004,201078,573968240.0,3584.0,16,3583.0,15
rb1805,20170817,20170816,210530000,3584.0,16004,201078,573968240.0,3584.0,16,3583.0,16
rb1805,20170817,20170816,210530500,3584.0,16014,201078,574326640.0,3584.0,11,3583.0,22
rb1805,20170817,20170816,210531000,3584.0,16036,201078,575115120.0,3584.0,1,3583.0,22
rb1805,20170817,20170816,210531500,3585.0,16060,201080,575975500.0,3585.0,1,3584.0,7
rb1805,20170817,20170816,210532000,3585.0,16064,201078,576118880.0,3586.0,31,3585.0,9
rb1805,20170817,20170816,210532500,3585.0,16074,201080,576477380.0,3586.0,31,3585.0,4
rb1805,20170817,20170816,210533000,3585.0,16082,201088,576764180.0,3585.0,31,3584.0,2
rb1805,20170817,20170816,210533500,3584.0,16088,201086,576979220.0,3585.0,11,3583.0,22
rb1805,20170817,20170816,210534000,3584.0,16088,201086,576979220.0,3585.0,19,3584.0,4
rb1805,20170817,20170816,210534500,3585.0,16090,201086,577050920.0,3585.0,19,3584.0,4
rb1805,20170817,20170816,210535000,3585.0,16090,201086,577050920.0,3585.0,19,3584.0,4
rb1805,20170817,20170816,210535500,3585.0,16090,201086,577050920.0,3585.0,10,3584.0,6
rb1805,20170817,20170816,210536000,3585.0,16098,201088,577337660.0,3585.0,9,3584.0,3
rb1805,20170817,20170816,210536500,3585.0,16098,201088,577337660.0,3585.0,2,3584.0,3
rb1805,20170817,20170816,210537500,3585.0,16104,201094,577552760.0,3586.0,22,3585.0,31
rb1805,20170817,20170816,210538000,3585.0,16108,201096,577696160.0,3586.0,32,3585.0,59
rb1805,20170817,20170816,210538500,3585.0,16112,201096,577839560.0,3586.0,31,3585.0,59
rb1805,20170817,20170816,210539000,3585.0,16122,201100,578198140.0,3586.0,27,3585.0,58
rb1805,20170817,20170816,210539500,3585.0,16124,201100,578269840.0,3586.0,23,3585.0,57
rb1805,20170817,20170816,210540000,3585.0,16124,201100,578269840.0,3586.0,23,3585.0,57
rb1805,20170817,20170816,210540500,3585.0,16124,201100,578269840.0,3586.0,23,3585.0,59
rb1805,20170817,20170816,210541000,3585.0,16124,201100,578269840.0,3586.0,25,3585.0,59
rb1805,20170817,20170816,210541500,3585.0,16124,201100,578269840.0,3586.0,25,3585.0,60
rb1805,20170817,20170816,210542000,3585.0,16124,201100,578269840.0,3586.0,25,3585.0,60
rb1805,20170817,20170816,210542500,3585.0,16148,201100,579130240.0,3586.0,25,3585.0,48
rb1805,20170817,20170816,210543000,3585.0,16244,201050,582571840.0,3585.0,1,3584.0,13
rb1805,20170817,20170816,210543500,3585.0,16246,201052,582643540.0,3585.0,2,3584.0,13
rb1805,20170817,20170816,210544000,3585.0,16250,201048,582786940.0,3585.0,50,3584.0,16
rb1805,20170817,20170816,210544500,3585.0,16252,201048,582858640.0,3585.0,58,3584.0,13
rb1805,20170817,20170816,210545000,3585.0,16260,201042,583145440.0,3585.0,45,3584.0,13
rb1805,20170817,20170816,210545500,3585.0,16260,201042,583145440.0,3585.0,45,3584.0,13
rb1805,20170817,20170816,210546000,3584.0,16266,201040,583360520.0,3585.0,44,3584.0,15
rb1805,20170817,20170816,210546500,3585.0,16268,201040,583432220.0,3585.0,43,3584.0,15
rb1805,20170817,20170816,210547000,3585.0,16268,201040,583432220.0,3585.0,43,3584.0,15
rb1805,20170817,20170816,210547500,3585.0,16272,201036,583575620.0,3585.0,41,3584.0,16
rb1805,20170817,20170816,210548000,3585.0,16272,201036,583575620.0,3585.0,41,3584.0,16
rb1805,20170817,20170816,210548500,3585.0,16274,201036,583647320.0,3585.0,40,3584.0,16
rb1805,20170817,20170816,210549000,3585.0,16278,201034,583790700.0,3585.0,39,3584.0,15
rb1805,20170817,20170816,210549500,3584.0,16284,201032,584005760.0,3585.0,38,3584.0,13
rb1805,20170817,20170816,210550000,3584.0,16288,201034,584149120.0,3585.0,38,3584.0,11
rb1805,20170817,20170816,210550500,3584.0,16288,201034,584149120.0,3585.0,38,3584.0,16
rb1805,20170817,20170816,210551000,3584.0,16288,201034,584149120.0,3585.0,38,3584.0,27
rb1805,20170817,20170816,210551500,3585.0,16364,201034,586873720.0,3586.0,21,3585.0,39
rb1805,20170817,20170816,210552000,3585.0,16366,201034,586945420.0,3586.0,30,3585.0,35
rb1805,20170817,20170816,210552500,3586.0,16376,201024,587304020.0,3586.0,16,3585.0,20
rb1805,20170817,20170816,210553000,3585.0,16380,201028,587447420.0,3586.0,17,3585.0,19
rb1805,20170817,20170816,210553500,3585.0,16380,201028,587447420.0,3586.0,17,3585.0,19
rb1805,20170817,20170816,210554000,3585.0,16390,201038,587805920.0,3586.0,17,3585.0,15
rb1805,20170817,20170816,210554500,3586.0,16400,201044,588164520.0,3586.0,21,3585.0,23
rb1805,20170817,20170816,210555000,3585.0,16402,201044,588236220.0,3586.0,22,3585.0,22
rb1805,20170817,20170816,210555500,3585.0,16404,201046,588307920.0,3586.0,13,3585.0,22
rb1805,20170817,20170816,210556000,3585.0,16404,201046,588307920.0,3586.0,23,3585.0,22
rb1805,20170817,20170816,210556500,3585.0,16404,201046,588307920.0,3586.0,14,3585.0,23
rb1805,20170817,20170816,210557000,3585.0,16404,201046,588307920.0,3586.0,15,3585.0,26
rb1805,20170817,20170816,210557500,3586.0,16422,201042,588953400.0,3586.0,6,3585.0,36
rb1805,20170817,20170816,210558000,3586.0,16438,201050,589527160.0,3587.0,33,3586.0,15
rb1805,20170817,20170816,210558500,3586.0,16458,201032,590244360.0,3587.0,33,3586.0,25
rb1805,20170817,20170816,210559000,3587.0,16482,201038,591105240.0,3587.0,21,3586.0,29
rb1805,20170817,20170816,210559500,3586.0,16494,201040,591535660.0,3587.0,17,3586.0,29
rb1805,20170817,20170816,210600000,3586.0,16496,201042,591607380.0,3587.0,18,3586.0,28
rb1805,20170817,20170816,210600500,3587.0,16506,201046,591966080.0,3587.0,13,3586.0,22
rb1805,20170817,20170816,210601000,3587.0,16508,201046,592037820.0,3587.0,12,3586.0,22
rb1805,20170817,20170816,210601500,3587.0,16512,201050,592181300.0,3587.0,11,3586.0,22
rb1805,20170817,20170816,210602000,3587.0,16514,201052,592253040.0,3587.0,10,3586.0,26
rb1805,20170817,20170816,210602500,3587.0,16532,201060,592898700.0,3587.0,1,3586.0,26
rb1805,20170817,20170816,210603000,3587.0,16542,201050,593257400.0,3588.0,116,3587.0,5
rb1805,20170817,20170816,210603500,3586.0,16596,201050,595194760.0,3587.0,2,3586.0,19
rb1805,20170817,20170816,210604000,3587.0,16600,201046,595338240.0,3588.0,90,3587.0,7
rb1805,20170817,20170816,210604500,3587.0,16622,201048,596127320.0,3587.0,6,3586.0,11
rb1805,20170817,20170816,210605000,3587.0,16622,201048,596127320.0,3587.0,4,3586.0,14
rb1805,20170817,20170816,210605500,3587.0,16626,201046,596270800.0,3587.0,2,3586.0,13
rb1805,20170817,20170816,210606000,3587.0,16630,201042,596414280.0,3587.0,3,3586.0,10
rb1805,20170817,20170816,210606500,3587.0,16630,201042,596414280.0,3587.0,4,3586.0,10
rb1805,20170817,20170816,210607000,3586.0,16650,201050,597131480.0,3587.0,4,3585.0,18
rb1805,20170817,20170816,210607500,3586.0,16650,201050,597131480.0,3586.0,6,3585.0,21
rb1805,20170817,20170816,210608000,3587.0,16652,201050,597203220.0,3587.0,14,3585.0,18
rb1805,20170817,20170816,210608500,3586.0,16654,201048,597274940.0,3586.0,5,3585.0,18
rb1805,20170817,20170816,210609000,3586.0,16664,201038,597633540.0,3587.0,11,3586.0,10
rb1805,20170817,20170816,210609500,3586.0,16668,201034,597776980.0,3587.0,11,3586.0,8
rb1805,20170817,20170816,210610000,3586.0,16684,201034,598350740.0,3586.0,1,3585.0,24
rb1805,20170817,20170816,210610500,3586.0,16684,201034,598350740.0,3587.0,13,3585.0,18
rb1805,20170817,20170816,210611000,3586.0,16684,201034,598350740.0,3587.0,14,3586.0,3
rb1805,20170817,20170816,210611500,3586.0,16690,201028,598565900.0,3586.0,27,3585.0,24
rb1805,20170817,20170816,210612000,3586.0,16696,201028,598781060.0,3586.0,24,3585.0,18
rb1805,20170817,20170816,210612500,3586.0,16696,201028,598781060.0,3586.0,44,3585.0,21
rb1805,20170817,20170816,210613000,3586.0,16704,201028,599067940.0,3586.0,40,3585.0,18
rb1805,20170817,20170816,210613500,3586.0,16718,201020,599569980.0,3586.0,33,3585.0,24
rb1805,20170817,20170816,210614000,3586.0,16784,201060,601936740.0,3587.0,23,3586.0,1
rb1805,20170817,20170816,210614500,3586.0,16786,201060,602008460.0,3587.0,23,3586.0,1
rb1805,20170817,20170816,210615000,3585.0,16792,201058,602223580.0,3587.0,23,3585.0,16
rb1805,20170817,20170816,210615500,3587.0,16840,201068,603945340.0,3588.0,91,3587.0,10
rb1805,20170817,20170816,210616000,3587.0,16842,201068,604017080.0,3588.0,91,3587.0,9
rb1805,20170817,20170816,210616500,3587.0,16844,201070,604088820.0,3588.0,91,3587.0,27
rb1805,20170817,20170816,210617000,3588.0,16846,201070,604160580.0,3588.0,90,3587.0,27
rb1805,20170817,20170816,210617500,3588.0,16848,201070,604232340.0,3588.0,90,3587.0,27
rb1805,20170817,20170816,210618000,3588.0,16848,201070,604232340.0,3588.0,91,3587.0,27
rb1805,20170817,20170816,210618500,3588.0,16850,201068,604304100.0,3588.0,91,3587.0,27
rb1805,20170817,20170816,210619000,3588.0,16906,201018,606313320.0,3588.0,66,3587.0,30
rb1805,20170817,20170816,210619500,3588.0,16972,201018,608681400.0,3588.0,33,3587.0,30
rb1805,20170817,20170816,210620000,3588.0,16976,201018,608824920.0,3588.0,31,3587.0,30
rb1805,20170817,20170816,210620500,3588.0,16978,201016,608896680.0,3588.0,30,3587.0,25
rb1805,20170817,20170816,210621000,3588.0,16988,201016,609255480.0,3588.0,25,3587.0,25
rb1805,20170817,20170816,210621500,3588.0,17020,201020,610403540.0,3588.0,15,3587.0,21
rb1805,20170817,20170816,210622000,3588.0,17038,201030,611049380.0,3588.0,10,3587.0,15
rb1805,20170817,20170816,210622500,3588.0,17038,201030,611049380.0,3588.0,10,3587.0,15
rb1805,20170817,20170816,210623000,3588.0,17058,201036,611766980.0,3589.0,93,3588.0,2
rb1805,20170817,20170816,210623500,3587.0,17092,201054,612986600.0,3588.0,31,3586.0,14
rb1805,20170817,20170816,210624000,3588.0,17102,201054,613345400.0,3588.0,21,3586.0,14
rb1805,20170817,20170816,210624500,3588.0,17114,201054,613775960.0,3588.0,16,3586.0,14
rb1805,20170817,20170816,210625000,3586.0,17116,201054,613847680.0,3588.0,17,3586.0,13
rb1805,20170817,20170816,210625500,3588.0,17122,201054,614062960.0,3588.0,24,3586.0,13
rb1805,20170817,20170816,210626000,3588.0,17122,201054,614062960.0,3588.0,25,3586.0,13
rb1805,20170817,20170816,210626500,3588.0,17122,201054,614062960.0,3588.0,35,3586.0,13
rb1805,20170817,20170816,210627000,3588.0,17124,201054,614134720.0,3588.0,37,3586.0,14
rb1805,20170817,20170816,210627500,3588.0,17124,201054,614134720.0,3587.0,20,3586.0,9
rb1805,20170817,20170816,210628000,3588.0,17124,201054,614134720.0,3587.0,20,3586.0,9
rb1805,20170817,20170816,210628500,3588.0,17132,201046,614421760.0,3587.0,16,3586.0,9
rb1805,20170817,20170816,210629000,3587.0,17142,201046,614780460.0,3587.0,11,3586.0,9
rb1805,20170817,20170816,210629500,3586.0,17148,201044,614995640.0,3587.0,10,3586.0,7
rb1805,20170817,20170816,210630000,3586.0,17154,201048,615210800.0,3587.0,11,3586.0,5
rb1805,20170817,20170816,210630500,3587.0,17164,201048,615569500.0,3587.0,6,3586.0,6
rb1805,20170817,20170816,210631000,3587.0,17164,201048,615569500.0,3587.0,6,3586.0,6
rb1805,20170817,20170816,210631500,3587.0,17182,201038,616215160.0,3588.0,60,3587.0,7
rb1805,20170817,20170816,210632000,3587.0,17182,201038,616215160.0,3588.0,43,3587.0,16
rb1805,20170817,20170816,210632500,3587.0,17186,201038,616358640.0,3588.0,43,3587.0,19
rb1805,20170817,20170816,210633000,3587.0,17194,201038,616645600.0,3588.0,33,3587.0,24
rb1805,20170817,20170816,210633500,3586.0,17246,201074,618510800.0,3587.0,53,3586.0,4
rb1805,20170817,20170816,210634000,3586.0,17256,201078,618869400.0,3586.0,3,3585.0,20
rb1805,20170817,20170816,210634500,3588.0,17342,201040,621954660.0,3588.0,12,3587.0,29
rb1805,20170817,20170816,210635000,3587.0,17400,201012,624035120.0,3587.0,55,3586.0,5
rb1805,20170817,20170816,210635500,3586.0,17410,201002,624393720.0,3586.0,14,3585.0,14
rb1805,20170817,20170816,210636000,3586.0,17412,201004,624465440.0,3586.0,4,3585.0,14
rb1805,20170817,20170816,210636500,3586.0,17428,201020,625039200.0,3588.0,29,3587.0,500
rb1805,20170817,20170816,210637000,3587.0,17436,201022,625326160.0,3588.0,38,3587.0,496
rb1805,20170817,20170816,210637500,3587.0,17530,201024,628697940.0,3588.0,32,3587.0,449
rb1805,20170817,20170816,210638000,3587.0,17534,201024,628841420.0,3588.0,22,3587.0,447
rb1805,20170817,20170816,210638500,3587.0,17540,201024,629056640.0,3588.0,22,3587.0,444
rb1805,20170817,20170816,210639000,3588.0,17550,201028,629415440.0,3588.0,10,3587.0,444
rb1805,20170817,20170816,210639500,3587.0,17932,201410,643117780.0,3588.0,20,3587.0,253
rb1805,20170817,20170816,210640000,3587.0,17966,201430,644337360.0,3588.0,20,3587.0,236
rb1805,20170817,20170816,210640500,3587.0,18012,201456,645987400.0,3588.0,27,3587.0,215
rb1805,20170817,20170816,210641000,3587.0,18014,201456,646059140.0,3588.0,30,3587.0,214
rb1805,20170817,20170816,210641500,3588.0,18018,201456,646202660.0,3588.0,31,3587.0,214
rb1805,20170817,20170816,210642000,3587.0,18028,201456,646561360.0,3588.0,32,3587.0,209
rb1805,20170817,20170816,210642500,3587.0,18146,201548,650794020.0,3588.0,46,3587.0,150
rb1805,20170817,20170816,210643000,3588.0,18460,201742,662057340.0,3588.0,39,3586.0,16
rb1805,20170817,20170816,210643500,3587.0,18472,201752,662487680.0,3587.0,13,3586.0,11
rb1805,20170817,20170816,210644000,3586.0,18494,201772,663276600.0,3587.0,44,3585.0,14
rb1805,20170817,20170816,210644500,3586.0,18494,201772,663276600.0,3587.0,49,3585.0,14
rb1805,20170817,20170816,210645000,3587.0,18496,201774,663348340.0,3587.0,48,3585.0,21
rb1805,20170817,20170816,210645500,3587.0,18498,201776,663420080.0,3587.0,47,3585.0,21
rb1805,20170817,20170816,210646000,3587.0,18498,201776,663420080.0,3586.0,8,3585.0,21
rb1805,20170817,20170816,210646500,3586.0,18500,201776,663491800.0,3586.0,7,3585.0,21
rb1805,20170817,20170816,210647000,3585.0,18502,201776,663563500.0,3586.0,7,3585.0,21
rb1805,20170817,20170816,210647500,3586.0,18506,201776,663706940.0,3586.0,5,3585.0,20
rb1805,20170817,20170816,210648000,3586.0,18518,201774,664137260.0,3586.0,3,3585.0,20
rb1805,20170817,20170816,210648500,3586.0,18524,201778,664352420.0,3587.0,36,3586.0,1
rb1805,20170817,20170816,210649000,3586.0,18526,201778,664424140.0,3587.0,36,3585.0,22
rb1805,20170817,20170816,210649500,3586.0,18526,201778,664424140.0,3587.0,39,3585.0,22
rb1805,20170817,20170816,210650000,3585.0,18528,201778,664495840.0,3587.0,37,3586.0,5
rb1805,20170817,20170816,210650500,3586.0,18538,201788,664854440.0,3587.0,45,3585.0,21
rb1805,20170817,20170816,210651000,3586.0,18538,201788,664854440.0,3587.0,45,3585.0,21
rb1805,20170817,20170816,210651500,3586.0,18538,201788,664854440.0,3587.0,45,3585.0,20
rb1805,20170817,20170816,210652000,3587.0,18542,201788,664997920.0,3587.0,43,3586.0,1
rb1805,20170817,20170816,210652500,3586.0,18546,201788,665141380.0,3586.0,9,3585.0,21
rb1805,20170817,20170816,210653000,3586.0,18568,201768,665930300.0,3587.0,36,3586.0,20
rb1805,20170817,20170816,210653500,3586.0,18582,201768,666432340.0,3587.0,36,3586.0,11
rb1805,20170817,20170816,210654000,3586.0,18592,201774,666790980.0,3587.0,34,3586.0,1
rb1805,20170817,20170816,210654500,3586.0,18594,201776,666862700.0,3586.0,5,3585.0,14
rb1805,20170817,20170816,210655000,3586.0,18594,201776,666862700.0,3586.0,5,3585.0,14
rb1805,20170817,20170816,210655500,3585.0,18598,201776,667006120.0,3586.0,6,3585.0,13
rb1805,20170817,20170816,210656000,3585.0,18612,201776,667508020.0,3586.0,6,3585.0,6
rb1805,20170817,20170816,210656500,3586.0,18614,201776,667579740.0,3586.0,5,3585.0,6
rb1805,20170817,20170816,210657000,3585.0,18616,201778,667651440.0,3586.0,5,3585.0,5
rb1805,20170817,20170816,210657500,3585.0,18616,201778,667651440.0,3586.0,5,3585.0,7
rb1805,20170817,20170816,210658000,3585.0,18616,201778,667651440.0,3586.0,5,3585.0,7
rb1805,20170817,20170816,210658500,3585.0,18616,201778,667651440.0,3586.0,5,3585.0,7
rb1805,20170817,20170816,210659000,3586.0,18626,201768,668010040.0,3587.0,35,3585.0,7
rb1805,20170817,20170816,210659500,3586.0,18626,201768,668010040.0,3586.0,1,3585.0,7
rb1805,20170817,20170816,210700000,3586.0,18628,201768,668081760.0,3587.0,40,3585.0,7
rb1805,20170817,20170816,210700500,3585.0,18632,201766,668225160.0,3587.0,40,3585.0,5
rb1805,20170817,20170816,210701000,3585.0,18634,201764,668296860.0,3587.0,40,3585.0,4
rb1805,20170817,20170816,210701500,3585.0,18634,201764,668296860.0,3587.0,40,3585.0,5
rb1805,20170817,20170816,210702000,3585.0,18634,201764,668296860.0,3587.0,40,3586.0,1
rb1805,20170817,20170816,210702500,3586.0,18636,201764,668368580.0,3586.0,7,3585.0,5
rb1805,20170817,20170816,210703000,3586.0,18636,201764,668368580.0,3587.0,47,3585.0,5
rb1805,20170817,20170816,210703500,3585.0,18638,201764,668440280.0,3586.0,7,3585.0,4
rb1805,20170817,20170816,210704000,3585.0,18638,201764,668440280.0,3586.0,8,3585.0,4
rb1805,20170817,20170816,210704500,3585.0,18646,201760,668727080.0,3586.0,8,3584.0,17
rb1805,20170817,20170816,210705000,3585.0,18646,201760,668727080.0,3585.0,1,3584.0,17
rb1805,20170817,20170816,210705500,3585.0,18664,201760,669372380.0,3586.0,8,3585.0,53
rb1805,20170817,20170816,210706000,3586.0,18670,201758,669587540.0,3586.0,5,3585.0,53
rb1805,20170817,20170816,210706500,3586.0,18698,201746,670591640.0,3587.0,37,3586.0,2
rb1805,20170817,20170816,210707000,3586.0,18700,201744,670663360.0,3587.0,47,3586.0,6
rb1805,20170817,20170816,210707500,3586.0,18702,201742,670735080.0,3587.0,40,3586.0,19
rb1805,20170817,20170816,210708000,3586.0,18708,201744,670950280.0,3587.0,38,3586.0,18
rb1805,20170817,20170816,210708500,3587.0,18784,201740,673676400.0,3588.0,38,3587.0,2
rb1805,20170817,20170816,210709000,3587.0,18784,201740,673676400.0,3588.0,38,3587.0,2
rb1805,20170817,20170816,210709500,3587.0,18786,201740,673748140.0,3588.0,38,3587.0,1
rb1805,20170817,20170816,210710000,3587.0,18788,201740,673819880.0,3588.0,38,3586.0,7
rb1805,20170817,20170816,210710500,3587.0,18788,201740,673819880.0,3588.0,39,3586.0,7
rb1805,20170817,20170816,210711000,3586.0,18790,201738,673891600.0,3588.0,32,3586.0,21
rb1805,20170817,20170816,210711500,3588.0,18792,201736,673963360.0,3588.0,31,3586.0,21
rb1805,20170817,20170816,210712000,3588.0,18792,201736,673963360.0,3587.0,1,3586.0,27
rb1805,20170817,20170816,210712500,3587.0,18798,201738,674178580.0,3588.0,31,3587.0,4
rb1805,20170817,20170816,210713000,3586.0,18808,201744,674537260.0,3588.0,31,3586.0,26
rb1805,20170817,20170816,210713500,3586.0,18808,201744,674537260.0,3588.0,38,3586.0,26
rb1805,20170817,20170816,210714000,3586.0,18808,201744,674537260.0,3588.0,38,3587.0,8
rb1805,20170817,20170816,210714500,3587.0,18824,201744,675111180.0,3587.0,9,3586.0,19
rb1805,20170817,20170816,210715000,3586.0,18844,201742,675828380.0,3586.0,19,3585.0,63
rb1805,20170817,20170816,210715500,3586.0,18878,201710,677047620.0,3587.0,1,3585.0,63
rb1805,20170817,20170816,210716000,3587.0,18884,201708,677262840.0,3587.0,5,3586.0,1
rb1805,20170817,20170816,210716500,3587.0,18892,201716,677549800.0,3587.0,1,3586.0,1
rb1805,20170817,20170816,210717000,3588.0,18896,201716,677693300.0,3588.0,49,3587.0,1
rb1805,20170817,20170816,210717500,3587.0,18898,201718,677765040.0,3587.0,1,3586.0,1
rb1805,20170817,20170816,210718000,3587.0,18898,201718,677765040.0,3588.0,42,3586.0,4
rb1805,20170817,20170816,210718500,3586.0,18908,201726,678123640.0,3588.0,44,3586.0,7
rb1805,20170817,20170816,210719000,3586.0,18908,201726,678123640.0,3588.0,44,3587.0,10
rb1805,20170817,20170816,210719500,3587.0,18928,201726,678841040.0,3588.0,44,3586.0,12
rb1805,20170817,20170816,210720000,3587.0,18928,201726,678841040.0,3588.0,44,3586.0,12
rb1805,20170817,20170816,210721000,3587.0,18928,201726,678841040.0,3588.0,44,3586.0,12
rb1805,20170817,20170816,210721500,3587.0,18928,201726,678841040.0,3588.0,45,3586.0,12
rb1805,20170817,20170816,210722000,3586.0,18932,201726,678984480.0,3588.0,56,3586.0,10
rb1805,20170817,20170816,210722500,3586.0,18932,201726,678984480.0,3587.0,1,3586.0,20
rb1805,20170817,20170816,210723000,3587.0,18938,201728,679199700.0,3588.0,58,3586.0,20
rb1805,20170817,20170816,210723500,3587.0,18940,201728,679271440.0,3587.0,6,3586.0,5
rb1805,20170817,20170816,210724000,3587.0,18940,201728,679271440.0,3587.0,7,3586.0,5
rb1805,20170817,20170816,210724500,3587.0,18942,201728,679343180.0,3587.0,6,3586.0,8
rb1805,20170817,20170816,210725000,3587.0,18948,201728,679558400.0,3587.0,3,3586.0,8
rb1805,20170817,20170816,210725500,3587.0,18954,201728,679773620.0,3588.0,66,3586.0,9
rb1805,20170817,20170816,210726000,3588.0,18956,201728,679845380.0,3588.0,66,3586.0,9
rb1805,20170817,20170816,210726500,3587.0,18958,201730,679917120.0,3588.0,66,3587.0,6
rb1805,20170817,20170816,210727000,3587.0,18974,201732,680491040.0,3587.0,1,3586.0,11
rb1805,20170817,20170816,210727500,3587.0,18974,201732,680491040.0,3587.0,1,3586.0,11
rb1805,20170817,20170816,210728000,3588.0,18978,201732,680634540.0,3588.0,70,3586.0,11
rb1805,20170817,20170816,210728500,3588.0,18978,201732,680634540.0,3588.0,80,3586.0,11
rb1805,20170817,20170816,210729000,3588.0,18978,201732,680634540.0,3588.0,80,3586.0,11
rb1805,20170817,20170816,210729500,3588.0,18978,201732,680634540.0,3588.0,80,3586.0,11
rb1805,20170817,20170816,210730000,3586.0,18980,201730,680706260.0,3588.0,80,3586.0,12
rb1805,20170817,20170816,210731500,3586.0,18980,201730,680706260.0,3588.0,101,3586.0,12
rb1805,20170817,20170816,210732000,3586.0,18980,201730,680706260.0,3588.0,101,3586.0,13
rb1805,20170817,20170816,210732500,3586.0,18988,201730,680993140.0,3588.0,101,3586.0,9
rb1805,20170817,20170816,210733000,3586.0,18988,201730,680993140.0,3588.0,101,3586.0,9
rb1805,20170817,20170816,210733500,3586.0,18988,201730,680993140.0,3588.0,101,3587.0,1
rb1805,20170817,20170816,210734000,3587.0,18990,201730,681064880.0,3587.0,1,3586.0,9
rb1805,20170817,20170816,210734500,3587.0,18990,201730,681064880.0,3588.0,94,3586.0,9
rb1805,20170817,20170816,210735000,3587.0,18990,201730,681064880.0,3587.0,2,3586.0,9
rb1805,20170817,20170816,210735500,3586.0,19008,201730,681710360.0,3587.0,2,3586.0,1
rb1805,20170817,20170816,210736000,3586.0,19010,201732,681782080.0,3587.0,3,3585.0,77
rb1805,20170817,20170816,210736500,3586.0,19010,201732,681782080.0,3587.0,3,3585.0,77
rb1805,20170817,20170816,210737000,3586.0,19010,201732,681782080.0,3587.0,4,3585.0,77
rb1805,20170817,20170816,210737500,3586.0,19010,201732,681782080.0,3587.0,4,3585.0,77
rb1805,20170817,20170816,210738000,3586.0,19010,201732,681782080.0,3587.0,7,3585.0,81
rb1805,20170817,20170816,210738500,3586.0,19010,201732,681782080.0,3587.0,7,3585.0,81
rb1805,20170817,20170816,210739000,3586.0,19010,201732,681782080.0,3587.0,7,3585.0,81
rb1805,20170817,20170816,210739500,3586.0,19010,201732,681782080.0,3587.0,7,3585.0,81
rb1805,20170817,20170816,210740000,3587.0,19012,201734,681853820.0,3587.0,6,3585.0,81
rb1805,20170817,20170816,210741000,3587.0,19012,201734,681853820.0,3587.0,6,3585.0,82
rb1805,20170817,20170816,210741500,3587.0,19012,201734,681853820.0,3586.0,1,3585.0,82
rb1805,20170817,20170816,210742000,3586.0,19014,201734,681925540.0,3587.0,8,3586.0,1
rb1805,20170817,20170816,210742500,3586.0,19016,201734,681997260.0,3587.0,11,3585.0,82
rb1805,20170817,20170816,210743000,3587.0,19026,201730,682355960.0,3587.0,3,3586.0,1
rb1805,20170817,20170816,210743500,3587.0,19026,201730,682355960.0,3587.0,3,3586.0,1
rb1805,20170817,20170816,210744000,3587.0,19026,201730,682355960.0,3587.0,8,3586.0,1
rb1805,20170817,20170816,210744500,3587.0,19026,201730,682355960.0,3587.0,9,3586.0,1
rb1805,20170817,20170816,210745000,3587.0,19026,201730,682355960.0,3587.0,12,3586.0,1
rb1805,20170817,20170816,210745500,3587.0,19026,201730,682355960.0,3587.0,9,3586.0,1
rb1805,20170817,20170816,210746000,3587.0,19026,201730,682355960.0,3587.0,12,3586.0,2
rb1805,20170817,20170816,210746500,3586.0,19030,201732,682499400.0,3586.0,1,3585.0,87
rb1805,20170817,20170816,210747000,3586.0,19032,201730,682571120.0,3587.0,12,3585.0,90
rb1805,20170817,20170816,210747500,3586.0,19032,201730,682571120.0,3587.0,13,3585.0,87
rb1805,20170817,20170816,210748000,3586.0,19032,201730,682571120.0,3587.0,10,3586.0,1
rb1805,20170817,20170816,210748500,3586.0,19034,201732,682642840.0,3586.0,12,3585.0,39
rb1805,20170817,20170816,210749000,3586.0,19034,201732,682642840.0,3586.0,8,3585.0,40
rb1805,20170817,20170816,210749500,3586.0,19034,201732,682642840.0,3586.0,7,3585.0,90
rb1805,20170817,20170816,210750000,3586.0,19036,201732,682714560.0,3586.0,6,3585.0,90
rb1805,20170817,20170816,210750500,3586.0,19036,201732,682714560.0,3586.0,4,3585.0,88
rb1805,20170817,20170816,210751000,3586.0,19036,201732,682714560.0,3586.0,4,3585.0,88
rb1805,20170817,20170816,210751500,3586.0,19036,201732,682714560.0,3586.0,4,3585.0,88
rb1805,20170817,20170816,210752000,3586.0,19038,201732,682786280.0,3586.0,3,3585.0,88
rb1805,20170817,20170816,210752500,3586.0,19038,201732,682786280.0,3586.0,3,3585.0,88
rb1805,20170817,20170816,210753000,3586.0,19044,201732,683001440.0,3587.0,25,3586.0,52
rb1805,20170817,20170816,210753500,3586.0,19044,201732,683001440.0,3587.0,18,3586.0,52
rb1805,20170817,20170816,210754000,3586.0,19044,201732,683001440.0,3587.0,18,3586.0,52
rb1805,20170817,20170816,210754500,3586.0,19066,201710,683790360.0,3587.0,18,3586.0,41
rb1805,20170817,20170816,210755500,3586.0,19090,201706,684651040.0,3587.0,17,3586.0,31
rb1805,20170817,20170816,210756000,3586.0,19092,201704,684722760.0,3587.0,37,3586.0,48
rb1805,20170817,20170816,210756500,3586.0,19092,201704,684722760.0,3587.0,56,3586.0,48
rb1805,20170817,20170816,210757000,3586.0,19092,201704,684722760.0,3587.0,55,3586.0,51
rb1805,20170817,20170816,210757500,3587.0,19106,201700,685224940.0,3587.0,48,3586.0,51
rb1805,20170817,20170816,210758500,3586.0,19116,201700,685583540.0,3587.0,48,3586.0,46
rb1805,20170817,20170816,210759000,3586.0,19116,201700,685583540.0,3587.0,49,3586.0,46
rb1805,20170817,20170816,210759500,3586.0,19116,201700,685583540.0,3587.0,48,3586.0,46
rb1805,20170817,20170816,210800000,3586.0,19116,201700,685583540.0,3587.0,49,3586.0,47
rb1805,20170817,20170816,210801000,3586.0,19116,201700,685583540.0,3587.0,49,3586.0,47
rb1805,20170817,20170816,210801500,3586.0,19116,201700,685583540.0,3587.0,51,3586.0,47
rb1805,20170817,20170816,210802000,3586.0,19116,201700,685583540.0,3587.0,51,3586.0,47
rb1805,20170817,20170816,210802500,3586.0,19210,201644,688954380.0,3586.0,155,3585.0,90
rb1805,20170817,20170816,210803000,3586.0,19216,201644,689169540.0,3586.0,152,3585.0,90
rb1805,20170817,20170816,210803500,3586.0,19332,201572,693329300.0,3586.0,94,3585.0,94
rb1805,20170817,20170816,210804000,3586.0,19520,201386,700070980.0,3587.0,52,3586.0,10
rb1805,20170817,20170816,210804500,3586.0,19538,201372,700716620.0,3587.0,44,3585.0,94
rb1805,20170817,20170816,210805000,3586.0,19556,201356,701362260.0,3587.0,36,3586.0,5
rb1805,20170817,20170816,210805500,3586.0,19556,201356,701362260.0,3587.0,36,3586.0,5
rb1805,20170817,20170816,210806000,3586.0,19570,201366,701864300.0,3586.0,3,3585.0,95
rb1805,20170817,20170816,210806500,3586.0,19578,201368,702151180.0,3587.0,38,3586.0,2
rb1805,20170817,20170816,210807000,3587.0,19654,201304,704877300.0,3588.0,114,3586.0,5
rb1805,20170817,20170816,210807500,3587.0,19654,201304,704877300.0,3587.0,1,3585.0,95
rb1805,20170817,20170816,210808000,3587.0,19654,201304,704877300.0,3587.0,1,3585.0,95
rb1805,20170817,20170816,210808500,3587.0,19654,201304,704877300.0,3586.0,1,3585.0,95
rb1805,20170817,20170816,210809000,3586.0,19660,201308,705092480.0,3588.0,117,3586.0,3
rb1805,20170817,20170816,210809500,3586.0,19660,201308,705092480.0,3588.0,117,3586.0,2
rb1805,20170817,20170816,210810000,3586.0,19660,201308,705092480.0,3588.0,117,3587.0,2
rb1805,20170817,20170816,210810500,3587.0,19664,201308,705235960.0,3587.0,9,3586.0,1
rb1805,20170817,20170816,210811000,3587.0,19664,201308,705235960.0,3587.0,1,3586.0,3
rb1805,20170817,20170816,210811500,3585.0,19674,201304,705594520.0,3587.0,1,3585.0,93
rb1805,20170817,20170816,210812000,3585.0,19674,201304,705594520.0,3587.0,1,3586.0,4
rb1805,20170817,20170816,210812500,3585.0,19674,201304,705594520.0,3587.0,1,3585.0,96
rb1805,20170817,20170816,210813000,3587.0,19676,201304,705666260.0,3587.0,3,3585.0,96
rb1805,20170817,20170816,210813500,3587.0,19676,201304,705666260.0,3587.0,4,3586.0,4
rb1805,20170817,20170816,210814000,3587.0,19676,201304,705666260.0,3587.0,4,3586.0,4
rb1805,20170817,20170816,210814500,3586.0,19678,201304,705737980.0,3587.0,4,3586.0,11
rb1805,20170817,20170816,210815000,3586.0,19684,201304,705953140.0,3587.0,4,3586.0,28
rb1805,20170817,20170816,210816500,3586.0,19686,201306,706024860.0,3587.0,4,3586.0,28
rb1805,20170817,20170816,210817000,3586.0,19686,201306,706024860.0,3587.0,4,3586.0,28
rb1805,20170817,20170816,210817500,3586.0,19686,201306,706024860.0,3587.0,4,3586.0,28
rb1805,20170817,20170816,210818000,3586.0,19688,201308,706096580.0,3587.0,6,3586.0,27
rb1805,20170817,20170816,210818500,3586.0,19688,201308,706096580.0,3587.0,7,3586.0,30
rb1805,20170817,20170816,210819000,3586.0,19710,201300,706885520.0,3587.0,6,3586.0,20
rb1805,20170817,20170816,210819500,3586.0,19710,201300,706885520.0,3587.0,6,3586.0,21
rb1805,20170817,20170816,210820000,3586.0,19710,201300,706885520.0,3587.0,6,3586.0,21
rb1805,20170817,20170816,210820500,3586.0,19710,201300,706885520.0,3587.0,6,3586.0,21
rb1805,20170817,20170816,210821000,3586.0,19712,201298,706957240.0,3587.0,5,3586.0,20
rb1805,20170817,20170816,210821500,3586.0,19712,201298,706957240.0,3587.0,5,3586.0,20
rb1805,20170817,20170816,210822000,3587.0,19722,201290,707315940.0,3588.0,116,3587.0,2
rb1805,20170817,20170816,210822500,3587.0,19726,201286,707459420.0,3588.0,116,3586.0,20
rb1805,20170817,20170816,210823000,3587.0,19726,201286,707459420.0,3588.0,116,3586.0,20
rb1805,20170817,20170816,210823500,3587.0,19726,201286,707459420.0,3588.0,116,3586.0,20
rb1805,20170817,20170816,210824000,3587.0,19726,201286,707459420.0,3588.0,117,3586.0,40
rb1805,20170817,20170816,210824500,3587.0,19726,201286,707459420.0,3588.0,117,3586.0,40
rb1805,20170817,20170816,210825000,3586.0,19728,201286,707531140.0,3588.0,117,3586.0,39
rb1805,20170817,20170816,210825500,3586.0,19728,201286,707531140.0,3588.0,117,3586.0,56
rb1805,20170817,20170816,210826000,3588.0,19764,201302,708822800.0,3588.0,100,3586.0,56
rb1805,20170817,20170816,210826500,3588.0,19938,201398,715065920.0,3588.0,15,3586.0,57
rb1805,20170817,20170816,210827000,3588.0,19968,201402,716142320.0,3589.0,119,3588.0,5
rb1805,20170817,20170816,210827500,3588.0,19980,201394,716572880.0,3589.0,112,3588.0,22
rb1805,20170817,20170816,210828000,3588.0,19980,201394,716572880.0,3589.0,102,3588.0,27
rb1805,20170817,20170816,210828500,3588.0,19980,201394,716572880.0,3589.0,102,3588.0,27
rb1805,20170817,20170816,210829000,3589.0,19984,201394,716716420.0,3589.0,101,3588.0,26
rb1805,20170817,20170816,210829500,3589.0,20004,201396,717434220.0,3589.0,91,3588.0,16
rb1805,20170817,20170816,210830000,3589.0,20026,201402,718223800.0,3589.0,80,3588.0,16
rb1805,20170817,20170816,210830500,3589.0,20030,201402,718367360.0,3589.0,78,3588.0,30
rb1805,20170817,20170816,210831000,3588.0,20034,201404,718510880.0,3589.0,79,3588.0,29
rb1805,20170817,20170816,210831500,3588.0,20034,201404,718510880.0,3589.0,80,3588.0,30
rb1805,20170817,20170816,210832000,3588.0,20034,201404,718510880.0,3589.0,80,3588.0,28
rb1805,20170817,20170816,210832500,3589.0,20036,201404,718582660.0,3589.0,86,3588.0,21
rb1805,20170817,20170816,210833000,3589.0,20036,201404,718582660.0,3589.0,86,3588.0,16
rb1805,20170817,20170816,210833500,3588.0,20068,201380,719730820.0,3588.0,8,3587.0,9
rb1805,20170817,20170816,210834000,3588.0,20074,201386,719946100.0,3588.0,5,3587.0,6
rb1805,20170817,20170816,210834500,3588.0,20074,201386,719946100.0,3588.0,6,3587.0,6
rb1805,20170817,20170816,210835000,3588.0,20074,201386,719946100.0,3588.0,7,3587.0,7
rb1805,20170817,20170816,210835500,3588.0,20076,201386,720017860.0,3588.0,6,3587.0,12
rb1805,20170817,20170816,210836000,3588.0,20080,201382,720161380.0,3588.0,4,3587.0,12
rb1805,20170817,20170816,210836500,3588.0,20086,201378,720376660.0,3589.0,86,3588.0,17
rb1805,20170817,20170816,210837000,3589.0,20092,201376,720591980.0,3589.0,77,3588.0,10
rb1805,20170817,20170816,210837500,3588.0,20114,201392,721381340.0,3588.0,7,3587.0,15
rb1805,20170817,20170816,210838000,3588.0,20122,201394,721668340.0,3589.0,77,3587.0,13
rb1805,20170817,20170816,210838500,3588.0,20122,201394,721668340.0,3589.0,77,3588.0,2
rb1805,20170817,20170816,210839000,3588.0,20122,201394,721668340.0,3589.0,77,3588.0,3
rb1805,20170817,20170816,210839500,3589.0,20128,201398,721883660.0,3589.0,75,3588.0,3
rb1805,20170817,20170816,210840000,3589.0,20128,201398,721883660.0,3589.0,75,3588.0,3
rb1805,20170817,20170816,210840500,3589.0,20128,201398,721883660.0,3589.0,75,3588.0,4
rb1805,20170817,20170816,210841000,3588.0,20130,201396,721955420.0,3589.0,77,3588.0,3
rb1805,20170817,20170816,210841500,3589.0,20132,201398,722027200.0,3589.0,76,3588.0,5
rb1805,20170817,20170816,210842000,3588.0,20148,201408,722601280.0,3588.0,11,3587.0,13
rb1805,20170817,20170816,210842500,3588.0,20162,201408,723103600.0,3588.0,4,3587.0,12
rb1805,20170817,20170816,210843000,3588.0,20172,201408,723462400.0,3589.0,76,3588.0,10
rb1805,20170817,20170816,210843500,3588.0,20172,201408,723462400.0,3589.0,76,3588.0,1
rb1805,20170817,20170816,210844000,3589.0,20174,201408,723534180.0,3589.0,75,3588.0,1
rb1805,20170817,20170816,210845000,3589.0,20178,201412,723677740.0,3589.0,73,3588.0,1
rb1805,20170817,20170816,210845500,3588.0,20184,201416,723893060.0,3589.0,72,3587.0,12
rb1805,20170817,20170816,210846000,3589.0,20194,201426,724251960.0,3589.0,67,3588.0,5
rb1805,20170817,20170816,210846500,3589.0,20206,201418,724682540.0,3589.0,66,3587.0,25
rb1805,20170817,20170816,210847000,3589.0,20206,201418,724682540.0,3589.0,66,3588.0,5
rb1805,20170817,20170816,210847500,3589.0,20210,201422,724826100.0,3589.0,64,3588.0,5
rb1805,20170817,20170816,210848000,3589.0,20214,201422,724969660.0,3589.0,63,3588.0,5
rb1805,20170817,20170816,210848500,3589.0,20220,201422,725185000.0,3589.0,60,3588.0,5
rb1805,20170817,20170816,210849000,3589.0,20220,201422,725185000.0,3589.0,60,3588.0,5
rb1805,20170817,20170816,210849500,3589.0,20220,201422,725185000.0,3589.0,60,3588.0,7
rb1805,20170817,20170816,210850000,3589.0,20220,201422,725185000.0,3589.0,60,3588.0,7
rb1805,20170817,20170816,210850500,3589.0,20220,201422,725185000.0,3589.0,60,3588.0,7
rb1805,20170817,20170816,210851000,3589.0,20220,201422,725185000.0,3589.0,60,3588.0,7
rb1805,20170817,20170816,210851500,3589.0,20220,201422,725185000.0,3589.0,60,3588.0,7
rb1805,20170817,20170816,210852000,3589.0,20224,201426,725328560.0,3589.0,58,3588.0,7
rb1805,20170817,20170816,210852500,3589.0,20228,201430,725472120.0,3589.0,56,3588.0,9
rb1805,20170817,20170816,210853000,3589.0,20228,201430,725472120.0,3589.0,56,3588.0,9
rb1805,20170817,20170816,210853500,3589.0,20234,201434,725687440.0,3589.0,54,3588.0,22
rb1805,20170817,20170816,210854000,3589.0,20234,201434,725687440.0,3589.0,54,3588.0,23
rb1805,20170817,20170816,210854500,3589.0,20240,201440,725902780.0,3589.0,51,3588.0,23
rb1805,20170817,20170816,210855000,3589.0,20240,201440,725902780.0,3589.0,53,3588.0,24
rb1805,20170817,20170816,210855500,3589.0,20240,201440,725902780.0,3589.0,53,3588.0,19
rb1805,20170817,20170816,210856000,3588.0,20248,201448,726189820.0,3589.0,53,3588.0,13
rb1805,20170817,20170816,210856500,3589.0,20252,201452,726333380.0,3589.0,52,3588.0,13
rb1805,20170817,20170816,210857000,3589.0,20256,201450,726476920.0,3589.0,51,3588.0,12
rb1805,20170817,20170816,210857500,3588.0,20262,201444,726692200.0,3589.0,51,3588.0,19
rb1805,20170817,20170816,210858000,3589.0,20268,201444,726907540.0,3589.0,48,3588.0,19
rb1805,20170817,20170816,210858500,3589.0,20268,201444,726907540.0,3589.0,48,3588.0,21
rb1805,20170817,20170816,210859000,3589.0,20268,201444,726907540.0,3589.0,49,3588.0,21
rb1805,20170817,20170816,210859500,3589.0,20268,201444,726907540.0,3589.0,56,3588.0,21
rb1805,20170817,20170816,210900000,3589.0,20268,201444,726907540.0,3589.0,56,3588.0,21
rb1805,20170817,20170816,210900500,3589.0,20272,201444,727051080.0,3589.0,75,3588.0,21
rb1805,20170817,20170816,210901000,3589.0,20274,201444,727122860.0,3589.0,84,3588.0,23
rb1805,20170817,20170816,210901500,3589.0,20276,201446,727194640.0,3589.0,76,3588.0,23
rb1805,20170817,20170816,210902000,3589.0,20276,201446,727194640.0,3589.0,76,3588.0,23
rb1805,20170817,20170816,210902500,3589.0,20286,201446,727553540.0,3589.0,51,3588.0,25
rb1805,20170817,20170816,210903000,3589.0,20286,201446,727553540.0,3589.0,51,3588.0,25
rb1805,20170817,20170816,210903500,3589.0,20288,201448,727625320.0,3589.0,66,3588.0,25
rb1805,20170817,20170816,210904000,3589.0,20430,201478,732721700.0,3590.0,253,3589.0,16
rb1805,20170817,20170816,210904500,3589.0,20464,201474,733942000.0,3590.0,252,3589.0,1
rb1805,20170817,20170816,210905000,3588.0,20490,201462,734874900.0,3590.0,252,3588.0,19
rb1805,20170817,20170816,210905500,3588.0,20492,201462,734946660.0,3589.0,6,3588.0,18
rb1805,20170817,20170816,210906000,3589.0,20502,201456,735305560.0,3589.0,1,3588.0,17
rb1805,20170817,20170816,210906500,3588.0,20526,201456,736166680.0,3588.0,8,3587.0,11
rb1805,20170817,20170816,210907000,3588.0,20540,201456,736669000.0,3588.0,2,3587.0,16
rb1805,20170817,20170816,210907500,3588.0,20544,201456,736812520.0,3588.0,1,3587.0,21
rb1805,20170817,20170816,210908000,3588.0,20544,201456,736812520.0,3588.0,1,3587.0,21
rb1805,20170817,20170816,210908500,3588.0,20546,201458,736884280.0,3589.0,40,3588.0,51
rb1805,20170817,20170816,210909000,3589.0,20550,201460,737027840.0,3589.0,39,3588.0,51
rb1805,20170817,20170816,210909500,3589.0,20550,201460,737027840.0,3589.0,32,3588.0,51
rb1805,20170817,20170816,210910000,3588.0,20554,201460,737171360.0,3589.0,32,3588.0,49
rb1805,20170817,20170816,210910500,3588.0,20554,201460,737171360.0,3589.0,42,3588.0,149
rb1805,20170817,20170816,210911000,3588.0,20556,201462,737243120.0,3589.0,42,3588.0,148
rb1805,20170817,20170816,210911500,3589.0,20560,201466,737386660.0,3589.0,42,3588.0,147
rb1805,20170817,20170816,210912000,3589.0,20560,201466,737386660.0,3589.0,69,3588.0,147
rb1805,20170817,20170816,210912500,3589.0,20562,201468,737458440.0,3589.0,70,3588.0,147
rb1805,20170817,20170816,210913000,3588.0,20564,201470,737530200.0,3589.0,70,3588.0,147
rb1805,20170817,20170816,210913500,3588.0,20606,201510,739037160.0,3589.0,70,3588.0,126
rb1805,20170817,20170816,210914000,3588.0,20606,201510,739037160.0,3589.0,70,3588.0,126
rb1805,20170817,20170816,210914500,3588.0,20606,201510,739037160.0,3589.0,71,3588.0,126
rb1805,20170817,20170816,210915000,3588.0,20606,201510,739037160.0,3589.0,77,3588.0,126
rb1805,20170817,20170816,210915500,3588.0,20608,201510,739108920.0,3589.0,77,3588.0,125
rb1805,20170817,20170816,210916500,3588.0,20610,201510,739180680.0,3589.0,77,3588.0,124
rb1805,20170817,20170816,210917000,3588.0,20710,201510,742768680.0,3589.0,81,3588.0,74
rb1805,20170817,20170816,210917500,3588.0,20750,201530,744203880.0,3589.0,81,3588.0,56
rb1805,20170817,20170816,210918000,3589.0,20844,201532,747576620.0,3589.0,80,3588.0,10
rb1805,20170817,20170816,210918500,3588.0,20868,201552,748437740.0,3588.0,8,3587.0,27
rb1805,20170817,20170816,210919000,3588.0,20868,201552,748437740.0,3588.0,8,3587.0,17
rb1805,20170817,20170816,210919500,3588.0,20870,201552,748509500.0,3588.0,7,3587.0,16
rb1805,20170817,20170816,210920000,3588.0,20874,201552,748653000.0,3588.0,6,3587.0,15
rb1805,20170817,20170816,210920500,3588.0,20874,201552,748653000.0,3588.0,11,3587.0,15
rb1805,20170817,20170816,210921000,3588.0,20874,201552,748653000.0,3588.0,11,3587.0,20
rb1805,20170817,20170816,210921500,3588.0,20882,201550,748940040.0,3588.0,11,3587.0,20
rb1805,20170817,20170816,210922000,3588.0,20882,201550,748940040.0,3588.0,11,3587.0,20
rb1805,20170817,20170816,210922500,3588.0,20898,201556,749514120.0,3588.0,3,3587.0,20
rb1805,20170817,20170816,210923000,3588.0,20904,201552,749729400.0,3589.0,82,3587.0,20
rb1805,20170817,20170816,210923500,3588.0,20906,201552,749801160.0,3589.0,82,3587.0,30
rb1805,20170817,20170816,210924000,3587.0,20946,201534,751235960.0,3588.0,2,3587.0,10
rb1805,20170817,20170816,210924500,3588.0,20954,201532,751523000.0,3589.0,81,3588.0,6
rb1805,20170817,20170816,210925000,3588.0,20954,201532,751523000.0,3589.0,81,3588.0,6
rb1805,20170817,20170816,210925500,3588.0,20956,201532,751594760.0,3589.0,82,3588.0,5
rb1805,20170817,20170816,210926000,3588.0,20966,201522,751953560.0,3588.0,2,3587.0,10
rb1805,20170817,20170816,210926500,3588.0,20966,201522,751953560.0,3588.0,18,3587.0,10
rb1805,20170817,20170816,210927000,3588.0,20968,201522,752025320.0,3588.0,29,3587.0,10
rb1805,20170817,20170816,210927500,3588.0,20972,201522,752168840.0,3588.0,20,3586.0,42
rb1805,20170817,20170816,210928000,3588.0,21012,201492,753604040.0,3588.0,1,3587.0,22
rb1805,20170817,20170816,210928500,3587.0,21014,201494,753675780.0,3588.0,1,3587.0,5
rb1805,20170817,20170816,210929000,3588.0,21028,201506,754178100.0,3589.0,77,3587.0,21
rb1805,20170817,20170816,210929500,3588.0,21028,201506,754178100.0,3588.0,1,3586.0,59
rb1805,20170817,20170816,210930000,3588.0,21028,201506,754178100.0,3587.0,22,3586.0,43
rb1805,20170817,20170816,210930500,3587.0,21072,201490,755756380.0,3588.0,23,3587.0,28
rb1805,20170817,20170816,210931000,3588.0,21092,201492,756473980.0,3588.0,18,3587.0,49
rb1805,20170817,20170816,210931500,3588.0,21102,201482,756832780.0,3588.0,13,3587.0,39
rb1805,20170817,20170816,210932000,3588.0,21102,201482,756832780.0,3588.0,14,3587.0,24
rb1805,20170817,20170816,210932500,3587.0,21106,201482,756976280.0,3588.0,15,3587.0,23
rb1805,20170817,20170816,210933000,3587.0,21106,201482,756976280.0,3588.0,17,3587.0,23
rb1805,20170817,20170816,210933500,3587.0,21118,201488,757406720.0,3588.0,17,3587.0,17
rb1805,20170817,20170816,210934000,3587.0,21122,201490,757550200.0,3588.0,17,3587.0,16
rb1805,20170817,20170816,210934500,3587.0,21154,201478,758698040.0,3587.0,5,3586.0,44
rb1805,20170817,20170816,210935000,3587.0,21164,201488,759056740.0,3588.0,18,3586.0,37
rb1805,20170817,20170816,210935500,3587.0,21164,201488,759056740.0,3588.0,18,3586.0,37
rb1805,20170817,20170816,210936000,3587.0,21164,201488,759056740.0,3588.0,39,3587.0,15
rb1805,20170817,20170816,210936500,3587.0,21194,201464,760132840.0,3587.0,15,3586.0,37
rb1805,20170817,20170816,210937000,3586.0,21236,201422,761638960.0,3587.0,22,3586.0,16
rb1805,20170817,20170816,210937500,3586.0,21274,201416,763001620.0,3586.0,25,3585.0,48
rb1805,20170817,20170816,210938000,3586.0,21274,201416,763001620.0,3586.0,4,3585.0,48
rb1805,20170817,20170816,210938500,3586.0,21274,201416,763001620.0,3586.0,1,3585.0,56
rb1805,20170817,20170816,210939000,3586.0,21276,201414,763073340.0,3587.0,23,3585.0,56
rb1805,20170817,20170816,210939500,3586.0,21282,201414,763288500.0,3587.0,23,3586.0,1
rb1805,20170817,20170816,210940000,3585.0,21294,201414,763718720.0,3586.0,8,3585.0,43
rb1805,20170817,20170816,210940500,3585.0,21314,201418,764435720.0,3586.0,12,3585.0,33
rb1805,20170817,20170816,210941000,3585.0,21314,201418,764435720.0,3586.0,14,3585.0,33
rb1805,20170817,20170816,210941500,3585.0,21314,201418,764435720.0,3586.0,14,3585.0,33
rb1805,20170817,20170816,210942000,3586.0,21332,201412,765081200.0,3586.0,5,3585.0,33
rb1805,20170817,20170816,210942500,3586.0,21336,201416,765224640.0,3587.0,28,3586.0,18
rb1805,20170817,20170816,210943000,3585.0,21384,201422,766945820.0,3586.0,10,3585.0,28
rb1805,20170817,20170816,210943500,3586.0,21394,201422,767304420.0,3586.0,4,3585.0,28
rb1805,20170817,20170816,210944000,3586.0,21398,201418,767447860.0,3586.0,1,3585.0,29
rb1805,20170817,20170816,210944500,3586.0,21398,201418,767447860.0,3586.0,1,3585.0,29
rb1805,20170817,20170816,210945000,3586.0,21400,201416,767519580.0,3587.0,16,3585.0,29
rb1805,20170817,20170816,210945500,3586.0,21400,201416,767519580.0,3586.0,3,3585.0,32
rb1805,20170817,20170816,210946000,3586.0,21406,201412,767734740.0,3587.0,21,3586.0,1
rb1805,20170817,20170816,210946500,3585.0,21414,201416,768021560.0,3586.0,4,3585.0,40
