instrument,tradingday,calendarday,time,lastp,volume,openinterest,turnover,ask1,asksz1,bid1,bidsz1
rb1805,20170607,20170606,183338500,2718.0,0,85544,0.0,0.0,0,0.0,0
rb1805,20170607,20170606,205900500,2720.0,14,85536,380800.0,2720.0,5,2716.0,1
rb1805,20170607,20170606,210000500,2716.0,16,85536,435120.0,2718.0,6,2714.0,1
rb1805,20170607,20170606,210001000,2714.0,18,85536,489400.0,2718.0,9,2711.0,1
rb1805,20170607,20170606,210001500,2714.0,18,85536,489400.0,2717.0,2,2712.0,1
rb1805,20170607,20170606,210002000,2714.0,18,85536,489400.0,2717.0,2,2712.0,1
rb1805,20170607,20170606,210002500,2714.0,18,85536,489400.0,2717.0,2,2712.0,1
rb1805,20170607,20170606,210003000,2714.0,18,85536,489400.0,2717.0,2,2712.0,1
rb1805,20170607,20170606,210003500,2712.0,20,85536,543640.0,2717.0,3,2711.0,1
rb1805,20170607,20170606,210004000,2712.0,20,85536,543640.0,2717.0,6,2711.0,1
rb1805,20170607,20170606,210004500,2712.0,20,85536,543640.0,2717.0,6,2711.0,1
rb1805,20170607,20170606,210005000,2712.0,20,85536,543640.0,2717.0,6,2711.0,1
rb1805,20170607,20170606,210005500,2712.0,20,85536,543640.0,2717.0,5,2711.0,1
rb1805,20170607,20170606,210006000,2712.0,20,85536,543640.0,2717.0,5,2711.0,1
rb1805,20170607,20170606,210007000,2717.0,26,85530,706660.0,2717.0,2,2712.0,1
rb1805,20170607,20170606,210007500,2717.0,26,85530,706660.0,2717.0,1,2713.0,1
rb1805,20170607,20170606,210008000,2717.0,26,85530,706660.0,2717.0,2,2713.0,1
rb1805,20170607,20170606,210008500,2717.0,26,85530,706660.0,2717.0,2,2713.0,1
rb1805,20170607,20170606,210009000,2717.0,26,85530,706660.0,2717.0,2,2713.0,1
rb1805,20170607,20170606,210009500,2717.0,26,85530,706660.0,2717.0,2,2713.0,1
rb1805,20170607,20170606,210010000,2717.0,26,85530,706660.0,2717.0,3,2713.0,1
rb1805,20170607,20170606,210010500,2717.0,26,85530,706660.0,2717.0,2,2713.0,1
rb1805,20170607,20170606,210011500,2717.0,26,85530,706660.0,2717.0,2,2713.0,1
rb1805,20170607,20170606,210012000,2717.0,26,85530,706660.0,2717.0,2,2713.0,2
rb1805,20170607,20170606,210013000,2717.0,26,85530,706660.0,2717.0,2,2713.0,3
rb1805,20170607,20170606,210013500,2717.0,26,85530,706660.0,2717.0,3,2713.0,3
rb1805,20170607,20170606,210014000,2717.0,26,85530,706660.0,2717.0,2,2713.0,3
rb1805,20170607,20170606,210015000,2717.0,26,85530,706660.0,2717.0,2,2713.0,3
rb1805,20170607,20170606,210015500,2713.0,32,85536,869440.0,2717.0,2,2712.0,1
rb1805,20170607,20170606,210016000,2713.0,32,85536,869440.0,2717.0,2,2712.0,1
rb1805,20170607,20170606,210016500,2713.0,32,85536,869440.0,2717.0,2,2712.0,2
rb1805,20170607,20170606,210017000,2713.0,32,85536,869440.0,2717.0,2,2712.0,2
rb1805,20170607,20170606,210017500,2713.0,32,85536,869440.0,2717.0,2,2712.0,2
rb1805,20170607,20170606,210018000,2713.0,32,85536,869440.0,2717.0,2,2712.0,2
rb1805,20170607,20170606,210019000,2713.0,32,85536,869440.0,2717.0,2,2712.0,4
rb1805,20170607,20170606,210019500,2713.0,32,85536,869440.0,2717.0,2,2713.0,1
rb1805,20170607,20170606,210020000,2713.0,32,85536,869440.0,2717.0,2,2713.0,1
rb1805,20170607,20170606,210020500,2713.0,32,85536,869440.0,2717.0,2,2713.0,1
rb1805,20170607,20170606,210021000,2713.0,32,85536,869440.0,2717.0,2,2713.0,1
rb1805,20170607,20170606,210021500,2713.0,32,85536,869440.0,2717.0,2,2713.0,2
rb1805,20170607,20170606,210022500,2713.0,32,85536,869440.0,2717.0,2,2713.0,2
rb1805,20170607,20170606,210023500,2713.0,32,85536,869440.0,2717.0,2,2713.0,3
rb1805,20170607,20170606,210024500,2713.0,32,85536,869440.0,2717.0,2,2713.0,4
rb1805,20170607,20170606,210027000,2713.0,32,85536,869440.0,2717.0,2,2713.0,4
rb1805,20170607,20170606,210027500,2713.0,34,85536,923700.0,2717.0,2,2713.0,4
rb1805,20170607,20170606,210028000,2713.0,34,85536,923700.0,2717.0,2,2713.0,6
rb1805,20170607,20170606,210028500,2713.0,34,85536,923700.0,2717.0,2,2713.0,6
rb1805,20170607,20170606,210029000,2713.0,34,85536,923700.0,2717.0,2,2713.0,6
rb1805,20170607,20170606,210029500,2713.0,34,85536,923700.0,2717.0,2,2713.0,6
rb1805,20170607,20170606,210030000,2713.0,34,85536,923700.0,2717.0,2,2713.0,4
rb1805,20170607,20170606,210031000,2713.0,34,85536,923700.0,2717.0,2,2713.0,7
rb1805,20170607,20170606,210031500,2713.0,34,85536,923700.0,2717.0,2,2713.0,7
rb1805,20170607,20170606,210032000,2713.0,34,85536,923700.0,2717.0,2,2713.0,7
rb1805,20170607,20170606,210034000,2713.0,34,85536,923700.0,2717.0,3,2713.0,7
rb1805,20170607,20170606,210035000,2713.0,34,85536,923700.0,2717.0,3,2713.0,5
rb1805,20170607,20170606,210035500,2713.0,34,85536,923700.0,2717.0,3,2713.0,5
rb1805,20170607,20170606,210036000,2713.0,34,85536,923700.0,2717.0,3,2713.0,5
rb1805,20170607,20170606,210036500,2713.0,34,85536,923700.0,2717.0,3,2713.0,7
rb1805,20170607,20170606,210037000,2713.0,34,85536,923700.0,2717.0,3,2714.0,1
rb1805,20170607,20170606,210037500,2713.0,34,85536,923700.0,2716.0,1,2714.0,1
rb1805,20170607,20170606,210038000,2713.0,34,85536,923700.0,2716.0,1,2714.0,1
rb1805,20170607,20170606,210038500,2713.0,34,85536,923700.0,2716.0,1,2714.0,1
rb1805,20170607,20170606,210039000,2713.0,34,85536,923700.0,2716.0,1,2714.0,1
rb1805,20170607,20170606,210039500,2713.0,34,85536,923700.0,2716.0,1,2714.0,1
rb1805,20170607,20170606,210040000,2713.0,34,85536,923700.0,2716.0,1,2714.0,1
rb1805,20170607,20170606,210040500,2713.0,34,85536,923700.0,2716.0,1,2714.0,1
rb1805,20170607,20170606,210042000,2713.0,34,85536,923700.0,2716.0,1,2714.0,1
rb1805,20170607,20170606,210042500,2713.0,34,85536,923700.0,2716.0,1,2714.0,1
rb1805,20170607,20170606,210043000,2713.0,34,85536,923700.0,2716.0,1,2714.0,1
rb1805,20170607,20170606,210043500,2713.0,34,85536,923700.0,2716.0,1,2714.0,1
rb1805,20170607,20170606,210044000,2713.0,34,85536,923700.0,2716.0,1,2714.0,1
rb1805,20170607,20170606,210045500,2713.0,34,85536,923700.0,2716.0,1,2714.0,3
rb1805,20170607,20170606,210046000,2714.0,40,85542,1086540.0,2716.0,1,2713.0,19
rb1805,20170607,20170606,210046500,2714.0,40,85542,1086540.0,2717.0,3,2714.0,2
rb1805,20170607,20170606,210047000,2714.0,40,85542,1086540.0,2716.0,1,2715.0,1
rb1805,20170607,20170606,210047500,2715.0,42,85544,1140840.0,2716.0,1,2714.0,3
rb1805,20170607,20170606,210048000,2714.0,46,85546,1249400.0,2716.0,1,2715.0,1
rb1805,20170607,20170606,210048500,2715.0,48,85548,1303700.0,2715.0,2,2714.0,1
rb1805,20170607,20170606,210049000,2715.0,48,85548,1303700.0,2716.0,1,2713.0,16
rb1805,20170607,20170606,210049500,2715.0,48,85548,1303700.0,2716.0,1,2714.0,5
rb1805,20170607,20170606,210050000,2715.0,48,85548,1303700.0,2715.0,2,2714.0,5
rb1805,20170607,20170606,210050500,2715.0,48,85548,1303700.0,2715.0,2,2714.0,5
rb1805,20170607,20170606,210051000,2715.0,48,85548,1303700.0,2715.0,2,2714.0,5
rb1805,20170607,20170606,210051500,2714.0,54,85554,1466540.0,2715.0,2,2714.0,2
rb1805,20170607,20170606,210052000,2714.0,54,85554,1466540.0,2715.0,2,2714.0,2
rb1805,20170607,20170606,210052500,2714.0,58,85558,1575100.0,2714.0,4,2713.0,18
rb1805,20170607,20170606,210053000,2713.0,68,85566,1846400.0,2715.0,2,2713.0,12
rb1805,20170607,20170606,210053500,2713.0,72,85568,1954920.0,2716.0,1,2713.0,10
rb1805,20170607,20170606,210054000,2714.0,74,85568,2009200.0,2716.0,2,2713.0,10
rb1805,20170607,20170606,210055000,2713.0,80,85574,2171980.0,2716.0,2,2713.0,7
rb1805,20170607,20170606,210056000,2713.0,82,85574,2226240.0,2716.0,2,2713.0,6
rb1805,20170607,20170606,210056500,2713.0,82,85574,2226240.0,2716.0,2,2713.0,6
rb1805,20170607,20170606,210057000,2713.0,82,85574,2226240.0,2716.0,2,2713.0,6
rb1805,20170607,20170606,210057500,2713.0,82,85574,2226240.0,2716.0,1,2714.0,1
rb1805,20170607,20170606,210058000,2713.0,88,85578,2389020.0,2716.0,1,2713.0,4
rb1805,20170607,20170606,210059000,2713.0,88,85578,2389020.0,2716.0,1,2713.0,4
rb1805,20170607,20170606,210100000,2713.0,88,85578,2389020.0,2716.0,1,2713.0,4
rb1805,20170607,20170606,210100500,2713.0,94,85584,2551800.0,2716.0,1,2713.0,1
rb1805,20170607,20170606,210101000,2713.0,94,85584,2551800.0,2715.0,2,2713.0,1
rb1805,20170607,20170606,210101500,2713.0,94,85584,2551800.0,2715.0,2,2713.0,6
rb1805,20170607,20170606,210103500,2713.0,94,85584,2551800.0,2715.0,2,2713.0,6
rb1805,20170607,20170606,210104000,2713.0,94,85584,2551800.0,2715.0,2,2713.0,6
rb1805,20170607,20170606,210104500,2713.0,94,85584,2551800.0,2715.0,2,2713.0,7
rb1805,20170607,20170606,210105000,2713.0,94,85584,2551800.0,2715.0,2,2713.0,7
rb1805,20170607,20170606,210105500,2713.0,94,85584,2551800.0,2715.0,2,2713.0,7
rb1805,20170607,20170606,210106000,2713.0,94,85584,2551800.0,2715.0,2,2713.0,7
rb1805,20170607,20170606,210107000,2713.0,94,85584,2551800.0,2715.0,2,2713.0,7
rb1805,20170607,20170606,210107500,2713.0,94,85584,2551800.0,2715.0,2,2713.0,7
rb1805,20170607,20170606,210109000,2713.0,94,85584,2551800.0,2715.0,3,2713.0,7
rb1805,20170607,20170606,210109500,2713.0,94,85584,2551800.0,2715.0,8,2713.0,7
rb1805,20170607,20170606,210110000,2713.0,94,85584,2551800.0,2715.0,3,2713.0,7
rb1805,20170607,20170606,210111000,2713.0,94,85584,2551800.0,2715.0,3,2713.0,7
rb1805,20170607,20170606,210111500,2715.0,96,85586,2606100.0,2715.0,3,2713.0,7
rb1805,20170607,20170606,210113000,2715.0,96,85586,2606100.0,2715.0,3,2713.0,9
rb1805,20170607,20170606,210114000,2715.0,96,85586,2606100.0,2715.0,3,2713.0,9
rb1805,20170607,20170606,210114500,2715.0,96,85586,2606100.0,2715.0,3,2713.0,9
rb1805,20170607,20170606,210115000,2715.0,96,85586,2606100.0,2715.0,3,2713.0,9
rb1805,20170607,20170606,210116000,2715.0,96,85586,2606100.0,2715.0,3,2713.0,10
rb1805,20170607,20170606,210116500,2715.0,96,85586,2606100.0,2715.0,8,2713.0,5
rb1805,20170607,20170606,210117000,2715.0,96,85586,2606100.0,2715.0,8,2714.0,1
rb1805,20170607,20170606,210117500,2715.0,98,85588,2660400.0,2715.0,7,2714.0,1
rb1805,20170607,20170606,210119000,2715.0,98,85588,2660400.0,2715.0,7,2714.0,1
rb1805,20170607,20170606,210119500,2715.0,98,85588,2660400.0,2715.0,2,2714.0,1
rb1805,20170607,20170606,210120000,2715.0,98,85588,2660400.0,2715.0,2,2714.0,6
rb1805,20170607,20170606,210120500,2715.0,102,85584,2769000.0,2717.0,8,2715.0,1
rb1805,20170607,20170606,210121000,2715.0,102,85584,2769000.0,2717.0,8,2714.0,7
rb1805,20170607,20170606,210121500,2715.0,102,85584,2769000.0,2717.0,13,2714.0,6
rb1805,20170607,20170606,210122500,2715.0,102,85584,2769000.0,2717.0,13,2714.0,6
rb1805,20170607,20170606,210123000,2717.0,104,85584,2823340.0,2717.0,12,2715.0,2
rb1805,20170607,20170606,210123500,2717.0,104,85584,2823340.0,2717.0,12,2715.0,2
rb1805,20170607,20170606,210124000,2717.0,104,85584,2823340.0,2717.0,12,2715.0,2
rb1805,20170607,20170606,210124500,2717.0,104,85584,2823340.0,2717.0,12,2715.0,2
rb1805,20170607,20170606,210126000,2717.0,104,85584,2823340.0,2717.0,7,2715.0,7
rb1805,20170607,20170606,210126500,2715.0,110,85586,2986240.0,2717.0,7,2715.0,4
rb1805,20170607,20170606,210127500,2715.0,110,85586,2986240.0,2717.0,7,2715.0,4
rb1805,20170607,20170606,210128000,2715.0,110,85586,2986240.0,2717.0,7,2715.0,4
rb1805,20170607,20170606,210129500,2715.0,110,85586,2986240.0,2717.0,7,2715.0,5
rb1805,20170607,20170606,210130000,2715.0,116,85592,3149140.0,2717.0,7,2716.0,4
rb1805,20170607,20170606,210130500,2716.0,122,85588,3312140.0,2717.0,5,2716.0,1
rb1805,20170607,20170606,210131000,2718.0,138,85582,3746920.0,2718.0,8,2716.0,2
rb1805,20170607,20170606,210131500,2718.0,138,85582,3746920.0,2718.0,8,2716.0,3
rb1805,20170607,20170606,210133500,2718.0,138,85582,3746920.0,2718.0,13,2716.0,2
rb1805,20170607,20170606,210134000,2718.0,138,85582,3746920.0,2717.0,2,2716.0,1
rb1805,20170607,20170606,210134500,2718.0,138,85582,3746920.0,2717.0,2,2715.0,3
rb1805,20170607,20170606,210135000,2718.0,138,85582,3746920.0,2717.0,2,2715.0,4
rb1805,20170607,20170606,210135500,2718.0,138,85582,3746920.0,2717.0,2,2715.0,6
rb1805,20170607,20170606,210136000,2718.0,138,85582,3746920.0,2717.0,2,2715.0,7
rb1805,20170607,20170606,210137000,2718.0,138,85582,3746920.0,2717.0,2,2715.0,7
rb1805,20170607,20170606,210138500,2718.0,138,85582,3746920.0,2717.0,7,2715.0,5
rb1805,20170607,20170606,210139000,2718.0,138,85582,3746920.0,2717.0,7,2715.0,5
rb1805,20170607,20170606,210140000,2718.0,138,85582,3746920.0,2717.0,7,2716.0,3
rb1805,20170607,20170606,210140500,2718.0,138,85582,3746920.0,2717.0,7,2716.0,4
rb1805,20170607,20170606,210141000,2718.0,138,85582,3746920.0,2717.0,2,2716.0,4
rb1805,20170607,20170606,210141500,2718.0,138,85582,3746920.0,2717.0,2,2716.0,4
rb1805,20170607,20170606,210142500,2716.0,142,85584,3855560.0,2717.0,2,2716.0,2
rb1805,20170607,20170606,210143000,2716.0,142,85584,3855560.0,2717.0,2,2716.0,2
rb1805,20170607,20170606,210143500,2716.0,142,85584,3855560.0,2717.0,2,2716.0,2
rb1805,20170607,20170606,210144000,2717.0,146,85584,3964240.0,2718.0,13,2716.0,2
rb1805,20170607,20170606,210144500,2717.0,146,85584,3964240.0,2718.0,13,2716.0,2
rb1805,20170607,20170606,210145500,2717.0,146,85584,3964240.0,2718.0,13,2716.0,2
rb1805,20170607,20170606,210146500,2717.0,146,85584,3964240.0,2718.0,13,2716.0,2
rb1805,20170607,20170606,210147000,2717.0,146,85584,3964240.0,2718.0,13,2716.0,2
rb1805,20170607,20170606,210147500,2717.0,146,85584,3964240.0,2718.0,13,2716.0,2
rb1805,20170607,20170606,210148500,2717.0,146,85584,3964240.0,2718.0,13,2716.0,2
rb1805,20170607,20170606,210150000,2717.0,146,85584,3964240.0,2718.0,13,2716.0,2
rb1805,20170607,20170606,210151000,2717.0,146,85584,3964240.0,2718.0,13,2716.0,2
rb1805,20170607,20170606,210151500,2717.0,146,85584,3964240.0,2718.0,13,2716.0,2
rb1805,20170607,20170606,210152500,2717.0,146,85584,3964240.0,2718.0,13,2717.0,1
rb1805,20170607,20170606,210153000,2717.0,146,85584,3964240.0,2718.0,13,2717.0,2
rb1805,20170607,20170606,210153500,2717.0,146,85584,3964240.0,2718.0,8,2717.0,2
rb1805,20170607,20170606,210154500,2718.0,166,85570,4507840.0,2719.0,2,2718.0,9
rb1805,20170607,20170606,210155000,2718.0,166,85570,4507840.0,2719.0,2,2717.0,1
rb1805,20170607,20170606,210155500,2718.0,166,85570,4507840.0,2719.0,2,2718.0,1
rb1805,20170607,20170606,210157000,2718.0,166,85570,4507840.0,2719.0,7,2718.0,4
rb1805,20170607,20170606,210157500,2718.0,172,85570,4670920.0,2719.0,7,2718.0,1
rb1805,20170607,20170606,210158000,2718.0,174,85570,4725280.0,2718.0,4,2717.0,1
rb1805,20170607,20170606,210158500,2718.0,174,85570,4725280.0,2718.0,3,2717.0,1
rb1805,20170607,20170606,210159500,2718.0,174,85570,4725280.0,2718.0,8,2717.0,1
rb1805,20170607,20170606,210200000,2717.0,176,85572,4779620.0,2717.0,2,2716.0,1
rb1805,20170607,20170606,210200500,2717.0,176,85572,4779620.0,2718.0,8,2717.0,3
rb1805,20170607,20170606,210201000,2717.0,186,85582,5051320.0,2717.0,3,2716.0,1
rb1805,20170607,20170606,210201500,2717.0,186,85582,5051320.0,2718.0,8,2717.0,3
rb1805,20170607,20170606,210202000,2717.0,192,85588,5214340.0,2718.0,8,2716.0,1
rb1805,20170607,20170606,210202500,2717.0,192,85588,5214340.0,2718.0,8,2716.0,1
rb1805,20170607,20170606,210204000,2717.0,192,85588,5214340.0,2718.0,8,2716.0,1
rb1805,20170607,20170606,210204500,2717.0,192,85588,5214340.0,2717.0,2,2716.0,1
rb1805,20170607,20170606,210205000,2717.0,192,85588,5214340.0,2717.0,2,2716.0,1
rb1805,20170607,20170606,210205500,2717.0,192,85588,5214340.0,2717.0,7,2716.0,1
rb1805,20170607,20170606,210206000,2717.0,192,85588,5214340.0,2717.0,7,2716.0,1
rb1805,20170607,20170606,210206500,2717.0,192,85588,5214340.0,2717.0,7,2716.0,3
rb1805,20170607,20170606,210207500,2717.0,194,85590,5268680.0,2717.0,6,2716.0,3
rb1805,20170607,20170606,210208500,2717.0,194,85590,5268680.0,2717.0,6,2716.0,3
rb1805,20170607,20170606,210209000,2717.0,194,85590,5268680.0,2717.0,6,2716.0,3
rb1805,20170607,20170606,210209500,2717.0,194,85590,5268680.0,2717.0,6,2716.0,3
rb1805,20170607,20170606,210210000,2717.0,194,85590,5268680.0,2717.0,1,2716.0,3
rb1805,20170607,20170606,210210500,2717.0,194,85590,5268680.0,2717.0,1,2716.0,4
rb1805,20170607,20170606,210211500,2717.0,194,85590,5268680.0,2717.0,1,2716.0,4
rb1805,20170607,20170606,210212000,2717.0,196,85590,5323020.0,2718.0,8,2717.0,1
rb1805,20170607,20170606,210212500,2717.0,196,85590,5323020.0,2718.0,8,2717.0,1
rb1805,20170607,20170606,210213000,2717.0,196,85590,5323020.0,2718.0,8,2716.0,5
rb1805,20170607,20170606,210213500,2717.0,196,85590,5323020.0,2718.0,3,2717.0,2
rb1805,20170607,20170606,210214500,2717.0,200,85586,5431700.0,2717.0,1,2716.0,5
rb1805,20170607,20170606,210215000,2717.0,202,85586,5486040.0,2718.0,3,2716.0,4
rb1805,20170607,20170606,210216000,2717.0,202,85586,5486040.0,2718.0,1,2716.0,5
rb1805,20170607,20170606,210216500,2717.0,202,85586,5486040.0,2718.0,1,2716.0,5
rb1805,20170607,20170606,210217000,2717.0,202,85586,5486040.0,2718.0,1,2716.0,7
rb1805,20170607,20170606,210217500,2717.0,202,85586,5486040.0,2718.0,1,2716.0,7
rb1805,20170607,20170606,210218500,2717.0,202,85586,5486040.0,2718.0,1,2716.0,7
rb1805,20170607,20170606,210220000,2717.0,202,85586,5486040.0,2718.0,1,2716.0,5
rb1805,20170607,20170606,210220500,2717.0,202,85586,5486040.0,2718.0,1,2716.0,6
rb1805,20170607,20170606,210221000,2717.0,202,85586,5486040.0,2718.0,1,2716.0,6
rb1805,20170607,20170606,210221500,2717.0,202,85586,5486040.0,2718.0,1,2716.0,6
rb1805,20170607,20170606,210222500,2717.0,202,85586,5486040.0,2718.0,1,2716.0,6
rb1805,20170607,20170606,210223500,2717.0,202,85586,5486040.0,2718.0,1,2716.0,6
rb1805,20170607,20170606,210225000,2717.0,202,85586,5486040.0,2718.0,1,2716.0,6
rb1805,20170607,20170606,210229000,2717.0,202,85586,5486040.0,2718.0,1,2716.0,6
rb1805,20170607,20170606,210230500,2717.0,202,85586,5486040.0,2718.0,1,2716.0,7
rb1805,20170607,20170606,210231000,2717.0,202,85586,5486040.0,2718.0,1,2716.0,9
rb1805,20170607,20170606,210233000,2717.0,202,85586,5486040.0,2718.0,1,2717.0,2
rb1805,20170607,20170606,210233500,2717.0,202,85586,5486040.0,2718.0,1,2717.0,3
rb1805,20170607,20170606,210234000,2719.0,212,85576,5757920.0,2719.0,3,2717.0,3
rb1805,20170607,20170606,210234500,2719.0,212,85576,5757920.0,2719.0,3,2717.0,2
rb1805,20170607,20170606,210235000,2719.0,212,85576,5757920.0,2719.0,3,2717.0,5
rb1805,20170607,20170606,210235500,2719.0,212,85576,5757920.0,2719.0,3,2717.0,5
rb1805,20170607,20170606,210236000,2719.0,212,85576,5757920.0,2719.0,3,2717.0,3
rb1805,20170607,20170606,210236500,2719.0,212,85576,5757920.0,2719.0,3,2717.0,3
rb1805,20170607,20170606,210237000,2719.0,212,85576,5757920.0,2719.0,3,2717.0,3
rb1805,20170607,20170606,210238000,2719.0,212,85576,5757920.0,2719.0,3,2717.0,3
rb1805,20170607,20170606,210239000,2719.0,212,85576,5757920.0,2720.0,1,2717.0,3
rb1805,20170607,20170606,210239500,2720.0,216,85574,5866720.0,2719.0,6,2716.0,6
rb1805,20170607,20170606,210240000,2720.0,216,85574,5866720.0,2719.0,5,2717.0,4
rb1805,20170607,20170606,210240500,2720.0,216,85574,5866720.0,2720.0,5,2717.0,4
rb1805,20170607,20170606,210241000,2720.0,216,85574,5866720.0,2719.0,1,2717.0,3
rb1805,20170607,20170606,210241500,2720.0,216,85574,5866720.0,2719.0,1,2717.0,3
rb1805,20170607,20170606,210243000,2720.0,216,85574,5866720.0,2719.0,1,2717.0,3
rb1805,20170607,20170606,210243500,2720.0,216,85574,5866720.0,2719.0,1,2717.0,3
rb1805,20170607,20170606,210246000,2719.0,218,85574,5921100.0,2720.0,5,2717.0,3
rb1805,20170607,20170606,210248000,2717.0,220,85576,5975440.0,2720.0,5,2717.0,2
rb1805,20170607,20170606,210249000,2717.0,220,85576,5975440.0,2720.0,5,2717.0,2
rb1805,20170607,20170606,210249500,2717.0,220,85576,5975440.0,2720.0,5,2717.0,2
rb1805,20170607,20170606,210250000,2717.0,220,85576,5975440.0,2720.0,5,2718.0,2
rb1805,20170607,20170606,210250500,2717.0,220,85576,5975440.0,2720.0,5,2718.0,2
rb1805,20170607,20170606,210251000,2717.0,220,85576,5975440.0,2720.0,5,2718.0,4
rb1805,20170607,20170606,210251500,2717.0,220,85576,5975440.0,2720.0,5,2718.0,4
rb1805,20170607,20170606,210252500,2717.0,220,85576,5975440.0,2720.0,5,2718.0,4
rb1805,20170607,20170606,210254500,2717.0,220,85576,5975440.0,2720.0,5,2718.0,2
rb1805,20170607,20170606,210256000,2717.0,220,85576,5975440.0,2720.0,5,2718.0,2
rb1805,20170607,20170606,210258500,2718.0,224,85580,6084160.0,2718.0,18,2717.0,3
rb1805,20170607,20170606,210259000,2718.0,224,85580,6084160.0,2718.0,18,2717.0,3
rb1805,20170607,20170606,210259500,2718.0,224,85580,6084160.0,2718.0,18,2717.0,3
rb1805,20170607,20170606,210300500,2718.0,228,85582,6192880.0,2718.0,16,2717.0,3
rb1805,20170607,20170606,210301000,2718.0,228,85582,6192880.0,2718.0,16,2717.0,3
rb1805,20170607,20170606,210301500,2718.0,228,85582,6192880.0,2718.0,16,2717.0,1
rb1805,20170607,20170606,210302000,2718.0,230,85584,6247240.0,2718.0,15,2717.0,1
rb1805,20170607,20170606,210302500,2718.0,232,85586,6301600.0,2718.0,14,2717.0,1
rb1805,20170607,20170606,210303500,2718.0,232,85586,6301600.0,2718.0,14,2717.0,1
rb1805,20170607,20170606,210305000,2718.0,232,85586,6301600.0,2718.0,14,2717.0,1
rb1805,20170607,20170606,210307000,2718.0,238,85592,6464680.0,2718.0,11,2717.0,1
rb1805,20170607,20170606,210308000,2718.0,238,85592,6464680.0,2718.0,11,2717.0,1
rb1805,20170607,20170606,210308500,2718.0,238,85592,6464680.0,2718.0,11,2717.0,1
rb1805,20170607,20170606,210310500,2718.0,238,85592,6464680.0,2718.0,11,2717.0,1
rb1805,20170607,20170606,210311500,2718.0,238,85592,6464680.0,2718.0,11,2717.0,1
rb1805,20170607,20170606,210312500,2718.0,238,85592,6464680.0,2718.0,11,2717.0,1
rb1805,20170607,20170606,210313500,2718.0,238,85592,6464680.0,2718.0,11,2717.0,1
rb1805,20170607,20170606,210314500,2717.0,240,85592,6519020.0,2718.0,11,2716.0,11
rb1805,20170607,20170606,210315000,2717.0,240,85592,6519020.0,2718.0,11,2716.0,12
rb1805,20170607,20170606,210316500,2717.0,240,85592,6519020.0,2718.0,11,2716.0,12
rb1805,20170607,20170606,210318000,2717.0,240,85592,6519020.0,2718.0,11,2716.0,12
rb1805,20170607,20170606,210319000,2717.0,240,85592,6519020.0,2718.0,11,2716.0,12
rb1805,20170607,20170606,210321500,2717.0,240,85592,6519020.0,2718.0,11,2716.0,12
rb1805,20170607,20170606,210322000,2717.0,240,85592,6519020.0,2718.0,11,2716.0,12
rb1805,20170607,20170606,210323000,2717.0,240,85592,6519020.0,2717.0,1,2716.0,13
rb1805,20170607,20170606,210323500,2717.0,242,85592,6573360.0,2718.0,11,2717.0,5
rb1805,20170607,20170606,210324000,2717.0,242,85592,6573360.0,2718.0,11,2717.0,2
rb1805,20170607,20170606,210326500,2717.0,242,85592,6573360.0,2718.0,11,2717.0,2
rb1805,20170607,20170606,210327500,2717.0,246,85592,6682040.0,2718.0,16,2717.0,1
rb1805,20170607,20170606,210328000,2717.0,246,85592,6682040.0,2718.0,11,2717.0,1
rb1805,20170607,20170606,210328500,2717.0,246,85592,6682040.0,2718.0,11,2717.0,1
rb1805,20170607,20170606,210329500,2717.0,246,85592,6682040.0,2718.0,11,2717.0,1
rb1805,20170607,20170606,210330000,2717.0,246,85592,6682040.0,2718.0,11,2717.0,1
rb1805,20170607,20170606,210331500,2717.0,246,85592,6682040.0,2718.0,11,2716.0,13
rb1805,20170607,20170606,210332000,2717.0,246,85592,6682040.0,2718.0,11,2717.0,2
rb1805,20170607,20170606,210332500,2716.0,256,85598,6953680.0,2718.0,11,2716.0,13
rb1805,20170607,20170606,210333000,2716.0,256,85598,6953680.0,2718.0,11,2716.0,13
rb1805,20170607,20170606,210334500,2716.0,256,85598,6953680.0,2718.0,11,2716.0,13
rb1805,20170607,20170606,210335000,2716.0,256,85598,6953680.0,2718.0,11,2717.0,1
rb1805,20170607,20170606,210335500,2716.0,256,85598,6953680.0,2718.0,11,2717.0,1
rb1805,20170607,20170606,210336500,2716.0,256,85598,6953680.0,2718.0,11,2717.0,1
rb1805,20170607,20170606,210337500,2716.0,256,85598,6953680.0,2718.0,11,2717.0,1
rb1805,20170607,20170606,210338000,2716.0,256,85598,6953680.0,2718.0,12,2717.0,1
rb1805,20170607,20170606,210338500,2716.0,256,85598,6953680.0,2718.0,12,2717.0,1
rb1805,20170607,20170606,210339000,2716.0,256,85598,6953680.0,2718.0,12,2717.0,1
rb1805,20170607,20170606,210339500,2716.0,256,85598,6953680.0,2718.0,12,2717.0,1
rb1805,20170607,20170606,210340500,2716.0,256,85598,6953680.0,2718.0,12,2717.0,1
rb1805,20170607,20170606,210341000,2716.0,256,85598,6953680.0,2718.0,12,2717.0,11
rb1805,20170607,20170606,210341500,2717.0,266,85608,7225380.0,2718.0,12,2717.0,6
rb1805,20170607,20170606,210342000,2717.0,266,85608,7225380.0,2718.0,22,2717.0,6
rb1805,20170607,20170606,210342500,2717.0,278,85620,7551420.0,2717.0,5,2716.0,13
rb1805,20170607,20170606,210343000,2717.0,288,85620,7823120.0,2718.0,11,2716.0,13
rb1805,20170607,20170606,210343500,2717.0,288,85620,7823120.0,2718.0,11,2716.0,17
rb1805,20170607,20170606,210347000,2717.0,288,85620,7823120.0,2718.0,11,2716.0,17
rb1805,20170607,20170606,210347500,2717.0,288,85620,7823120.0,2718.0,11,2717.0,3
rb1805,20170607,20170606,210348000,2717.0,288,85620,7823120.0,2718.0,11,2717.0,3
rb1805,20170607,20170606,210349000,2717.0,288,85620,7823120.0,2718.0,11,2717.0,3
rb1805,20170607,20170606,210350000,2717.0,288,85620,7823120.0,2718.0,16,2717.0,3
rb1805,20170607,20170606,210350500,2717.0,288,85620,7823120.0,2718.0,17,2717.0,3
rb1805,20170607,20170606,210353000,2717.0,288,85620,7823120.0,2718.0,16,2717.0,4
rb1805,20170607,20170606,210353500,2717.0,288,85620,7823120.0,2718.0,17,2717.0,4
rb1805,20170607,20170606,210354000,2717.0,288,85620,7823120.0,2718.0,17,2717.0,5
rb1805,20170607,20170606,210354500,2717.0,292,85618,7931800.0,2718.0,17,2717.0,3
rb1805,20170607,20170606,210355000,2717.0,292,85618,7931800.0,2718.0,17,2717.0,3
rb1805,20170607,20170606,210355500,2717.0,296,85616,8040480.0,2718.0,17,2717.0,1
rb1805,20170607,20170606,210356000,2717.0,298,85616,8094820.0,2717.0,2,2716.0,12
rb1805,20170607,20170606,210356500,2717.0,298,85616,8094820.0,2718.0,17,2716.0,8
rb1805,20170607,20170606,210357000,2716.0,308,85626,8366420.0,2718.0,16,2716.0,3
rb1805,20170607,20170606,210357500,2716.0,308,85626,8366420.0,2717.0,1,2716.0,3
rb1805,20170607,20170606,210358500,2716.0,308,85626,8366420.0,2717.0,1,2716.0,3
rb1805,20170607,20170606,210359000,2716.0,308,85626,8366420.0,2717.0,1,2716.0,3
rb1805,20170607,20170606,210400000,2716.0,308,85626,8366420.0,2717.0,1,2716.0,3
rb1805,20170607,20170606,210400500,2716.0,308,85626,8366420.0,2717.0,1,2716.0,5
rb1805,20170607,20170606,210402000,2716.0,308,85626,8366420.0,2717.0,3,2716.0,5
rb1805,20170607,20170606,210402500,2716.0,308,85626,8366420.0,2717.0,3,2716.0,5
rb1805,20170607,20170606,210403000,2717.0,310,85628,8420760.0,2717.0,2,2716.0,5
rb1805,20170607,20170606,210404000,2717.0,310,85628,8420760.0,2717.0,2,2716.0,5
rb1805,20170607,20170606,210405000,2717.0,312,85628,8475100.0,2717.0,1,2716.0,5
rb1805,20170607,20170606,210406500,2717.0,312,85628,8475100.0,2717.0,1,2716.0,33
rb1805,20170607,20170606,210407000,2717.0,314,85628,8529440.0,2718.0,21,2716.0,33
rb1805,20170607,20170606,210407500,2717.0,314,85628,8529440.0,2717.0,1,2716.0,33
rb1805,20170607,20170606,210408500,2717.0,314,85628,8529440.0,2717.0,1,2716.0,33
rb1805,20170607,20170606,210409000,2717.0,314,85628,8529440.0,2717.0,1,2716.0,33
rb1805,20170607,20170606,210410000,2717.0,314,85628,8529440.0,2717.0,1,2716.0,33
rb1805,20170607,20170606,210412000,2717.0,314,85628,8529440.0,2717.0,1,2716.0,33
rb1805,20170607,20170606,210413000,2717.0,314,85628,8529440.0,2717.0,1,2716.0,33
rb1805,20170607,20170606,210413500,2716.0,354,85668,9615840.0,2717.0,1,2716.0,13
rb1805,20170607,20170606,210414000,2716.0,354,85668,9615840.0,2717.0,1,2716.0,13
rb1805,20170607,20170606,210414500,2717.0,356,85668,9670180.0,2718.0,21,2716.0,13
rb1805,20170607,20170606,210415000,2716.0,382,85694,10376340.0,2718.0,21,2715.0,6
rb1805,20170607,20170606,210415500,2716.0,382,85694,10376340.0,2717.0,2,2716.0,1
rb1805,20170607,20170606,210416000,2716.0,382,85694,10376340.0,2717.0,2,2715.0,21
rb1805,20170607,20170606,210416500,2717.0,384,85694,10430680.0,2717.0,1,2715.0,12
rb1805,20170607,20170606,210417500,2717.0,384,85694,10430680.0,2717.0,6,2715.0,7
rb1805,20170607,20170606,210419500,2717.0,384,85694,10430680.0,2717.0,6,2715.0,12
rb1805,20170607,20170606,210420500,2717.0,384,85694,10430680.0,2717.0,6,2715.0,12
rb1805,20170607,20170606,210421000,2717.0,396,85692,10756720.0,2718.0,21,2716.0,1
rb1805,20170607,20170606,210421500,2717.0,396,85692,10756720.0,2717.0,2,2715.0,21
rb1805,20170607,20170606,210422000,2717.0,400,85688,10865400.0,2718.0,21,2716.0,3
rb1805,20170607,20170606,210423000,2717.0,400,85688,10865400.0,2718.0,21,2716.0,3
rb1805,20170607,20170606,210423500,2717.0,400,85688,10865400.0,2718.0,21,2716.0,3
rb1805,20170607,20170606,210424000,2717.0,400,85688,10865400.0,2718.0,21,2716.0,4
rb1805,20170607,20170606,210426500,2717.0,400,85688,10865400.0,2718.0,16,2717.0,2
rb1805,20170607,20170606,210427500,2717.0,400,85688,10865400.0,2718.0,16,2717.0,8
rb1805,20170607,20170606,210428000,2718.0,432,85656,11735160.0,2720.0,6,2717.0,9
rb1805,20170607,20170606,210428500,2718.0,432,85656,11735160.0,2720.0,1,2718.0,2
rb1805,20170607,20170606,210429000,2718.0,432,85656,11735160.0,2720.0,1,2718.0,7
rb1805,20170607,20170606,210430500,2718.0,432,85656,11735160.0,2720.0,1,2718.0,7
rb1805,20170607,20170606,210432000,2718.0,432,85656,11735160.0,2720.0,1,2718.0,7
rb1805,20170607,20170606,210434000,2718.0,432,85656,11735160.0,2720.0,1,2718.0,9
rb1805,20170607,20170606,210434500,2718.0,432,85656,11735160.0,2720.0,1,2718.0,10
rb1805,20170607,20170606,210435000,2718.0,432,85656,11735160.0,2720.0,1,2718.0,10
rb1805,20170607,20170606,210436500,2718.0,432,85656,11735160.0,2720.0,1,2718.0,10
rb1805,20170607,20170606,210438500,2718.0,432,85656,11735160.0,2720.0,1,2719.0,1
rb1805,20170607,20170606,210439000,2718.0,432,85656,11735160.0,2720.0,1,2719.0,2
rb1805,20170607,20170606,210439500,2720.0,434,85656,11789560.0,2721.0,3,2720.0,2
rb1805,20170607,20170606,210441000,2720.0,434,85656,11789560.0,2721.0,3,2720.0,2
rb1805,20170607,20170606,210441500,2721.0,444,85654,12061580.0,2721.0,2,2720.0,1
rb1805,20170607,20170606,210442000,2720.0,446,85654,12115980.0,2721.0,2,2719.0,2
rb1805,20170607,20170606,210442500,2721.0,450,85650,12224820.0,2720.0,20,2719.0,11
rb1805,20170607,20170606,210443000,2720.0,490,85650,13312820.0,2722.0,3,2719.0,11
rb1805,20170607,20170606,210443500,2720.0,490,85650,13312820.0,2722.0,3,2719.0,6
rb1805,20170607,20170606,210444500,2720.0,490,85650,13312820.0,2722.0,3,2719.0,6
rb1805,20170607,20170606,210445000,2720.0,490,85650,13312820.0,2722.0,3,2720.0,4
rb1805,20170607,20170606,210446000,2720.0,490,85650,13312820.0,2722.0,3,2720.0,4
rb1805,20170607,20170606,210448000,2722.0,494,85652,13421700.0,2722.0,1,2720.0,4
rb1805,20170607,20170606,210448500,2722.0,494,85652,13421700.0,2722.0,1,2720.0,4
rb1805,20170607,20170606,210449000,2722.0,494,85652,13421700.0,2722.0,1,2720.0,4
rb1805,20170607,20170606,210449500,2722.0,496,85652,13476140.0,2723.0,12,2722.0,3
rb1805,20170607,20170606,210450000,2722.0,502,85658,13639460.0,2722.0,2,2720.0,4
rb1805,20170607,20170606,210450500,2720.0,506,85662,13748260.0,2723.0,12,2720.0,7
rb1805,20170607,20170606,210451000,2720.0,506,85662,13748260.0,2723.0,12,2720.0,7
rb1805,20170607,20170606,210451500,2720.0,506,85662,13748260.0,2723.0,12,2720.0,8
rb1805,20170607,20170606,210452000,2720.0,506,85662,13748260.0,2723.0,12,2720.0,9
rb1805,20170607,20170606,210453000,2720.0,506,85662,13748260.0,2723.0,12,2720.0,10
rb1805,20170607,20170606,210456500,2720.0,506,85662,13748260.0,2723.0,12,2720.0,20
rb1805,20170607,20170606,210457000,2720.0,506,85662,13748260.0,2722.0,3,2720.0,20
rb1805,20170607,20170606,210457500,2720.0,506,85662,13748260.0,2722.0,3,2720.0,10
rb1805,20170607,20170606,210458000,2720.0,506,85662,13748260.0,2722.0,3,2720.0,10
rb1805,20170607,20170606,210458500,2720.0,506,85662,13748260.0,2722.0,3,2720.0,11
rb1805,20170607,20170606,210459500,2720.0,506,85662,13748260.0,2722.0,3,2720.0,12
rb1805,20170607,20170606,210500000,2720.0,506,85662,13748260.0,2722.0,3,2720.0,12
rb1805,20170607,20170606,210500500,2722.0,512,85656,13911580.0,2723.0,12,2720.0,22
rb1805,20170607,20170606,210501000,2722.0,512,85656,13911580.0,2723.0,12,2721.0,2
rb1805,20170607,20170606,210501500,2722.0,512,85656,13911580.0,2722.0,2,2721.0,2
rb1805,20170607,20170606,210502000,2722.0,512,85656,13911580.0,2723.0,12,2721.0,2
rb1805,20170607,20170606,210503000,2722.0,512,85656,13911580.0,2723.0,12,2722.0,1
rb1805,20170607,20170606,210503500,2722.0,514,85656,13966020.0,2723.0,13,2721.0,13
rb1805,20170607,20170606,210504000,2722.0,514,85656,13966020.0,2723.0,12,2721.0,13
rb1805,20170607,20170606,210505000,2723.0,538,85634,14619540.0,2724.0,3,2721.0,23
rb1805,20170607,20170606,210505500,2723.0,538,85634,14619540.0,2724.0,3,2721.0,18
rb1805,20170607,20170606,210506000,2723.0,538,85634,14619540.0,2724.0,5,2721.0,18
rb1805,20170607,20170606,210506500,2723.0,538,85634,14619540.0,2724.0,6,2721.0,18
rb1805,20170607,20170606,210507500,2723.0,538,85634,14619540.0,2724.0,5,2721.0,19
rb1805,20170607,20170606,210508000,2723.0,538,85634,14619540.0,2724.0,5,2721.0,19
rb1805,20170607,20170606,210509500,2723.0,538,85634,14619540.0,2724.0,5,2721.0,19
rb1805,20170607,20170606,210510000,2723.0,538,85634,14619540.0,2724.0,6,2721.0,19
rb1805,20170607,20170606,210511000,2723.0,538,85634,14619540.0,2724.0,6,2721.0,19
rb1805,20170607,20170606,210511500,2723.0,538,85634,14619540.0,2724.0,6,2721.0,19
rb1805,20170607,20170606,210512000,2724.0,540,85634,14674020.0,2724.0,5,2721.0,19
rb1805,20170607,20170606,210512500,2724.0,540,85634,14674020.0,2724.0,10,2721.0,19
rb1805,20170607,20170606,210513000,2724.0,540,85634,14674020.0,2722.0,40,2721.0,19
rb1805,20170607,20170606,210513500,2722.0,594,85634,16143900.0,2722.0,13,2721.0,19
rb1805,20170607,20170606,210514000,2722.0,594,85634,16143900.0,2722.0,13,2721.0,19
rb1805,20170607,20170606,210515000,2722.0,594,85634,16143900.0,2722.0,13,2721.0,19
rb1805,20170607,20170606,210515500,2722.0,594,85634,16143900.0,2722.0,13,2721.0,14
rb1805,20170607,20170606,210516000,2722.0,594,85634,16143900.0,2722.0,13,2721.0,14
rb1805,20170607,20170606,210516500,2722.0,598,85636,16252780.0,2722.0,11,2721.0,19
rb1805,20170607,20170606,210517000,2722.0,598,85636,16252780.0,2722.0,11,2721.0,19
rb1805,20170607,20170606,210517500,2722.0,598,85636,16252780.0,2722.0,11,2721.0,19
rb1805,20170607,20170606,210518000,2722.0,598,85636,16252780.0,2722.0,11,2721.0,19
rb1805,20170607,20170606,210518500,2722.0,598,85636,16252780.0,2722.0,11,2721.0,14
rb1805,20170607,20170606,210520000,2722.0,598,85636,16252780.0,2722.0,11,2721.0,14
rb1805,20170607,20170606,210521500,2722.0,600,85638,16307220.0,2722.0,10,2721.0,14
rb1805,20170607,20170606,210522000,2722.0,600,85638,16307220.0,2722.0,10,2721.0,19
rb1805,20170607,20170606,210522500,2722.0,616,85650,16742740.0,2722.0,2,2721.0,30
rb1805,20170607,20170606,210523000,2722.0,618,85650,16797180.0,2722.0,1,2721.0,29
rb1805,20170607,20170606,210524500,2722.0,618,85650,16797180.0,2722.0,1,2721.0,29
rb1805,20170607,20170606,210525000,2722.0,620,85650,16851620.0,2722.0,1,2721.0,29
rb1805,20170607,20170606,210525500,2722.0,620,85650,16851620.0,2722.0,1,2721.0,19
rb1805,20170607,20170606,210526000,2722.0,622,85652,16906060.0,2723.0,1,2722.0,3
rb1805,20170607,20170606,210527500,2722.0,624,85654,16960500.0,2723.0,1,2722.0,2
rb1805,20170607,20170606,210529000,2722.0,630,85658,17123820.0,2722.0,1,2721.0,14
rb1805,20170607,20170606,210529500,2721.0,632,85660,17178240.0,2723.0,1,2721.0,13
rb1805,20170607,20170606,210530000,2721.0,632,85660,17178240.0,2723.0,1,2721.0,13
rb1805,20170607,20170606,210530500,2721.0,632,85660,17178240.0,2723.0,1,2721.0,26
rb1805,20170607,20170606,210531000,2721.0,632,85660,17178240.0,2723.0,1,2721.0,31
rb1805,20170607,20170606,210532500,2723.0,634,85662,17232700.0,2724.0,11,2723.0,1
rb1805,20170607,20170606,210533000,2723.0,634,85662,17232700.0,2724.0,11,2723.0,1
rb1805,20170607,20170606,210533500,2723.0,634,85662,17232700.0,2724.0,11,2723.0,6
rb1805,20170607,20170606,210534000,2723.0,638,85666,17341620.0,2724.0,11,2723.0,14
rb1805,20170607,20170606,210534500,2723.0,638,85666,17341620.0,2724.0,11,2723.0,10
rb1805,20170607,20170606,210535000,2723.0,638,85666,17341620.0,2724.0,11,2723.0,10
rb1805,20170607,20170606,210535500,2723.0,638,85666,17341620.0,2724.0,11,2723.0,10
rb1805,20170607,20170606,210536000,2724.0,644,85668,17505060.0,2724.0,8,2723.0,10
rb1805,20170607,20170606,210536500,2724.0,644,85668,17505060.0,2724.0,8,2723.0,10
rb1805,20170607,20170606,210537000,2724.0,644,85668,17505060.0,2724.0,9,2723.0,10
rb1805,20170607,20170606,210537500,2724.0,646,85668,17559540.0,2724.0,8,2723.0,10
rb1805,20170607,20170606,210539000,2724.0,662,85652,17995380.0,2725.0,8,2723.0,12
rb1805,20170607,20170606,210539500,2723.0,682,85632,18539980.0,2725.0,8,2723.0,2
rb1805,20170607,20170606,210540000,2723.0,682,85632,18539980.0,2725.0,9,2721.0,17
rb1805,20170607,20170606,210540500,2723.0,682,85632,18539980.0,2725.0,9,2722.0,10
rb1805,20170607,20170606,210541000,2723.0,682,85632,18539980.0,2725.0,9,2722.0,16
rb1805,20170607,20170606,210541500,2723.0,682,85632,18539980.0,2724.0,2,2723.0,1
rb1805,20170607,20170606,210542000,2723.0,682,85632,18539980.0,2724.0,2,2723.0,1
rb1805,20170607,20170606,210542500,2724.0,686,85628,18648940.0,2725.0,10,2724.0,8
rb1805,20170607,20170606,210543000,2724.0,686,85628,18648940.0,2725.0,10,2724.0,8
rb1805,20170607,20170606,210543500,2724.0,694,85628,18866860.0,2725.0,11,2724.0,4
rb1805,20170607,20170606,210544000,2724.0,702,85628,19084780.0,2725.0,11,2723.0,1
rb1805,20170607,20170606,210544500,2724.0,702,85628,19084780.0,2725.0,10,2723.0,1
rb1805,20170607,20170606,210545000,2724.0,702,85628,19084780.0,2724.0,1,2722.0,5
rb1805,20170607,20170606,210545500,2724.0,706,85628,19193740.0,2725.0,9,2724.0,9
rb1805,20170607,20170606,210546000,2724.0,706,85628,19193740.0,2725.0,8,2724.0,10
rb1805,20170607,20170606,210546500,2724.0,706,85628,19193740.0,2725.0,8,2724.0,10
rb1805,20170607,20170606,210547000,2724.0,706,85628,19193740.0,2725.0,8,2724.0,10
rb1805,20170607,20170606,210548000,2724.0,706,85628,19193740.0,2725.0,8,2724.0,10
rb1805,20170607,20170606,210548500,2724.0,714,85634,19411660.0,2725.0,8,2724.0,6
rb1805,20170607,20170606,210549000,2724.0,714,85634,19411660.0,2725.0,9,2724.0,6
rb1805,20170607,20170606,210550500,2724.0,714,85634,19411660.0,2725.0,9,2724.0,6
rb1805,20170607,20170606,210551000,2724.0,718,85638,19520620.0,2725.0,9,2724.0,4
rb1805,20170607,20170606,210552000,2724.0,718,85638,19520620.0,2725.0,10,2724.0,4
rb1805,20170607,20170606,210554000,2725.0,720,85636,19575120.0,2725.0,9,2724.0,4
rb1805,20170607,20170606,210554500,2724.0,722,85636,19629600.0,2725.0,9,2724.0,3
rb1805,20170607,20170606,210555000,2724.0,722,85636,19629600.0,2725.0,9,2724.0,2
rb1805,20170607,20170606,210555500,2725.0,724,85636,19684100.0,2725.0,8,2724.0,2
rb1805,20170607,20170606,210556000,2725.0,724,85636,19684100.0,2725.0,8,2724.0,2
rb1805,20170607,20170606,210558000,2725.0,724,85636,19684100.0,2725.0,8,2724.0,2
rb1805,20170607,20170606,210559000,2725.0,724,85636,19684100.0,2725.0,8,2724.0,2
rb1805,20170607,20170606,210559500,2724.0,726,85636,19738580.0,2725.0,8,2724.0,1
rb1805,20170607,20170606,210600000,2724.0,726,85636,19738580.0,2725.0,8,2724.0,1
rb1805,20170607,20170606,210600500,2724.0,726,85636,19738580.0,2725.0,9,2724.0,1
rb1805,20170607,20170606,210601000,2724.0,726,85636,19738580.0,2725.0,9,2724.0,11
rb1805,20170607,20170606,210601500,2724.0,726,85636,19738580.0,2725.0,9,2724.0,11
rb1805,20170607,20170606,210602000,2724.0,726,85636,19738580.0,2725.0,10,2724.0,22
rb1805,20170607,20170606,210602500,2724.0,736,85628,20010980.0,2725.0,10,2724.0,17
rb1805,20170607,20170606,210603000,2724.0,736,85628,20010980.0,2725.0,10,2724.0,19
rb1805,20170607,20170606,210603500,2724.0,736,85628,20010980.0,2725.0,10,2724.0,19
rb1805,20170607,20170606,210604500,2724.0,736,85628,20010980.0,2725.0,10,2724.0,22
rb1805,20170607,20170606,210605000,2724.0,736,85628,20010980.0,2725.0,10,2724.0,16
rb1805,20170607,20170606,210606000,2724.0,736,85628,20010980.0,2725.0,10,2724.0,16
rb1805,20170607,20170606,210606500,2724.0,736,85628,20010980.0,2725.0,11,2724.0,16
rb1805,20170607,20170606,210607500,2724.0,736,85628,20010980.0,2725.0,11,2724.0,16
rb1805,20170607,20170606,210608000,2724.0,736,85628,20010980.0,2725.0,11,2724.0,16
rb1805,20170607,20170606,210609000,2724.0,738,85626,20065460.0,2725.0,11,2724.0,15
rb1805,20170607,20170606,210610500,2724.0,738,85626,20065460.0,2725.0,11,2724.0,15
rb1805,20170607,20170606,210611000,2724.0,738,85626,20065460.0,2725.0,11,2724.0,15
rb1805,20170607,20170606,210612000,2724.0,738,85626,20065460.0,2725.0,11,2724.0,15
rb1805,20170607,20170606,210613500,2724.0,738,85626,20065460.0,2725.0,11,2724.0,15
rb1805,20170607,20170606,210614000,2724.0,738,85626,20065460.0,2725.0,11,2724.0,14
rb1805,20170607,20170606,210615000,2724.0,738,85626,20065460.0,2725.0,11,2724.0,14
rb1805,20170607,20170606,210616500,2724.0,738,85626,20065460.0,2725.0,11,2724.0,14
rb1805,20170607,20170606,210617000,2724.0,742,85622,20174420.0,2725.0,12,2724.0,12
rb1805,20170607,20170606,210617500,2725.0,748,85622,20337920.0,2725.0,9,2724.0,12
rb1805,20170607,20170606,210618000,2725.0,748,85622,20337920.0,2725.0,13,2724.0,12
rb1805,20170607,20170606,210618500,2725.0,748,85622,20337920.0,2725.0,13,2724.0,12
rb1805,20170607,20170606,210619000,2724.0,752,85618,20446880.0,2725.0,13,2724.0,10
rb1805,20170607,20170606,210619500,2724.0,754,85616,20501360.0,2725.0,13,2724.0,9
rb1805,20170607,20170606,210620500,2725.0,756,85616,20555860.0,2725.0,12,2724.0,9
rb1805,20170607,20170606,210621000,2725.0,756,85616,20555860.0,2725.0,13,2724.0,9
rb1805,20170607,20170606,210622500,2725.0,756,85616,20555860.0,2725.0,13,2724.0,9
rb1805,20170607,20170606,210623000,2725.0,756,85616,20555860.0,2725.0,13,2724.0,6
rb1805,20170607,20170606,210624500,2725.0,756,85616,20555860.0,2725.0,16,2724.0,6
rb1805,20170607,20170606,210625000,2725.0,756,85616,20555860.0,2725.0,17,2724.0,6
rb1805,20170607,20170606,210626000,2725.0,758,85616,20610360.0,2725.0,15,2724.0,6
rb1805,20170607,20170606,210626500,2725.0,758,85616,20610360.0,2725.0,15,2724.0,6
rb1805,20170607,20170606,210627000,2724.0,760,85616,20664840.0,2725.0,15,2724.0,5
rb1805,20170607,20170606,210627500,2724.0,762,85614,20719320.0,2725.0,16,2724.0,4
rb1805,20170607,20170606,210628000,2722.0,776,85614,21100560.0,2725.0,16,2722.0,7
rb1805,20170607,20170606,210628500,2722.0,776,85614,21100560.0,2725.0,16,2722.0,13
rb1805,20170607,20170606,210630000,2722.0,776,85614,21100560.0,2725.0,16,2722.0,13
rb1805,20170607,20170606,210630500,2722.0,776,85614,21100560.0,2725.0,18,2722.0,13
rb1805,20170607,20170606,210631000,2722.0,776,85614,21100560.0,2725.0,18,2724.0,50
rb1805,20170607,20170606,210631500,2724.0,798,85636,21699840.0,2725.0,18,2724.0,39
rb1805,20170607,20170606,210632000,2724.0,798,85636,21699840.0,2725.0,17,2724.0,39
rb1805,20170607,20170606,210632500,2724.0,800,85638,21754320.0,2725.0,17,2724.0,38
rb1805,20170607,20170606,210633000,2724.0,802,85638,21808800.0,2725.0,17,2724.0,37
rb1805,20170607,20170606,210635500,2724.0,802,85638,21808800.0,2725.0,17,2724.0,37
rb1805,20170607,20170606,210636000,2724.0,802,85638,21808800.0,2725.0,17,2724.0,37
rb1805,20170607,20170606,210637000,2724.0,802,85638,21808800.0,2725.0,17,2724.0,37
rb1805,20170607,20170606,210638000,2724.0,802,85638,21808800.0,2725.0,17,2724.0,43
rb1805,20170607,20170606,210638500,2724.0,806,85636,21917780.0,2725.0,16,2724.0,42
rb1805,20170607,20170606,210639000,2724.0,806,85636,21917780.0,2725.0,16,2724.0,42
rb1805,20170607,20170606,210639500,2724.0,824,85652,22408100.0,2725.0,16,2724.0,27
rb1805,20170607,20170606,210641000,2724.0,842,85670,22898420.0,2725.0,20,2724.0,24
rb1805,20170607,20170606,210641500,2724.0,844,85672,22952900.0,2725.0,20,2724.0,17
rb1805,20170607,20170606,210642000,2724.0,844,85672,22952900.0,2725.0,20,2724.0,17
rb1805,20170607,20170606,210642500,2724.0,860,85688,23388740.0,2725.0,20,2724.0,9
rb1805,20170607,20170606,210643500,2724.0,860,85688,23388740.0,2725.0,20,2724.0,9
rb1805,20170607,20170606,210644000,2725.0,876,85702,23824600.0,2725.0,19,2724.0,2
rb1805,20170607,20170606,210645500,2724.0,880,85706,23933560.0,2725.0,19,2723.0,5
rb1805,20170607,20170606,210646000,2724.0,880,85706,23933560.0,2724.0,1,2723.0,5
rb1805,20170607,20170606,210646500,2723.0,886,85706,24096940.0,2724.0,1,2723.0,2
rb1805,20170607,20170606,210648500,2723.0,890,85706,24205860.0,2724.0,1,2722.0,7
rb1805,20170607,20170606,210649000,2723.0,890,85706,24205860.0,2724.0,1,2722.0,13
rb1805,20170607,20170606,210649500,2723.0,890,85706,24205860.0,2724.0,6,2722.0,14
rb1805,20170607,20170606,210650000,2722.0,906,85716,24641380.0,2724.0,6,2722.0,6
rb1805,20170607,20170606,210651000,2722.0,906,85716,24641380.0,2724.0,6,2722.0,6
rb1805,20170607,20170606,210651500,2722.0,918,85718,24968020.0,2724.0,6,2721.0,19
rb1805,20170607,20170606,210652500,2721.0,936,85718,25457800.0,2724.0,6,2721.0,5
rb1805,20170607,20170606,210653500,2721.0,936,85718,25457800.0,2723.0,1,2721.0,5
rb1805,20170607,20170606,210654000,2721.0,936,85718,25457800.0,2723.0,6,2721.0,5
rb1805,20170607,20170606,210655000,2721.0,936,85718,25457800.0,2723.0,6,2721.0,7
rb1805,20170607,20170606,210657000,2721.0,936,85718,25457800.0,2723.0,6,2721.0,7
rb1805,20170607,20170606,210657500,2721.0,936,85718,25457800.0,2723.0,6,2721.0,7
rb1805,20170607,20170606,210658000,2721.0,936,85718,25457800.0,2723.0,6,2721.0,7
rb1805,20170607,20170606,210658500,2721.0,936,85718,25457800.0,2722.0,1,2721.0,7
rb1805,20170607,20170606,210659000,2721.0,936,85718,25457800.0,2722.0,1,2721.0,7
rb1805,20170607,20170606,210659500,2721.0,936,85718,25457800.0,2722.0,6,2721.0,7
rb1805,20170607,20170606,210700500,2721.0,938,85716,25512220.0,2722.0,6,2721.0,6
rb1805,20170607,20170606,210701000,2721.0,940,85716,25566640.0,2722.0,6,2721.0,5
rb1805,20170607,20170606,210703000,2721.0,940,85716,25566640.0,2722.0,6,2721.0,5
rb1805,20170607,20170606,210703500,2721.0,940,85716,25566640.0,2722.0,6,2721.0,5
rb1805,20170607,20170606,210705500,2721.0,940,85716,25566640.0,2722.0,6,2721.0,5
rb1805,20170607,20170606,210706000,2722.0,952,85728,25893280.0,2723.0,6,2721.0,5
rb1805,20170607,20170606,210706500,2722.0,952,85728,25893280.0,2722.0,2,2721.0,5
rb1805,20170607,20170606,210707000,2722.0,952,85728,25893280.0,2722.0,2,2721.0,5
rb1805,20170607,20170606,210707500,2722.0,952,85728,25893280.0,2722.0,2,2721.0,5
rb1805,20170607,20170606,210708500,2722.0,952,85728,25893280.0,2722.0,2,2721.0,5
rb1805,20170607,20170606,210709500,2722.0,952,85728,25893280.0,2722.0,2,2721.0,5
rb1805,20170607,20170606,210710000,2722.0,952,85728,25893280.0,2722.0,2,2721.0,5
rb1805,20170607,20170606,210711500,2722.0,952,85728,25893280.0,2722.0,2,2721.0,10
rb1805,20170607,20170606,210712000,2722.0,952,85728,25893280.0,2723.0,8,2721.0,10
rb1805,20170607,20170606,210712500,2722.0,952,85728,25893280.0,2723.0,8,2721.0,10
rb1805,20170607,20170606,210713000,2722.0,952,85728,25893280.0,2723.0,1,2722.0,2
rb1805,20170607,20170606,210713500,2723.0,954,85728,25947740.0,2724.0,8,2722.0,8
rb1805,20170607,20170606,210714000,2723.0,954,85728,25947740.0,2724.0,8,2722.0,10
rb1805,20170607,20170606,210714500,2721.0,996,85708,27090760.0,2721.0,29,2720.0,11
rb1805,20170607,20170606,210715000,2721.0,1010,85700,27471700.0,2721.0,22,2720.0,8
rb1805,20170607,20170606,210715500,2721.0,1020,85690,27743800.0,2721.0,17,2720.0,6
rb1805,20170607,20170606,210716000,2721.0,1020,85690,27743800.0,2721.0,17,2720.0,6
rb1805,20170607,20170606,210716500,2721.0,1022,85690,27798220.0,2721.0,16,2720.0,6
rb1805,20170607,20170606,210719000,2721.0,1022,85690,27798220.0,2721.0,16,2720.0,8
rb1805,20170607,20170606,210720000,2721.0,1022,85690,27798220.0,2721.0,16,2720.0,9
rb1805,20170607,20170606,210720500,2721.0,1022,85690,27798220.0,2721.0,16,2720.0,9
rb1805,20170607,20170606,210721000,2721.0,1022,85690,27798220.0,2721.0,16,2720.0,8
rb1805,20170607,20170606,210722000,2721.0,1044,85668,28396840.0,2721.0,5,2720.0,9
rb1805,20170607,20170606,210722500,2721.0,1054,85658,28668940.0,2724.0,9,2721.0,3
rb1805,20170607,20170606,210723000,2721.0,1054,85658,28668940.0,2723.0,2,2720.0,9
rb1805,20170607,20170606,210723500,2721.0,1054,85658,28668940.0,2723.0,7,2720.0,9
rb1805,20170607,20170606,210724000,2721.0,1054,85658,28668940.0,2723.0,7,2720.0,8
rb1805,20170607,20170606,210727000,2721.0,1054,85658,28668940.0,2723.0,7,2720.0,8
rb1805,20170607,20170606,210728500,2721.0,1054,85658,28668940.0,2723.0,7,2720.0,8
rb1805,20170607,20170606,210729500,2721.0,1054,85658,28668940.0,2723.0,7,2720.0,8
rb1805,20170607,20170606,210731000,2721.0,1054,85658,28668940.0,2723.0,7,2720.0,8
rb1805,20170607,20170606,210731500,2721.0,1054,85658,28668940.0,2723.0,7,2720.0,8
rb1805,20170607,20170606,210732000,2721.0,1054,85658,28668940.0,2723.0,7,2720.0,9
rb1805,20170607,20170606,210734500,2721.0,1054,85658,28668940.0,2722.0,2,2720.0,9
rb1805,20170607,20170606,210737000,2721.0,1054,85658,28668940.0,2722.0,2,2720.0,10
rb1805,20170607,20170606,210737500,2721.0,1054,85658,28668940.0,2722.0,2,2720.0,10
rb1805,20170607,20170606,210738000,2721.0,1054,85658,28668940.0,2722.0,2,2720.0,10
rb1805,20170607,20170606,210748000,2720.0,1058,85658,28777740.0,2722.0,2,2720.0,18
rb1805,20170607,20170606,210748500,2720.0,1060,85658,28832140.0,2722.0,2,2720.0,17
rb1805,20170607,20170606,210749000,2720.0,1060,85658,28832140.0,2722.0,2,2720.0,17
rb1805,20170607,20170606,210750000,2720.0,1060,85658,28832140.0,2722.0,2,2720.0,18
rb1805,20170607,20170606,210750500,2720.0,1060,85658,28832140.0,2722.0,2,2720.0,8
rb1805,20170607,20170606,210751500,2720.0,1060,85658,28832140.0,2722.0,2,2720.0,8
rb1805,20170607,20170606,210752000,2720.0,1060,85658,28832140.0,2722.0,2,2720.0,8
rb1805,20170607,20170606,210752500,2720.0,1060,85658,28832140.0,2722.0,2,2720.0,8
rb1805,20170607,20170606,210753500,2720.0,1060,85658,28832140.0,2721.0,1,2720.0,8
rb1805,20170607,20170606,210754500,2720.0,1062,85660,28886540.0,2721.0,1,2720.0,7
rb1805,20170607,20170606,210757500,2720.0,1064,85662,28940940.0,2721.0,1,2720.0,6
rb1805,20170607,20170606,210758000,2721.0,1066,85664,28995360.0,2722.0,2,2720.0,6
rb1805,20170607,20170606,210758500,2721.0,1066,85664,28995360.0,2722.0,7,2720.0,6
rb1805,20170607,20170606,210759000,2721.0,1066,85664,28995360.0,2721.0,12,2720.0,6
rb1805,20170607,20170606,210759500,2721.0,1066,85664,28995360.0,2721.0,17,2720.0,6
rb1805,20170607,20170606,210800000,2721.0,1066,85664,28995360.0,2721.0,17,2720.0,7
rb1805,20170607,20170606,210800500,2721.0,1066,85664,28995360.0,2721.0,17,2720.0,7
rb1805,20170607,20170606,210801000,2721.0,1066,85664,28995360.0,2721.0,18,2720.0,7
rb1805,20170607,20170606,210802000,2721.0,1066,85664,28995360.0,2721.0,17,2720.0,7
rb1805,20170607,20170606,210803000,2721.0,1066,85664,28995360.0,2721.0,17,2720.0,7
rb1805,20170607,20170606,210803500,2721.0,1066,85664,28995360.0,2721.0,17,2720.0,7
rb1805,20170607,20170606,210806500,2721.0,1066,85664,28995360.0,2721.0,17,2720.0,7
rb1805,20170607,20170606,210807000,2721.0,1066,85664,28995360.0,2721.0,17,2720.0,6
rb1805,20170607,20170606,210808000,2720.0,1068,85662,29049760.0,2721.0,12,2720.0,5
rb1805,20170607,20170606,210808500,2720.0,1068,85662,29049760.0,2721.0,12,2720.0,6
rb1805,20170607,20170606,210809000,2720.0,1072,85658,29158560.0,2721.0,17,2720.0,4
rb1805,20170607,20170606,210809500,2720.0,1072,85658,29158560.0,2721.0,12,2720.0,4
rb1805,20170607,20170606,210812500,2720.0,1074,85660,29212960.0,2721.0,12,2720.0,3
rb1805,20170607,20170606,210813500,2720.0,1074,85660,29212960.0,2721.0,17,2720.0,3
rb1805,20170607,20170606,210814500,2720.0,1076,85660,29267360.0,2721.0,17,2720.0,3
rb1805,20170607,20170606,210815000,2720.0,1078,85660,29321760.0,2721.0,17,2720.0,2
rb1805,20170607,20170606,210816500,2720.0,1078,85660,29321760.0,2721.0,17,2720.0,2
rb1805,20170607,20170606,210818000,2720.0,1082,85660,29430560.0,2721.0,18,2719.0,2
rb1805,20170607,20170606,210819000,2720.0,1082,85660,29430560.0,2721.0,18,2720.0,5
rb1805,20170607,20170606,210819500,2720.0,1092,85670,29702560.0,2720.0,6,2719.0,2
rb1805,20170607,20170606,210820000,2720.0,1092,85670,29702560.0,2721.0,18,2719.0,2
rb1805,20170607,20170606,210820500,2720.0,1092,85670,29702560.0,2721.0,18,2719.0,5
rb1805,20170607,20170606,210821000,2720.0,1092,85670,29702560.0,2720.0,2,2719.0,5
rb1805,20170607,20170606,210822500,2720.0,1092,85670,29702560.0,2720.0,3,2719.0,5
rb1805,20170607,20170606,210825500,2720.0,1092,85670,29702560.0,2720.0,4,2719.0,5
rb1805,20170607,20170606,210826000,2720.0,1092,85670,29702560.0,2720.0,4,2719.0,5
rb1805,20170607,20170606,210827000,2720.0,1092,85670,29702560.0,2720.0,2,2719.0,5
rb1805,20170607,20170606,210827500,2720.0,1096,85666,29811360.0,2721.0,18,2720.0,2
rb1805,20170607,20170606,210828000,2720.0,1096,85666,29811360.0,2721.0,18,2719.0,5
rb1805,20170607,20170606,210829500,2720.0,1096,85666,29811360.0,2721.0,18,2719.0,6
rb1805,20170607,20170606,210830000,2720.0,1096,85666,29811360.0,2720.0,2,2719.0,6
rb1805,20170607,20170606,210832000,2720.0,1096,85666,29811360.0,2720.0,2,2719.0,6
rb1805,20170607,20170606,210833500,2720.0,1096,85666,29811360.0,2720.0,2,2719.0,6
rb1805,20170607,20170606,210834000,2720.0,1096,85666,29811360.0,2721.0,18,2719.0,6
rb1805,20170607,20170606,210834500,2720.0,1096,85666,29811360.0,2721.0,13,2719.0,8
rb1805,20170607,20170606,210835000,2720.0,1096,85666,29811360.0,2721.0,13,2720.0,2
rb1805,20170607,20170606,210836500,2720.0,1098,85666,29865760.0,2721.0,13,2720.0,1
rb1805,20170607,20170606,210842000,2720.0,1098,85666,29865760.0,2721.0,13,2720.0,1
rb1805,20170607,20170606,210842500,2720.0,1098,85666,29865760.0,2721.0,18,2720.0,1
rb1805,20170607,20170606,210843000,2720.0,1098,85666,29865760.0,2721.0,18,2720.0,1
rb1805,20170607,20170606,210845500,2720.0,1098,85666,29865760.0,2721.0,18,2720.0,11
rb1805,20170607,20170606,210846000,2720.0,1098,85666,29865760.0,2721.0,18,2720.0,12
rb1805,20170607,20170606,210848500,2720.0,1098,85666,29865760.0,2721.0,11,2720.0,12
rb1805,20170607,20170606,210850000,2720.0,1098,85666,29865760.0,2721.0,11,2720.0,11
rb1805,20170607,20170606,210853000,2720.0,1120,85666,30464160.0,2721.0,16,2719.0,5
rb1805,20170607,20170606,210854000,2720.0,1120,85666,30464160.0,2721.0,16,2720.0,1
rb1805,20170607,20170606,210854500,2720.0,1122,85668,30518560.0,2720.0,1,2719.0,3
rb1805,20170607,20170606,210856500,2720.0,1122,85668,30518560.0,2720.0,1,2719.0,3
rb1805,20170607,20170606,210857000,2720.0,1122,85668,30518560.0,2720.0,2,2719.0,3
rb1805,20170607,20170606,210900000,2720.0,1126,85668,30627360.0,2721.0,16,2720.0,8
rb1805,20170607,20170606,210900500,2720.0,1126,85668,30627360.0,2721.0,11,2719.0,3
rb1805,20170607,20170606,210901000,2720.0,1126,85668,30627360.0,2721.0,13,2719.0,3
rb1805,20170607,20170606,210901500,2720.0,1126,85668,30627360.0,2721.0,18,2719.0,3
rb1805,20170607,20170606,210902000,2720.0,1126,85668,30627360.0,2721.0,18,2719.0,4
rb1805,20170607,20170606,210902500,2720.0,1126,85668,30627360.0,2721.0,18,2719.0,7
rb1805,20170607,20170606,210903000,2720.0,1126,85668,30627360.0,2721.0,19,2719.0,7
rb1805,20170607,20170606,210905000,2720.0,1126,85668,30627360.0,2721.0,19,2719.0,4
rb1805,20170607,20170606,210906000,2720.0,1126,85668,30627360.0,2721.0,19,2720.0,3
rb1805,20170607,20170606,210907000,2720.0,1126,85668,30627360.0,2721.0,14,2720.0,3
rb1805,20170607,20170606,210909000,2720.0,1126,85668,30627360.0,2721.0,14,2720.0,13
rb1805,20170607,20170606,210909500,2720.0,1126,85668,30627360.0,2721.0,14,2720.0,3
rb1805,20170607,20170606,210910000,2720.0,1128,85668,30681760.0,2721.0,14,2720.0,2
rb1805,20170607,20170606,210912000,2720.0,1128,85668,30681760.0,2721.0,14,2720.0,12
rb1805,20170607,20170606,210912500,2720.0,1128,85668,30681760.0,2721.0,14,2720.0,12
rb1805,20170607,20170606,210914000,2720.0,1128,85668,30681760.0,2721.0,14,2720.0,2
rb1805,20170607,20170606,210915500,2720.0,1130,85668,30736160.0,2721.0,14,2720.0,1
rb1805,20170607,20170606,210917000,2720.0,1130,85668,30736160.0,2721.0,14,2720.0,2
rb1805,20170607,20170606,210919500,2720.0,1130,85668,30736160.0,2721.0,14,2720.0,2
rb1805,20170607,20170606,210921000,2720.0,1130,85668,30736160.0,2721.0,12,2720.0,18
rb1805,20170607,20170606,210922500,2720.0,1130,85668,30736160.0,2721.0,12,2720.0,16
rb1805,20170607,20170606,210925000,2720.0,1130,85668,30736160.0,2721.0,11,2720.0,16
rb1805,20170607,20170606,210926500,2721.0,1152,85648,31334780.0,2722.0,8,2720.0,16
rb1805,20170607,20170606,210928000,2721.0,1152,85648,31334780.0,2722.0,8,2720.0,15
rb1805,20170607,20170606,210928500,2721.0,1152,85648,31334780.0,2722.0,8,2721.0,9
rb1805,20170607,20170606,210929000,2721.0,1152,85648,31334780.0,2722.0,3,2721.0,9
rb1805,20170607,20170606,210929500,2721.0,1152,85648,31334780.0,2722.0,3,2721.0,9
rb1805,20170607,20170606,210932000,2721.0,1152,85648,31334780.0,2722.0,3,2721.0,9
rb1805,20170607,20170606,210934500,2721.0,1152,85648,31334780.0,2722.0,3,2721.0,9
rb1805,20170607,20170606,210935000,2721.0,1152,85648,31334780.0,2722.0,4,2721.0,9
rb1805,20170607,20170606,210935500,2721.0,1152,85648,31334780.0,2722.0,4,2721.0,9
rb1805,20170607,20170606,210936500,2722.0,1156,85644,31443660.0,2722.0,2,2721.0,9
rb1805,20170607,20170606,210938500,2722.0,1158,85644,31498100.0,2722.0,1,2721.0,9
rb1805,20170607,20170606,210940000,2722.0,1158,85644,31498100.0,2722.0,1,2721.0,1
rb1805,20170607,20170606,210943000,2722.0,1160,85644,31552540.0,2723.0,7,2721.0,1
rb1805,20170607,20170606,210943500,2721.0,1162,85644,31606960.0,2721.0,1,2720.0,15
rb1805,20170607,20170606,210944000,2721.0,1164,85644,31661380.0,2723.0,9,2721.0,10
rb1805,20170607,20170606,210944500,2721.0,1164,85644,31661380.0,2723.0,9,2721.0,8
rb1805,20170607,20170606,210945000,2721.0,1164,85644,31661380.0,2723.0,4,2721.0,10
rb1805,20170607,20170606,210946500,2721.0,1164,85644,31661380.0,2723.0,4,2721.0,11
rb1805,20170607,20170606,210947000,2721.0,1164,85644,31661380.0,2723.0,2,2721.0,11
rb1805,20170607,20170606,210948000,2721.0,1164,85644,31661380.0,2722.0,1,2721.0,11
rb1805,20170607,20170606,210948500,2722.0,1166,85642,31715820.0,2723.0,2,2721.0,11
rb1805,20170607,20170606,210949000,2722.0,1166,85642,31715820.0,2723.0,2,2721.0,10
rb1805,20170607,20170606,210951000,2722.0,1166,85642,31715820.0,2723.0,7,2721.0,10
rb1805,20170607,20170606,210952000,2722.0,1166,85642,31715820.0,2723.0,8,2721.0,10
rb1805,20170607,20170606,210952500,2722.0,1166,85642,31715820.0,2723.0,8,2721.0,20
rb1805,20170607,20170606,210953500,2722.0,1166,85642,31715820.0,2723.0,8,2721.0,18
rb1805,20170607,20170606,210954500,2722.0,1166,85642,31715820.0,2723.0,8,2721.0,18
rb1805,20170607,20170606,210955000,2722.0,1166,85642,31715820.0,2723.0,10,2721.0,18
rb1805,20170607,20170606,210955500,2722.0,1166,85642,31715820.0,2722.0,1,2721.0,10
rb1805,20170607,20170606,210956000,2722.0,1166,85642,31715820.0,2722.0,1,2721.0,11
rb1805,20170607,20170606,210958500,2722.0,1166,85642,31715820.0,2722.0,1,2721.0,11
rb1805,20170607,20170606,210959000,2722.0,1166,85642,31715820.0,2722.0,1,2721.0,25
rb1805,20170607,20170606,211000500,2722.0,1168,85642,31770260.0,2723.0,10,2721.0,25
rb1805,20170607,20170606,211001500,2722.0,1168,85642,31770260.0,2723.0,5,2721.0,27
rb1805,20170607,20170606,211003500,2722.0,1168,85642,31770260.0,2723.0,10,2721.0,25
rb1805,20170607,20170606,211004000,2722.0,1168,85642,31770260.0,2722.0,1,2721.0,25
rb1805,20170607,20170606,211005000,2722.0,1168,85642,31770260.0,2722.0,1,2721.0,25
rb1805,20170607,20170606,211007000,2722.0,1168,85642,31770260.0,2722.0,1,2721.0,26
rb1805,20170607,20170606,211009000,2722.0,1168,85642,31770260.0,2722.0,1,2721.0,26
rb1805,20170607,20170606,211009500,2722.0,1170,85642,31824700.0,2723.0,10,2722.0,1
rb1805,20170607,20170606,211010000,2722.0,1170,85642,31824700.0,2723.0,5,2722.0,1
rb1805,20170607,20170606,211010500,2722.0,1170,85642,31824700.0,2723.0,5,2722.0,1
rb1805,20170607,20170606,211015000,2722.0,1170,85642,31824700.0,2723.0,6,2722.0,1
rb1805,20170607,20170606,211016500,2722.0,1170,85642,31824700.0,2723.0,6,2722.0,1
rb1805,20170607,20170606,211017000,2722.0,1170,85642,31824700.0,2723.0,6,2722.0,1
rb1805,20170607,20170606,211018000,2722.0,1172,85644,31879140.0,2722.0,1,2721.0,26
rb1805,20170607,20170606,211018500,2721.0,1200,85638,32641020.0,2722.0,3,2721.0,12
rb1805,20170607,20170606,211019000,2721.0,1224,85616,33294060.0,2721.0,4,2720.0,35
rb1805,20170607,20170606,211019500,2721.0,1232,85608,33511740.0,2722.0,2,2720.0,35
rb1805,20170607,20170606,211021000,2721.0,1232,85608,33511740.0,2722.0,3,2720.0,37
rb1805,20170607,20170606,211021500,2721.0,1232,85608,33511740.0,2722.0,3,2720.0,37
rb1805,20170607,20170606,211022000,2721.0,1232,85608,33511740.0,2722.0,3,2720.0,37
rb1805,20170607,20170606,211023000,2721.0,1232,85608,33511740.0,2722.0,3,2720.0,37
rb1805,20170607,20170606,211023500,2720.0,1236,85604,33620540.0,2722.0,1,2720.0,35
rb1805,20170607,20170606,211024000,2720.0,1236,85604,33620540.0,2722.0,1,2720.0,35
rb1805,20170607,20170606,211025000,2720.0,1236,85604,33620540.0,2722.0,1,2720.0,35
rb1805,20170607,20170606,211025500,2720.0,1236,85604,33620540.0,2722.0,1,2720.0,35
rb1805,20170607,20170606,211027000,2720.0,1236,85604,33620540.0,2722.0,2,2720.0,35
rb1805,20170607,20170606,211029000,2720.0,1236,85604,33620540.0,2722.0,2,2720.0,35
rb1805,20170607,20170606,211029500,2720.0,1236,85604,33620540.0,2722.0,2,2720.0,35
rb1805,20170607,20170606,211030000,2720.0,1236,85604,33620540.0,2722.0,2,2720.0,35
rb1805,20170607,20170606,211030500,2720.0,1236,85604,33620540.0,2722.0,2,2720.0,35
rb1805,20170607,20170606,211031000,2720.0,1236,85604,33620540.0,2722.0,2,2720.0,35
rb1805,20170607,20170606,211035000,2720.0,1236,85604,33620540.0,2722.0,2,2720.0,35
rb1805,20170607,20170606,211036000,2720.0,1236,85604,33620540.0,2722.0,2,2721.0,1
rb1805,20170607,20170606,211036500,2720.0,1236,85604,33620540.0,2722.0,2,2721.0,1
rb1805,20170607,20170606,211037500,2720.0,1236,85604,33620540.0,2722.0,4,2721.0,1
rb1805,20170607,20170606,211038000,2720.0,1236,85604,33620540.0,2722.0,9,2721.0,1
rb1805,20170607,20170606,211038500,2721.0,1238,85602,33674960.0,2722.0,9,2720.0,35
rb1805,20170607,20170606,211039000,2721.0,1238,85602,33674960.0,2722.0,9,2720.0,35
rb1805,20170607,20170606,211041000,2722.0,1240,85604,33729400.0,2722.0,8,2720.0,35
rb1805,20170607,20170606,211043500,2722.0,1240,85604,33729400.0,2722.0,8,2720.0,35
rb1805,20170607,20170606,211044000,2722.0,1240,85604,33729400.0,2722.0,8,2720.0,35
rb1805,20170607,20170606,211044500,2722.0,1240,85604,33729400.0,2722.0,8,2721.0,1
rb1805,20170607,20170606,211045500,2722.0,1240,85604,33729400.0,2722.0,8,2721.0,1
rb1805,20170607,20170606,211047000,2722.0,1240,85604,33729400.0,2722.0,3,2721.0,1
rb1805,20170607,20170606,211048000,2722.0,1240,85604,33729400.0,2722.0,3,2721.0,1
rb1805,20170607,20170606,211048500,2722.0,1240,85604,33729400.0,2722.0,3,2720.0,35
rb1805,20170607,20170606,211049500,2722.0,1240,85604,33729400.0,2722.0,8,2720.0,35
rb1805,20170607,20170606,211050500,2722.0,1242,85604,33783840.0,2722.0,7,2720.0,35
rb1805,20170607,20170606,211052000,2722.0,1242,85604,33783840.0,2722.0,7,2720.0,15
rb1805,20170607,20170606,211052500,2722.0,1252,85608,34056040.0,2722.0,2,2720.0,15
rb1805,20170607,20170606,211054000,2722.0,1252,85608,34056040.0,2722.0,2,2720.0,15
rb1805,20170607,20170606,211055500,2722.0,1252,85608,34056040.0,2723.0,6,2720.0,15
rb1805,20170607,20170606,211056000,2722.0,1252,85608,34056040.0,2723.0,11,2720.0,15
rb1805,20170607,20170606,211056500,2722.0,1252,85608,34056040.0,2723.0,11,2721.0,1
rb1805,20170607,20170606,211057000,2722.0,1252,85608,34056040.0,2723.0,11,2721.0,6
rb1805,20170607,20170606,211057500,2722.0,1252,85608,34056040.0,2722.0,3,2721.0,6
rb1805,20170607,20170606,211058000,2722.0,1252,85608,34056040.0,2722.0,3,2721.0,6
rb1805,20170607,20170606,211059000,2721.0,1254,85608,34110460.0,2722.0,3,2720.0,15
rb1805,20170607,20170606,211101000,2721.0,1254,85608,34110460.0,2722.0,3,2720.0,15
rb1805,20170607,20170606,211101500,2721.0,1254,85608,34110460.0,2722.0,3,2720.0,15
rb1805,20170607,20170606,211102000,2721.0,1254,85608,34110460.0,2722.0,3,2720.0,15
rb1805,20170607,20170606,211103000,2721.0,1254,85608,34110460.0,2722.0,3,2720.0,15
rb1805,20170607,20170606,211104000,2721.0,1254,85608,34110460.0,2722.0,3,2720.0,15
rb1805,20170607,20170606,211105000,2721.0,1254,85608,34110460.0,2722.0,4,2720.0,15
rb1805,20170607,20170606,211105500,2721.0,1254,85608,34110460.0,2722.0,4,2720.0,20
rb1805,20170607,20170606,211106000,2721.0,1254,85608,34110460.0,2722.0,5,2720.0,20
rb1805,20170607,20170606,211111000,2721.0,1254,85608,34110460.0,2722.0,5,2720.0,20
rb1805,20170607,20170606,211111500,2721.0,1254,85608,34110460.0,2722.0,6,2720.0,20
rb1805,20170607,20170606,211113000,2721.0,1254,85608,34110460.0,2722.0,5,2720.0,20
rb1805,20170607,20170606,211113500,2721.0,1254,85608,34110460.0,2722.0,5,2720.0,20
rb1805,20170607,20170606,211114500,2721.0,1254,85608,34110460.0,2722.0,5,2720.0,25
rb1805,20170607,20170606,211117500,2721.0,1254,85608,34110460.0,2722.0,5,2720.0,25
rb1805,20170607,20170606,211119000,2721.0,1254,85608,34110460.0,2722.0,5,2720.0,25
rb1805,20170607,20170606,211120000,2721.0,1254,85608,34110460.0,2722.0,5,2721.0,1
rb1805,20170607,20170606,211121000,2721.0,1254,85608,34110460.0,2722.0,5,2721.0,1
rb1805,20170607,20170606,211121500,2721.0,1254,85608,34110460.0,2722.0,10,2721.0,1
rb1805,20170607,20170606,211122500,2721.0,1254,85608,34110460.0,2722.0,10,2721.0,1
rb1805,20170607,20170606,211124000,2721.0,1254,85608,34110460.0,2722.0,10,2721.0,1
rb1805,20170607,20170606,211126000,2721.0,1254,85608,34110460.0,2722.0,10,2721.0,1
rb1805,20170607,20170606,211128500,2721.0,1254,85608,34110460.0,2722.0,10,2721.0,1
rb1805,20170607,20170606,211129500,2722.0,1258,85612,34219340.0,2722.0,8,2721.0,1
rb1805,20170607,20170606,211130500,2722.0,1258,85612,34219340.0,2722.0,8,2721.0,1
rb1805,20170607,20170606,211132500,2722.0,1258,85612,34219340.0,2722.0,8,2721.0,1
rb1805,20170607,20170606,211133000,2722.0,1258,85612,34219340.0,2722.0,13,2721.0,1
rb1805,20170607,20170606,211134000,2722.0,1258,85612,34219340.0,2722.0,8,2721.0,1
rb1805,20170607,20170606,211134500,2722.0,1258,85612,34219340.0,2722.0,8,2721.0,1
rb1805,20170607,20170606,211135000,2722.0,1258,85612,34219340.0,2722.0,8,2721.0,2
rb1805,20170607,20170606,211135500,2721.0,1260,85614,34273760.0,2722.0,9,2721.0,1
rb1805,20170607,20170606,211136000,2721.0,1260,85614,34273760.0,2722.0,8,2721.0,1
rb1805,20170607,20170606,211136500,2721.0,1260,85614,34273760.0,2722.0,10,2721.0,1
rb1805,20170607,20170606,211137000,2721.0,1260,85614,34273760.0,2722.0,11,2721.0,1
rb1805,20170607,20170606,211137500,2721.0,1260,85614,34273760.0,2722.0,14,2721.0,1
rb1805,20170607,20170606,211138500,2721.0,1260,85614,34273760.0,2722.0,13,2721.0,1
rb1805,20170607,20170606,211139000,2721.0,1260,85614,34273760.0,2722.0,12,2721.0,1
rb1805,20170607,20170606,211139500,2721.0,1260,85614,34273760.0,2722.0,7,2721.0,1
rb1805,20170607,20170606,211143000,2721.0,1260,85614,34273760.0,2722.0,7,2721.0,1
rb1805,20170607,20170606,211144000,2721.0,1262,85614,34328180.0,2721.0,79,2720.0,25
rb1805,20170607,20170606,211144500,2721.0,1262,85614,34328180.0,2721.0,79,2720.0,23
rb1805,20170607,20170606,211145500,2721.0,1262,85614,34328180.0,2721.0,79,2720.0,23
rb1805,20170607,20170606,211146500,2721.0,1272,85606,34600280.0,2721.0,75,2720.0,23
rb1805,20170607,20170606,211148500,2721.0,1272,85606,34600280.0,2721.0,75,2720.0,28
rb1805,20170607,20170606,211149000,2721.0,1272,85606,34600280.0,2721.0,75,2720.0,28
rb1805,20170607,20170606,211150500,2721.0,1272,85606,34600280.0,2721.0,75,2720.0,28
rb1805,20170607,20170606,211152000,2721.0,1272,85606,34600280.0,2721.0,77,2720.0,28
rb1805,20170607,20170606,211152500,2721.0,1278,85600,34763540.0,2721.0,74,2720.0,28
rb1805,20170607,20170606,211153500,2721.0,1278,85600,34763540.0,2721.0,74,2720.0,28
rb1805,20170607,20170606,211155500,2721.0,1278,85600,34763540.0,2721.0,77,2720.0,28
rb1805,20170607,20170606,211157500,2721.0,1286,85596,34981220.0,2721.0,73,2720.0,29
rb1805,20170607,20170606,211158000,2721.0,1290,85596,35090060.0,2721.0,71,2720.0,29
rb1805,20170607,20170606,211159500,2721.0,1290,85596,35090060.0,2721.0,71,2720.0,29
rb1805,20170607,20170606,211200000,2721.0,1292,85596,35144480.0,2721.0,70,2720.0,29
rb1805,20170607,20170606,211200500,2721.0,1296,85596,35253320.0,2721.0,68,2720.0,29
rb1805,20170607,20170606,211201000,2721.0,1324,85596,36015200.0,2721.0,54,2720.0,29
rb1805,20170607,20170606,211201500,2721.0,1324,85596,36015200.0,2721.0,54,2720.0,30
rb1805,20170607,20170606,211203000,2721.0,1324,85596,36015200.0,2721.0,54,2720.0,30
rb1805,20170607,20170606,211203500,2721.0,1324,85596,36015200.0,2721.0,54,2720.0,30
rb1805,20170607,20170606,211205500,2721.0,1328,85596,36124040.0,2721.0,52,2720.0,30
rb1805,20170607,20170606,211206500,2721.0,1328,85596,36124040.0,2721.0,52,2720.0,30
rb1805,20170607,20170606,211207000,2721.0,1328,85596,36124040.0,2721.0,52,2720.0,30
rb1805,20170607,20170606,211208500,2721.0,1328,85596,36124040.0,2721.0,52,2720.0,30
rb1805,20170607,20170606,211209500,2720.0,1336,85596,36341640.0,2721.0,52,2720.0,26
rb1805,20170607,20170606,211211000,2720.0,1336,85596,36341640.0,2721.0,52,2720.0,26
rb1805,20170607,20170606,211213000,2720.0,1336,85596,36341640.0,2721.0,52,2720.0,35
rb1805,20170607,20170606,211214000,2720.0,1336,85596,36341640.0,2721.0,52,2720.0,35
rb1805,20170607,20170606,211215000,2720.0,1336,85596,36341640.0,2721.0,52,2720.0,35
rb1805,20170607,20170606,211217500,2720.0,1336,85596,36341640.0,2721.0,52,2720.0,34
rb1805,20170607,20170606,211218000,2720.0,1336,85596,36341640.0,2721.0,52,2720.0,34
rb1805,20170607,20170606,211219000,2720.0,1336,85596,36341640.0,2721.0,52,2720.0,34
rb1805,20170607,20170606,211220000,2720.0,1336,85596,36341640.0,2721.0,52,2720.0,34
rb1805,20170607,20170606,211220500,2720.0,1344,85596,36559240.0,2721.0,52,2720.0,30
rb1805,20170607,20170606,211221000,2720.0,1344,85596,36559240.0,2721.0,52,2720.0,22
rb1805,20170607,20170606,211222000,2720.0,1346,85596,36613640.0,2721.0,52,2720.0,21
rb1805,20170607,20170606,211222500,2720.0,1346,85596,36613640.0,2721.0,52,2720.0,21
rb1805,20170607,20170606,211223000,2720.0,1346,85596,36613640.0,2721.0,52,2720.0,16
rb1805,20170607,20170606,211223500,2720.0,1346,85596,36613640.0,2721.0,52,2720.0,16
rb1805,20170607,20170606,211224000,2720.0,1346,85596,36613640.0,2721.0,52,2720.0,21
rb1805,20170607,20170606,211226000,2720.0,1346,85596,36613640.0,2721.0,52,2720.0,21
rb1805,20170607,20170606,211226500,2720.0,1346,85596,36613640.0,2721.0,6,2720.0,21
rb1805,20170607,20170606,211227000,2720.0,1346,85596,36613640.0,2721.0,6,2720.0,21
rb1805,20170607,20170606,211227500,2721.0,1348,85596,36668060.0,2721.0,5,2720.0,21
rb1805,20170607,20170606,211228000,2721.0,1348,85596,36668060.0,2721.0,5,2720.0,16
rb1805,20170607,20170606,211228500,2721.0,1350,85596,36722480.0,2721.0,4,2720.0,16
rb1805,20170607,20170606,211229000,2721.0,1350,85596,36722480.0,2721.0,4,2720.0,16
rb1805,20170607,20170606,211231000,2721.0,1350,85596,36722480.0,2721.0,4,2720.0,22
rb1805,20170607,20170606,211232000,2721.0,1358,85588,36940160.0,2722.0,2,2721.0,4
rb1805,20170607,20170606,211232500,2721.0,1358,85588,36940160.0,2722.0,2,2721.0,7
rb1805,20170607,20170606,211233000,2722.0,1362,85584,37049040.0,2723.0,11,2721.0,7
rb1805,20170607,20170606,211233500,2722.0,1362,85584,37049040.0,2723.0,11,2721.0,12
rb1805,20170607,20170606,211234000,2722.0,1362,85584,37049040.0,2723.0,11,2722.0,1
rb1805,20170607,20170606,211234500,2722.0,1362,85584,37049040.0,2723.0,6,2722.0,1
rb1805,20170607,20170606,211237500,2722.0,1364,85582,37103480.0,2722.0,1,2721.0,8
rb1805,20170607,20170606,211238000,2722.0,1366,85580,37157920.0,2723.0,6,2722.0,3
rb1805,20170607,20170606,211238500,2722.0,1366,85580,37157920.0,2723.0,6,2722.0,5
rb1805,20170607,20170606,211239000,2722.0,1368,85578,37212360.0,2723.0,6,2722.0,4
rb1805,20170607,20170606,211239500,2723.0,1370,85578,37266820.0,2723.0,5,2722.0,4
rb1805,20170607,20170606,211240000,2723.0,1372,85578,37321280.0,2723.0,4,2722.0,4
rb1805,20170607,20170606,211240500,2723.0,1376,85580,37430200.0,2723.0,2,2722.0,4
rb1805,20170607,20170606,211241000,2723.0,1376,85580,37430200.0,2723.0,2,2722.0,9
rb1805,20170607,20170606,211241500,2723.0,1376,85580,37430200.0,2723.0,2,2722.0,9
rb1805,20170607,20170606,211242000,2723.0,1378,85580,37484660.0,2723.0,1,2722.0,9
rb1805,20170607,20170606,211242500,2723.0,1378,85580,37484660.0,2723.0,1,2722.0,9
rb1805,20170607,20170606,211243500,2724.0,1388,85582,37757040.0,2724.0,3,2722.0,9
rb1805,20170607,20170606,211245000,2724.0,1388,85582,37757040.0,2724.0,3,2722.0,9
rb1805,20170607,20170606,211245500,2724.0,1388,85582,37757040.0,2724.0,3,2722.0,9
rb1805,20170607,20170606,211247000,2724.0,1388,85582,37757040.0,2724.0,3,2722.0,10
rb1805,20170607,20170606,211247500,2724.0,1388,85582,37757040.0,2724.0,3,2722.0,10
rb1805,20170607,20170606,211248000,2724.0,1388,85582,37757040.0,2724.0,3,2722.0,11
rb1805,20170607,20170606,211248500,2724.0,1388,85582,37757040.0,2724.0,3,2723.0,2
rb1805,20170607,20170606,211249000,2724.0,1388,85582,37757040.0,2724.0,3,2723.0,2
rb1805,20170607,20170606,211249500,2724.0,1388,85582,37757040.0,2724.0,3,2723.0,4
rb1805,20170607,20170606,211251000,2724.0,1388,85582,37757040.0,2724.0,3,2723.0,4
rb1805,20170607,20170606,211251500,2724.0,1388,85582,37757040.0,2724.0,3,2723.0,4
rb1805,20170607,20170606,211252000,2724.0,1390,85584,37811520.0,2724.0,2,2723.0,4
rb1805,20170607,20170606,211254000,2724.0,1390,85584,37811520.0,2724.0,2,2723.0,4
rb1805,20170607,20170606,211254500,2724.0,1390,85584,37811520.0,2724.0,7,2723.0,4
rb1805,20170607,20170606,211255500,2724.0,1390,85584,37811520.0,2724.0,7,2723.0,2
rb1805,20170607,20170606,211256000,2723.0,1394,85580,37920440.0,2723.0,4,2722.0,9
rb1805,20170607,20170606,211256500,2724.0,1398,85576,38029400.0,2724.0,5,2722.0,4
rb1805,20170607,20170606,211259000,2724.0,1398,85576,38029400.0,2724.0,5,2722.0,4
rb1805,20170607,20170606,211300000,2724.0,1398,85576,38029400.0,2724.0,5,2722.0,4
rb1805,20170607,20170606,211300500,2724.0,1398,85576,38029400.0,2724.0,5,2723.0,1
rb1805,20170607,20170606,211301000,2724.0,1398,85576,38029400.0,2725.0,8,2723.0,1
rb1805,20170607,20170606,211301500,2724.0,1398,85576,38029400.0,2725.0,8,2723.0,1
rb1805,20170607,20170606,211302000,2724.0,1398,85576,38029400.0,2725.0,8,2723.0,6
rb1805,20170607,20170606,211302500,2724.0,1398,85576,38029400.0,2725.0,8,2724.0,2
rb1805,20170607,20170606,211303000,2724.0,1398,85576,38029400.0,2725.0,8,2724.0,7
rb1805,20170607,20170606,211303500,2724.0,1398,85576,38029400.0,2725.0,8,2724.0,7
rb1805,20170607,20170606,211304000,2724.0,1398,85576,38029400.0,2725.0,8,2724.0,10
rb1805,20170607,20170606,211304500,2725.0,1402,85576,38138400.0,2725.0,6,2724.0,11
rb1805,20170607,20170606,211305000,2725.0,1402,85576,38138400.0,2725.0,6,2724.0,11
rb1805,20170607,20170606,211305500,2725.0,1402,85576,38138400.0,2725.0,6,2724.0,11
rb1805,20170607,20170606,211306000,2725.0,1402,85576,38138400.0,2725.0,6,2724.0,34
rb1805,20170607,20170606,211306500,2725.0,1408,85574,38301900.0,2725.0,3,2724.0,36
rb1805,20170607,20170606,211307000,2725.0,1412,85574,38410900.0,2725.0,1,2724.0,36
rb1805,20170607,20170606,211307500,2726.0,1418,85568,38574440.0,2726.0,7,2725.0,9
rb1805,20170607,20170606,211308000,2726.0,1418,85568,38574440.0,2726.0,7,2725.0,10
rb1805,20170607,20170606,211308500,2726.0,1422,85568,38683480.0,2726.0,5,2725.0,10
rb1805,20170607,20170606,211309000,2726.0,1422,85568,38683480.0,2726.0,6,2725.0,10
rb1805,20170607,20170606,211310000,2725.0,1424,85570,38737980.0,2726.0,6,2725.0,8
rb1805,20170607,20170606,211310500,2726.0,1428,85566,38847020.0,2726.0,4,2725.0,8
rb1805,20170607,20170606,211312000,2726.0,1430,85566,38901540.0,2726.0,3,2725.0,8
rb1805,20170607,20170606,211313000,2726.0,1430,85566,38901540.0,2726.0,3,2725.0,9
rb1805,20170607,20170606,211313500,2726.0,1430,85566,38901540.0,2726.0,4,2725.0,9
rb1805,20170607,20170606,211314000,2726.0,1430,85566,38901540.0,2726.0,4,2725.0,15
rb1805,20170607,20170606,211314500,2726.0,1430,85566,38901540.0,2726.0,4,2725.0,15
rb1805,20170607,20170606,211315000,2726.0,1430,85566,38901540.0,2726.0,4,2725.0,14
rb1805,20170607,20170606,211315500,2726.0,1430,85566,38901540.0,2726.0,4,2725.0,14
rb1805,20170607,20170606,211316000,2726.0,1430,85566,38901540.0,2726.0,4,2725.0,9
rb1805,20170607,20170606,211316500,2726.0,1432,85564,38956060.0,2726.0,3,2725.0,9
rb1805,20170607,20170606,211317000,2726.0,1438,85558,39119620.0,2727.0,19,2725.0,9
rb1805,20170607,20170606,211318000,2726.0,1438,85558,39119620.0,2727.0,19,2726.0,1
rb1805,20170607,20170606,211318500,2726.0,1440,85558,39174140.0,2726.0,2,2725.0,9
rb1805,20170607,20170606,211319000,2726.0,1440,85558,39174140.0,2726.0,1,2725.0,9
rb1805,20170607,20170606,211319500,2726.0,1440,85558,39174140.0,2726.0,1,2725.0,9
rb1805,20170607,20170606,211320000,2726.0,1440,85558,39174140.0,2726.0,1,2725.0,10
rb1805,20170607,20170606,211321000,2726.0,1440,85558,39174140.0,2726.0,1,2725.0,10
rb1805,20170607,20170606,211321500,2726.0,1440,85558,39174140.0,2726.0,1,2725.0,10
rb1805,20170607,20170606,211322000,2726.0,1442,85558,39228660.0,2727.0,19,2725.0,15
rb1805,20170607,20170606,211322500,2726.0,1444,85556,39283180.0,2727.0,19,2725.0,15
rb1805,20170607,20170606,211323000,2726.0,1444,85556,39283180.0,2727.0,19,2725.0,15
rb1805,20170607,20170606,211324000,2726.0,1444,85556,39283180.0,2727.0,19,2725.0,15
rb1805,20170607,20170606,211324500,2726.0,1444,85556,39283180.0,2727.0,24,2725.0,15
rb1805,20170607,20170606,211325000,2726.0,1444,85556,39283180.0,2727.0,24,2726.0,1
rb1805,20170607,20170606,211325500,2726.0,1450,85552,39446740.0,2727.0,24,2725.0,15
rb1805,20170607,20170606,211326000,2726.0,1450,85552,39446740.0,2727.0,26,2726.0,1
rb1805,20170607,20170606,211326500,2726.0,1452,85552,39501260.0,2726.0,2,2725.0,15
rb1805,20170607,20170606,211327000,2726.0,1452,85552,39501260.0,2727.0,26,2725.0,16
rb1805,20170607,20170606,211327500,2727.0,1454,85550,39555800.0,2727.0,25,2725.0,16
rb1805,20170607,20170606,211328000,2727.0,1454,85550,39555800.0,2727.0,25,2725.0,21
rb1805,20170607,20170606,211328500,2727.0,1454,85550,39555800.0,2727.0,25,2725.0,21
rb1805,20170607,20170606,211329000,2727.0,1454,85550,39555800.0,2727.0,25,2725.0,21
rb1805,20170607,20170606,211330500,2727.0,1454,85550,39555800.0,2726.0,1,2725.0,21
rb1805,20170607,20170606,211331000,2726.0,1458,85546,39664840.0,2726.0,17,2725.0,20
rb1805,20170607,20170606,211331500,2725.0,1502,85512,40864180.0,2727.0,25,2725.0,9
rb1805,20170607,20170606,211332000,2725.0,1508,85518,41027680.0,2727.0,25,2725.0,6
rb1805,20170607,20170606,211332500,2725.0,1508,85518,41027680.0,2727.0,26,2725.0,11
rb1805,20170607,20170606,211333500,2725.0,1508,85518,41027680.0,2727.0,26,2725.0,11
rb1805,20170607,20170606,211335000,2727.0,1522,85504,41409460.0,2727.0,19,2725.0,13
rb1805,20170607,20170606,211335500,2727.0,1522,85504,41409460.0,2726.0,1,2725.0,13
rb1805,20170607,20170606,211336000,2726.0,1524,85502,41463980.0,2727.0,19,2726.0,1
rb1805,20170607,20170606,211336500,2726.0,1524,85502,41463980.0,2727.0,14,2726.0,1
rb1805,20170607,20170606,211337000,2726.0,1554,85478,42282060.0,2728.0,6,2725.0,13
rb1805,20170607,20170606,211337500,2726.0,1554,85478,42282060.0,2728.0,11,2725.0,20
rb1805,20170607,20170606,211338500,2725.0,1558,85478,42391060.0,2728.0,11,2725.0,18
rb1805,20170607,20170606,211339000,2725.0,1558,85478,42391060.0,2728.0,11,2725.0,17
rb1805,20170607,20170606,211340500,2725.0,1558,85478,42391060.0,2728.0,11,2725.0,17
rb1805,20170607,20170606,211341000,2728.0,1580,85466,42991220.0,2727.0,1,2726.0,3
rb1805,20170607,20170606,211341500,2727.0,1582,85464,43045760.0,2729.0,4,2726.0,3
rb1805,20170607,20170606,211342000,2728.0,1588,85458,43209440.0,2729.0,4,2728.0,1
rb1805,20170607,20170606,211342500,2728.0,1590,85458,43264000.0,2728.0,2,2726.0,9
rb1805,20170607,20170606,211343000,2728.0,1590,85458,43264000.0,2729.0,4,2727.0,2
rb1805,20170607,20170606,211343500,2727.0,1592,85458,43318540.0,2729.0,4,2727.0,1
rb1805,20170607,20170606,211344500,2727.0,1592,85458,43318540.0,2729.0,5,2727.0,7
rb1805,20170607,20170606,211346000,2727.0,1592,85458,43318540.0,2729.0,5,2727.0,7
rb1805,20170607,20170606,211346500,2727.0,1592,85458,43318540.0,2729.0,5,2727.0,7
rb1805,20170607,20170606,211347000,2727.0,1592,85458,43318540.0,2729.0,6,2727.0,7
rb1805,20170607,20170606,211347500,2727.0,1592,85458,43318540.0,2729.0,6,2728.0,2
rb1805,20170607,20170606,211348000,2728.0,1596,85454,43427660.0,2728.0,3,2727.0,7
rb1805,20170607,20170606,211348500,2728.0,1596,85454,43427660.0,2729.0,6,2727.0,7
rb1805,20170607,20170606,211349000,2728.0,1596,85454,43427660.0,2729.0,6,2727.0,7
rb1805,20170607,20170606,211349500,2728.0,1596,85454,43427660.0,2729.0,5,2727.0,2
rb1805,20170607,20170606,211350000,2728.0,1596,85454,43427660.0,2728.0,1,2727.0,3
rb1805,20170607,20170606,211350500,2728.0,1598,85452,43482220.0,2729.0,5,2727.0,3
rb1805,20170607,20170606,211351500,2728.0,1598,85452,43482220.0,2729.0,5,2727.0,3
rb1805,20170607,20170606,211352000,2728.0,1598,85452,43482220.0,2729.0,5,2727.0,3
rb1805,20170607,20170606,211352500,2728.0,1598,85452,43482220.0,2729.0,5,2727.0,3
rb1805,20170607,20170606,211353000,2728.0,1598,85452,43482220.0,2729.0,5,2727.0,3
rb1805,20170607,20170606,211354000,2728.0,1598,85452,43482220.0,2729.0,6,2727.0,3
rb1805,20170607,20170606,211354500,2728.0,1598,85452,43482220.0,2729.0,7,2727.0,3
rb1805,20170607,20170606,211355000,2727.0,1604,85450,43645840.0,2727.0,1,2726.0,11
rb1805,20170607,20170606,211355500,2727.0,1604,85450,43645840.0,2728.0,1,2726.0,6
rb1805,20170607,20170606,211356000,2727.0,1610,85444,43809440.0,2728.0,5,2726.0,5
rb1805,20170607,20170606,211356500,2727.0,1610,85444,43809440.0,2727.0,2,2726.0,5
rb1805,20170607,20170606,211357000,2726.0,1620,85444,44082040.0,2726.0,14,2725.0,17
rb1805,20170607,20170606,211357500,2726.0,1620,85444,44082040.0,2727.0,3,2725.0,17
rb1805,20170607,20170606,211358500,2726.0,1620,85444,44082040.0,2727.0,2,2725.0,17
rb1805,20170607,20170606,211359000,2726.0,1620,85444,44082040.0,2728.0,5,2725.0,17
rb1805,20170607,20170606,211359500,2726.0,1620,85444,44082040.0,2728.0,4,2725.0,19
rb1805,20170607,20170606,211401000,2726.0,1620,85444,44082040.0,2728.0,4,2726.0,1
rb1805,20170607,20170606,211401500,2729.0,1630,85436,44354860.0,2729.0,5,2727.0,1
rb1805,20170607,20170606,211402000,2727.0,1636,85434,44518520.0,2727.0,4,2726.0,5
rb1805,20170607,20170606,211402500,2727.0,1644,85426,44736680.0,2729.0,5,2727.0,1
rb1805,20170607,20170606,211403000,2727.0,1644,85426,44736680.0,2728.0,1,2727.0,2
rb1805,20170607,20170606,211403500,2728.0,1646,85424,44791240.0,2729.0,5,2727.0,2
rb1805,20170607,20170606,211404000,2728.0,1646,85424,44791240.0,2729.0,5,2727.0,2
rb1805,20170607,20170606,211404500,2728.0,1646,85424,44791240.0,2729.0,5,2727.0,1
rb1805,20170607,20170606,211406500,2728.0,1646,85424,44791240.0,2729.0,5,2727.0,1
rb1805,20170607,20170606,211407000,2728.0,1646,85424,44791240.0,2728.0,1,2727.0,1
rb1805,20170607,20170606,211407500,2728.0,1646,85424,44791240.0,2728.0,1,2727.0,1
rb1805,20170607,20170606,211410000,2728.0,1646,85424,44791240.0,2728.0,1,2727.0,1
rb1805,20170607,20170606,211411000,2728.0,1646,85424,44791240.0,2728.0,2,2727.0,6
rb1805,20170607,20170606,211411500,2728.0,1646,85424,44791240.0,2728.0,2,2727.0,6
rb1805,20170607,20170606,211412000,2728.0,1646,85424,44791240.0,2728.0,1,2727.0,6
rb1805,20170607,20170606,211413000,2728.0,1646,85424,44791240.0,2728.0,1,2727.0,6
rb1805,20170607,20170606,211413500,2728.0,1646,85424,44791240.0,2728.0,1,2727.0,6
rb1805,20170607,20170606,211414000,2728.0,1646,85424,44791240.0,2728.0,1,2727.0,6
rb1805,20170607,20170606,211415500,2728.0,1646,85424,44791240.0,2728.0,2,2727.0,6
rb1805,20170607,20170606,211417000,2728.0,1646,85424,44791240.0,2728.0,2,2727.0,6
rb1805,20170607,20170606,211417500,2728.0,1646,85424,44791240.0,2728.0,2,2727.0,7
rb1805,20170607,20170606,211418500,2727.0,1648,85424,44845780.0,2728.0,3,2727.0,6
rb1805,20170607,20170606,211419000,2728.0,1654,85420,45009460.0,2729.0,7,2728.0,1
rb1805,20170607,20170606,211419500,2729.0,1656,85418,45064040.0,2729.0,6,2728.0,2
rb1805,20170607,20170606,211420000,2729.0,1658,85420,45118620.0,2729.0,5,2728.0,7
rb1805,20170607,20170606,211420500,2729.0,1658,85420,45118620.0,2729.0,5,2728.0,7
rb1805,20170607,20170606,211421000,2729.0,1658,85420,45118620.0,2729.0,4,2728.0,7
rb1805,20170607,20170606,211422000,2729.0,1658,85420,45118620.0,2729.0,4,2728.0,7
rb1805,20170607,20170606,211422500,2729.0,1658,85420,45118620.0,2729.0,4,2728.0,3
rb1805,20170607,20170606,211425000,2729.0,1658,85420,45118620.0,2729.0,4,2728.0,8
rb1805,20170607,20170606,211425500,2729.0,1658,85420,45118620.0,2729.0,4,2728.0,7
rb1805,20170607,20170606,211426000,2729.0,1658,85420,45118620.0,2729.0,4,2728.0,8
rb1805,20170607,20170606,211426500,2730.0,1668,85420,45391540.0,2730.0,22,2728.0,8
rb1805,20170607,20170606,211427000,2728.0,1670,85420,45446100.0,2730.0,22,2728.0,7
rb1805,20170607,20170606,211427500,2728.0,1670,85420,45446100.0,2730.0,22,2728.0,12
rb1805,20170607,20170606,211428000,2728.0,1670,85420,45446100.0,2730.0,22,2728.0,12
rb1805,20170607,20170606,211428500,2728.0,1670,85420,45446100.0,2730.0,22,2728.0,12
rb1805,20170607,20170606,211429500,2728.0,1670,85420,45446100.0,2730.0,22,2729.0,1
rb1805,20170607,20170606,211430000,2728.0,1670,85420,45446100.0,2730.0,22,2729.0,1
rb1805,20170607,20170606,211431000,2729.0,1672,85420,45500680.0,2730.0,22,2728.0,7
rb1805,20170607,20170606,211431500,2729.0,1672,85420,45500680.0,2730.0,22,2728.0,7
rb1805,20170607,20170606,211432000,2729.0,1672,85420,45500680.0,2730.0,22,2728.0,11
rb1805,20170607,20170606,211433000,2729.0,1672,85420,45500680.0,2730.0,22,2728.0,12
rb1805,20170607,20170606,211433500,2729.0,1672,85420,45500680.0,2730.0,22,2728.0,13
rb1805,20170607,20170606,211434000,2729.0,1672,85420,45500680.0,2730.0,22,2728.0,12
rb1805,20170607,20170606,211434500,2730.0,1674,85418,45555280.0,2730.0,21,2728.0,12
rb1805,20170607,20170606,211435000,2730.0,1674,85418,45555280.0,2730.0,22,2728.0,13
rb1805,20170607,20170606,211435500,2730.0,1674,85418,45555280.0,2730.0,22,2728.0,12
rb1805,20170607,20170606,211437000,2730.0,1674,85418,45555280.0,2730.0,22,2728.0,13
rb1805,20170607,20170606,211437500,2730.0,1674,85418,45555280.0,2730.0,22,2728.0,13
rb1805,20170607,20170606,211438000,2730.0,1694,85418,46101280.0,2730.0,12,2728.0,13
rb1805,20170607,20170606,211439000,2730.0,1694,85418,46101280.0,2730.0,13,2729.0,2
rb1805,20170607,20170606,211439500,2730.0,1694,85418,46101280.0,2730.0,13,2729.0,2
rb1805,20170607,20170606,211440000,2730.0,1694,85418,46101280.0,2730.0,13,2729.0,2
rb1805,20170607,20170606,211440500,2730.0,1694,85418,46101280.0,2730.0,16,2729.0,2
rb1805,20170607,20170606,211441000,2730.0,1700,85418,46265080.0,2730.0,13,2729.0,8
rb1805,20170607,20170606,211441500,2730.0,1700,85418,46265080.0,2730.0,12,2729.0,8
rb1805,20170607,20170606,211442000,2730.0,1700,85418,46265080.0,2730.0,12,2729.0,8
rb1805,20170607,20170606,211442500,2730.0,1702,85418,46319680.0,2730.0,11,2729.0,9
rb1805,20170607,20170606,211443000,2730.0,1712,85408,46592680.0,2730.0,6,2729.0,10
rb1805,20170607,20170606,211443500,2730.0,1712,85408,46592680.0,2730.0,6,2729.0,10
rb1805,20170607,20170606,211444000,2730.0,1712,85408,46592680.0,2730.0,6,2729.0,10
rb1805,20170607,20170606,211444500,2729.0,1714,85408,46647260.0,2730.0,6,2729.0,9
rb1805,20170607,20170606,211445000,2729.0,1714,85408,46647260.0,2730.0,6,2729.0,9
rb1805,20170607,20170606,211445500,2729.0,1714,85408,46647260.0,2730.0,6,2729.0,9
rb1805,20170607,20170606,211446000,2729.0,1714,85408,46647260.0,2730.0,6,2729.0,9
rb1805,20170607,20170606,211447000,2729.0,1714,85408,46647260.0,2730.0,8,2729.0,9
rb1805,20170607,20170606,211449500,2729.0,1714,85408,46647260.0,2730.0,8,2729.0,9
rb1805,20170607,20170606,211450000,2730.0,1716,85406,46701860.0,2730.0,7,2729.0,9
rb1805,20170607,20170606,211450500,2730.0,1716,85406,46701860.0,2730.0,7,2729.0,14
rb1805,20170607,20170606,211451000,2729.0,1718,85406,46756440.0,2730.0,8,2729.0,13
rb1805,20170607,20170606,211451500,2730.0,1728,85396,47029440.0,2730.0,3,2729.0,13
rb1805,20170607,20170606,211452000,2730.0,1728,85396,47029440.0,2730.0,4,2729.0,13
rb1805,20170607,20170606,211453000,2731.0,1742,85386,47411700.0,2732.0,38,2729.0,13
rb1805,20170607,20170606,211454500,2731.0,1742,85386,47411700.0,2732.0,39,2729.0,7
rb1805,20170607,20170606,211455000,2731.0,1742,85386,47411700.0,2732.0,38,2729.0,8
rb1805,20170607,20170606,211455500,2731.0,1742,85386,47411700.0,2732.0,38,2729.0,8
rb1805,20170607,20170606,211456500,2731.0,1742,85386,47411700.0,2732.0,38,2729.0,9
rb1805,20170607,20170606,211457000,2731.0,1744,85388,47466320.0,2731.0,1,2729.0,15
rb1805,20170607,20170606,211458000,2731.0,1744,85388,47466320.0,2731.0,1,2729.0,15
rb1805,20170607,20170606,211458500,2731.0,1744,85388,47466320.0,2731.0,1,2730.0,1
rb1805,20170607,20170606,211459000,2731.0,1744,85388,47466320.0,2731.0,1,2730.0,1
rb1805,20170607,20170606,211459500,2731.0,1746,85390,47520940.0,2732.0,42,2730.0,1
rb1805,20170607,20170606,211500000,2731.0,1746,85390,47520940.0,2732.0,38,2730.0,5
rb1805,20170607,20170606,211501000,2730.0,1758,85378,47848540.0,2730.0,14,2729.0,9
rb1805,20170607,20170606,211501500,2730.0,1758,85378,47848540.0,2730.0,14,2729.0,4
rb1805,20170607,20170606,211502000,2730.0,1758,85378,47848540.0,2730.0,19,2729.0,4
rb1805,20170607,20170606,211502500,2730.0,1758,85378,47848540.0,2730.0,20,2729.0,4
rb1805,20170607,20170606,211503000,2729.0,1766,85374,48066860.0,2729.0,12,2728.0,7
rb1805,20170607,20170606,211503500,2729.0,1766,85374,48066860.0,2730.0,20,2729.0,1
rb1805,20170607,20170606,211504000,2729.0,1766,85374,48066860.0,2730.0,20,2728.0,2
rb1805,20170607,20170606,211504500,2729.0,1766,85374,48066860.0,2730.0,19,2728.0,2
rb1805,20170607,20170606,211505000,2729.0,1766,85374,48066860.0,2730.0,19,2728.0,8
rb1805,20170607,20170606,211505500,2729.0,1766,85374,48066860.0,2730.0,19,2728.0,8
rb1805,20170607,20170606,211506500,2729.0,1766,85374,48066860.0,2730.0,19,2728.0,8
rb1805,20170607,20170606,211507500,2729.0,1766,85374,48066860.0,2730.0,20,2728.0,8
rb1805,20170607,20170606,211508500,2729.0,1766,85374,48066860.0,2730.0,20,2728.0,8
rb1805,20170607,20170606,211509500,2729.0,1766,85374,48066860.0,2730.0,20,2728.0,10
rb1805,20170607,20170606,211510000,2729.0,1766,85374,48066860.0,2729.0,2,2728.0,10
rb1805,20170607,20170606,211510500,2729.0,1766,85374,48066860.0,2729.0,2,2728.0,10
rb1805,20170607,20170606,211511000,2729.0,1766,85374,48066860.0,2729.0,3,2728.0,10
rb1805,20170607,20170606,211511500,2729.0,1766,85374,48066860.0,2729.0,8,2728.0,10
rb1805,20170607,20170606,211512000,2729.0,1766,85374,48066860.0,2729.0,8,2728.0,10
rb1805,20170607,20170606,211513500,2729.0,1768,85374,48121440.0,2729.0,8,2728.0,10
rb1805,20170607,20170606,211514500,2729.0,1768,85374,48121440.0,2729.0,8,2728.0,4
rb1805,20170607,20170606,211515000,2728.0,1770,85374,48176000.0,2729.0,8,2728.0,3
rb1805,20170607,20170606,211515500,2728.0,1772,85376,48230560.0,2729.0,3,2728.0,2
rb1805,20170607,20170606,211516000,2729.0,1776,85376,48339720.0,2729.0,1,2728.0,2
rb1805,20170607,20170606,211516500,2729.0,1778,85376,48394300.0,2730.0,20,2729.0,1
rb1805,20170607,20170606,211517000,2729.0,1780,85376,48448880.0,2729.0,2,2728.0,2
rb1805,20170607,20170606,211517500,2729.0,1798,85368,48940220.0,2730.0,9,2729.0,2
rb1805,20170607,20170606,211518000,2729.0,1798,85368,48940220.0,2730.0,9,2728.0,8
rb1805,20170607,20170606,211518500,2729.0,1798,85368,48940220.0,2730.0,14,2728.0,12
rb1805,20170607,20170606,211519000,2729.0,1798,85368,48940220.0,2730.0,14,2728.0,8
rb1805,20170607,20170606,211519500,2730.0,1800,85368,48994820.0,2730.0,13,2728.0,8
rb1805,20170607,20170606,211520500,2730.0,1800,85368,48994820.0,2730.0,13,2729.0,6
rb1805,20170607,20170606,211521000,2729.0,1802,85370,49049400.0,2730.0,13,2729.0,6
rb1805,20170607,20170606,211521500,2730.0,1804,85370,49104000.0,2730.0,7,2729.0,6
rb1805,20170607,20170606,211522000,2730.0,1804,85370,49104000.0,2730.0,8,2729.0,6
rb1805,20170607,20170606,211522500,2730.0,1804,85370,49104000.0,2730.0,8,2729.0,12
rb1805,20170607,20170606,211523000,2730.0,1806,85368,49158600.0,2730.0,7,2729.0,12
rb1805,20170607,20170606,211523500,2730.0,1806,85368,49158600.0,2730.0,12,2729.0,12
rb1805,20170607,20170606,211524000,2730.0,1806,85368,49158600.0,2730.0,13,2729.0,6
rb1805,20170607,20170606,211525000,2730.0,1806,85368,49158600.0,2730.0,13,2729.0,6
rb1805,20170607,20170606,211525500,2729.0,1808,85370,49213180.0,2730.0,13,2729.0,5
rb1805,20170607,20170606,211526000,2729.0,1808,85370,49213180.0,2730.0,8,2729.0,11
rb1805,20170607,20170606,211526500,2729.0,1808,85370,49213180.0,2730.0,8,2729.0,4
rb1805,20170607,20170606,211527000,2729.0,1810,85370,49267760.0,2730.0,8,2729.0,3
rb1805,20170607,20170606,211527500,2729.0,1810,85370,49267760.0,2730.0,8,2729.0,3
rb1805,20170607,20170606,211528000,2729.0,1812,85372,49322340.0,2730.0,8,2729.0,2
rb1805,20170607,20170606,211528500,2730.0,1814,85370,49376940.0,2730.0,7,2729.0,2
rb1805,20170607,20170606,211529000,2730.0,1816,85370,49431540.0,2730.0,6,2729.0,2
rb1805,20170607,20170606,211529500,2730.0,1816,85370,49431540.0,2730.0,6,2729.0,2
rb1805,20170607,20170606,211531500,2730.0,1816,85370,49431540.0,2730.0,6,2729.0,2
rb1805,20170607,20170606,211532500,2729.0,1820,85370,49540700.0,2729.0,2,2728.0,1
rb1805,20170607,20170606,211533000,2729.0,1820,85370,49540700.0,2729.0,2,2728.0,7
rb1805,20170607,20170606,211534000,2729.0,1822,85370,49595280.0,2729.0,1,2728.0,8
rb1805,20170607,20170606,211534500,2729.0,1822,85370,49595280.0,2729.0,1,2728.0,9
rb1805,20170607,20170606,211535000,2729.0,1824,85368,49649860.0,2730.0,7,2728.0,11
rb1805,20170607,20170606,211536000,2729.0,1824,85368,49649860.0,2730.0,7,2728.0,13
rb1805,20170607,20170606,211537000,2729.0,1824,85368,49649860.0,2729.0,1,2728.0,14
rb1805,20170607,20170606,211537500,2729.0,1826,85368,49704440.0,2730.0,7,2728.0,14
rb1805,20170607,20170606,211538000,2729.0,1826,85368,49704440.0,2730.0,7,2728.0,10
rb1805,20170607,20170606,211538500,2729.0,1826,85368,49704440.0,2730.0,7,2728.0,10
rb1805,20170607,20170606,211539000,2730.0,1830,85366,49813640.0,2730.0,5,2728.0,11
rb1805,20170607,20170606,211539500,2730.0,1830,85366,49813640.0,2730.0,10,2728.0,11
rb1805,20170607,20170606,211540000,2730.0,1830,85366,49813640.0,2730.0,10,2728.0,11
rb1805,20170607,20170606,211540500,2730.0,1830,85366,49813640.0,2730.0,20,2728.0,12
rb1805,20170607,20170606,211541000,2730.0,1830,85366,49813640.0,2730.0,20,2728.0,11
rb1805,20170607,20170606,211541500,2730.0,1834,85364,49922800.0,2730.0,19,2728.0,11
rb1805,20170607,20170606,211542000,2728.0,1838,85360,50031920.0,2730.0,19,2728.0,9
rb1805,20170607,20170606,211542500,2730.0,1840,85360,50086520.0,2730.0,18,2728.0,9
rb1805,20170607,20170606,211543500,2730.0,1840,85360,50086520.0,2730.0,20,2728.0,9
rb1805,20170607,20170606,211544000,2730.0,1840,85360,50086520.0,2730.0,20,2728.0,10
rb1805,20170607,20170606,211544500,2730.0,1840,85360,50086520.0,2729.0,2,2728.0,10
rb1805,20170607,20170606,211547000,2730.0,1840,85360,50086520.0,2729.0,3,2728.0,10
rb1805,20170607,20170606,211547500,2730.0,1844,85356,50195720.0,2730.0,20,2728.0,14
rb1805,20170607,20170606,211548000,2730.0,1844,85356,50195720.0,2730.0,19,2728.0,14
rb1805,20170607,20170606,211548500,2730.0,1844,85356,50195720.0,2729.0,1,2728.0,14
rb1805,20170607,20170606,211549000,2730.0,1844,85356,50195720.0,2729.0,1,2728.0,14
rb1805,20170607,20170606,211549500,2730.0,1844,85356,50195720.0,2729.0,1,2728.0,10
rb1805,20170607,20170606,211550000,2730.0,1844,85356,50195720.0,2729.0,1,2728.0,10
rb1805,20170607,20170606,211551500,2730.0,1844,85356,50195720.0,2729.0,1,2728.0,10
rb1805,20170607,20170606,211552500,2730.0,1844,85356,50195720.0,2729.0,1,2728.0,10
rb1805,20170607,20170606,211553000,2730.0,1844,85356,50195720.0,2729.0,1,2728.0,10
rb1805,20170607,20170606,211553500,2729.0,1846,85354,50250300.0,2730.0,19,2728.0,10
rb1805,20170607,20170606,211554500,2729.0,1846,85354,50250300.0,2730.0,19,2728.0,10
rb1805,20170607,20170606,211555000,2729.0,1846,85354,50250300.0,2730.0,19,2728.0,10
rb1805,20170607,20170606,211555500,2729.0,1846,85354,50250300.0,2730.0,19,2729.0,1
rb1805,20170607,20170606,211556000,2729.0,1846,85354,50250300.0,2730.0,19,2729.0,1
rb1805,20170607,20170606,211556500,2729.0,1846,85354,50250300.0,2730.0,19,2729.0,4
rb1805,20170607,20170606,211557500,2729.0,1846,85354,50250300.0,2730.0,14,2729.0,4
rb1805,20170607,20170606,211558000,2729.0,1848,85354,50304880.0,2730.0,14,2729.0,3
rb1805,20170607,20170606,211558500,2729.0,1848,85354,50304880.0,2730.0,16,2729.0,3
rb1805,20170607,20170606,211559500,2729.0,1848,85354,50304880.0,2730.0,16,2728.0,7
rb1805,20170607,20170606,211600000,2729.0,1848,85354,50304880.0,2730.0,16,2728.0,15
rb1805,20170607,20170606,211600500,2729.0,1848,85354,50304880.0,2730.0,16,2728.0,15
rb1805,20170607,20170606,211602000,2729.0,1848,85354,50304880.0,2730.0,16,2728.0,16
rb1805,20170607,20170606,211602500,2730.0,1880,85354,51178480.0,2731.0,32,2730.0,84
rb1805,20170607,20170606,211603000,2730.0,1884,85354,51287680.0,2731.0,32,2730.0,92
rb1805,20170607,20170606,211603500,2730.0,1888,85358,51396880.0,2731.0,32,2730.0,90
rb1805,20170607,20170606,211604500,2730.0,1888,85358,51396880.0,2731.0,33,2730.0,90
rb1805,20170607,20170606,211606000,2731.0,1890,85358,51451500.0,2731.0,30,2730.0,90
rb1805,20170607,20170606,211606500,2730.0,1900,85362,51724500.0,2731.0,29,2730.0,85
rb1805,20170607,20170606,211607000,2730.0,1906,85362,51888300.0,2731.0,29,2730.0,82
rb1805,20170607,20170606,211610500,2730.0,1908,85362,51942900.0,2731.0,29,2730.0,71
rb1805,20170607,20170606,211611000,2730.0,1908,85362,51942900.0,2731.0,30,2730.0,71
rb1805,20170607,20170606,211612000,2730.0,1908,85362,51942900.0,2731.0,30,2730.0,71
rb1805,20170607,20170606,211612500,2730.0,1910,85362,51997500.0,2731.0,31,2730.0,70
rb1805,20170607,20170606,211613000,2731.0,1932,85360,52598320.0,2731.0,20,2730.0,70
rb1805,20170607,20170606,211614000,2731.0,1932,85360,52598320.0,2731.0,21,2730.0,74
rb1805,20170607,20170606,211615000,2730.0,1936,85360,52707520.0,2731.0,21,2730.0,72
rb1805,20170607,20170606,211617000,2730.0,1936,85360,52707520.0,2731.0,21,2730.0,72
rb1805,20170607,20170606,211618000,2730.0,1936,85360,52707520.0,2731.0,21,2730.0,72
rb1805,20170607,20170606,211620000,2730.0,1938,85360,52762120.0,2731.0,21,2730.0,71
rb1805,20170607,20170606,211622000,2730.0,1938,85360,52762120.0,2731.0,21,2730.0,67
rb1805,20170607,20170606,211622500,2730.0,1938,85360,52762120.0,2731.0,21,2730.0,67
rb1805,20170607,20170606,211623500,2730.0,1938,85360,52762120.0,2731.0,21,2730.0,67
rb1805,20170607,20170606,211625000,2730.0,1938,85360,52762120.0,2731.0,21,2730.0,67
rb1805,20170607,20170606,211627000,2730.0,1940,85360,52816720.0,2731.0,21,2730.0,66
rb1805,20170607,20170606,211629000,2730.0,1940,85360,52816720.0,2731.0,21,2730.0,70
rb1805,20170607,20170606,211629500,2730.0,1940,85360,52816720.0,2731.0,22,2730.0,70
rb1805,20170607,20170606,211630000,2730.0,1940,85360,52816720.0,2731.0,22,2730.0,70
rb1805,20170607,20170606,211630500,2730.0,1940,85360,52816720.0,2731.0,22,2730.0,67
rb1805,20170607,20170606,211631500,2730.0,1940,85360,52816720.0,2731.0,22,2730.0,72
rb1805,20170607,20170606,211632500,2730.0,1940,85360,52816720.0,2731.0,22,2730.0,72
rb1805,20170607,20170606,211634500,2730.0,1942,85362,52871320.0,2731.0,22,2730.0,75
rb1805,20170607,20170606,211635000,2730.0,1942,85362,52871320.0,2731.0,22,2730.0,75
rb1805,20170607,20170606,211636000,2730.0,1942,85362,52871320.0,2731.0,22,2730.0,75
rb1805,20170607,20170606,211636500,2730.0,1942,85362,52871320.0,2731.0,22,2730.0,75
rb1805,20170607,20170606,211638000,2730.0,1942,85362,52871320.0,2731.0,22,2730.0,70
rb1805,20170607,20170606,211639000,2730.0,1944,85362,52925920.0,2731.0,72,2730.0,69
rb1805,20170607,20170606,211639500,2730.0,1944,85362,52925920.0,2731.0,72,2730.0,82
rb1805,20170607,20170606,211641000,2730.0,1944,85362,52925920.0,2731.0,72,2730.0,82
rb1805,20170607,20170606,211643500,2730.0,1944,85362,52925920.0,2731.0,74,2730.0,82
rb1805,20170607,20170606,211644000,2730.0,1944,85362,52925920.0,2731.0,74,2730.0,77
rb1805,20170607,20170606,211644500,2731.0,1946,85362,52980540.0,2731.0,73,2730.0,77
rb1805,20170607,20170606,211647500,2731.0,1946,85362,52980540.0,2731.0,73,2730.0,77
rb1805,20170607,20170606,211648000,2730.0,1948,85362,53035140.0,2731.0,73,2730.0,76
rb1805,20170607,20170606,211649000,2730.0,1948,85362,53035140.0,2731.0,73,2730.0,76
rb1805,20170607,20170606,211649500,2730.0,1948,85362,53035140.0,2731.0,73,2730.0,76
rb1805,20170607,20170606,211650000,2730.0,1950,85362,53089740.0,2731.0,74,2730.0,75
rb1805,20170607,20170606,211651000,2730.0,1950,85362,53089740.0,2731.0,74,2730.0,75
rb1805,20170607,20170606,211652500,2730.0,1950,85362,53089740.0,2731.0,74,2730.0,79
rb1805,20170607,20170606,211653000,2730.0,1950,85362,53089740.0,2731.0,74,2730.0,75
rb1805,20170607,20170606,211655000,2730.0,1950,85362,53089740.0,2731.0,74,2730.0,62
rb1805,20170607,20170606,211658500,2730.0,1950,85362,53089740.0,2731.0,75,2730.0,62
