instrument,tradingday,calendarday,time,lastp,volume,openinterest,turnover,ask1,asksz1,bid1,bidsz1
rb1805,20170922,20170921,183749500,3530.0,0,449046,0.0,0.0,0,0.0,0
rb1805,20170922,20170921,205900500,3528.0,164,449016,5785920.0,3528.0,9,3527.0,3
rb1805,20170922,20170921,210000500,3528.0,234,449054,8256080.0,3530.0,171,3528.0,56
rb1805,20170922,20170921,210001000,3527.0,490,449106,17287160.0,3527.0,3,3526.0,7
rb1805,20170922,20170921,210001500,3525.0,610,449144,21516960.0,3525.0,3,3522.0,4
rb1805,20170922,20170921,210002000,3526.0,768,449172,27085480.0,3526.0,9,3525.0,17
rb1805,20170922,20170921,210002500,3525.0,848,449180,29905700.0,3527.0,62,3525.0,14
rb1805,20170922,20170921,210003000,3524.0,1050,449250,37028100.0,3527.0,10,3524.0,22
rb1805,20170922,20170921,210003500,3525.0,1130,449266,39847260.0,3525.0,2,3524.0,2
rb1805,20170922,20170921,210004000,3522.0,1208,449312,42594500.0,3522.0,27,3521.0,7
rb1805,20170922,20170921,210004500,3522.0,1366,449268,48160880.0,3523.0,6,3522.0,44
rb1805,20170922,20170921,210005000,3524.0,1468,449286,51754580.0,3524.0,3,3523.0,68
rb1805,20170922,20170921,210005500,3523.0,1550,449352,54644520.0,3526.0,30,3523.0,67
rb1805,20170922,20170921,210006000,3523.0,1596,449358,56265220.0,3524.0,6,3523.0,49
rb1805,20170922,20170921,210006500,3525.0,1626,449364,57322520.0,3526.0,30,3524.0,10
rb1805,20170922,20170921,210007000,3524.0,1728,449362,60918500.0,3527.0,18,3525.0,6
rb1805,20170922,20170921,210007500,3525.0,1756,449384,61905320.0,3527.0,24,3525.0,6
rb1805,20170922,20170921,210008000,3526.0,1762,449384,62116860.0,3527.0,24,3526.0,4
rb1805,20170922,20170921,210008500,3527.0,1790,449370,63104380.0,3527.0,7,3526.0,11
rb1805,20170922,20170921,210009000,3527.0,1814,449366,63950860.0,3528.0,3,3526.0,23
rb1805,20170922,20170921,210009500,3528.0,1824,449364,64303580.0,3528.0,9,3527.0,10
rb1805,20170922,20170921,210010000,3527.0,1876,449348,66138160.0,3530.0,167,3527.0,16
rb1805,20170922,20170921,210010500,3529.0,1886,449356,66491100.0,3529.0,14,3528.0,9
rb1805,20170922,20170921,210011000,3529.0,1930,449360,68043760.0,3529.0,4,3528.0,6
rb1805,20170922,20170921,210011500,3529.0,1942,449364,68467240.0,3530.0,160,3529.0,6
rb1805,20170922,20170921,210012000,3529.0,2002,449404,70584780.0,3530.0,153,3529.0,8
rb1805,20170922,20170921,210012500,3529.0,2044,449390,72066960.0,3529.0,14,3528.0,17
rb1805,20170922,20170921,210013000,3529.0,2070,449386,72984500.0,3529.0,10,3528.0,7
rb1805,20170922,20170921,210013500,3529.0,2114,449402,74537360.0,3530.0,140,3529.0,1
rb1805,20170922,20170921,210014000,3530.0,2128,449412,75031480.0,3530.0,137,3528.0,4
rb1805,20170922,20170921,210014500,3528.0,2150,449410,75807780.0,3528.0,5,3527.0,20
rb1805,20170922,20170921,210015000,3528.0,2198,449422,77501400.0,3528.0,13,3527.0,21
rb1805,20170922,20170921,210015500,3530.0,2226,449438,78489280.0,3530.0,138,3529.0,2
rb1805,20170922,20170921,210016000,3530.0,2270,449440,80042140.0,3530.0,179,3529.0,5
rb1805,20170922,20170921,210016500,3529.0,2290,449450,80747940.0,3529.0,15,3528.0,129
rb1805,20170922,20170921,210017000,3528.0,2308,449452,81383000.0,3529.0,25,3528.0,143
rb1805,20170922,20170921,210017500,3528.0,2356,449408,83076500.0,3529.0,22,3528.0,131
rb1805,20170922,20170921,210018000,3528.0,2384,449410,84064420.0,3529.0,20,3528.0,121
rb1805,20170922,20170921,210018500,3529.0,2430,449404,85687760.0,3529.0,28,3528.0,122
rb1805,20170922,20170921,210019000,3529.0,2488,449422,87734580.0,3530.0,184,3528.0,127
rb1805,20170922,20170921,210019500,3530.0,2510,449428,88511120.0,3530.0,176,3529.0,22
rb1805,20170922,20170921,210020000,3530.0,2514,449430,88652320.0,3530.0,175,3529.0,38
rb1805,20170922,20170921,210020500,3529.0,2518,449432,88793500.0,3530.0,174,3529.0,44
rb1805,20170922,20170921,210021000,3529.0,2564,449442,90416960.0,3530.0,170,3529.0,40
rb1805,20170922,20170921,210021500,3529.0,2630,449500,92746680.0,3530.0,141,3529.0,37
rb1805,20170922,20170921,210022000,3529.0,2630,449500,92746680.0,3530.0,141,3529.0,42
rb1805,20170922,20170921,210022500,3530.0,2650,449520,93452680.0,3530.0,131,3529.0,39
rb1805,20170922,20170921,210023000,3529.0,2676,449538,94370440.0,3530.0,121,3529.0,38
rb1805,20170922,20170921,210023500,3530.0,2920,449772,102983640.0,3531.0,14,3530.0,80
rb1805,20170922,20170921,210024000,3530.0,3022,449760,106584640.0,3532.0,9,3530.0,51
rb1805,20170922,20170921,210024500,3532.0,3036,449750,107079080.0,3532.0,5,3531.0,28
rb1805,20170922,20170921,210025000,3533.0,3048,449752,107502940.0,3533.0,23,3532.0,100
rb1805,20170922,20170921,210025500,3532.0,3064,449764,108068080.0,3533.0,31,3532.0,98
rb1805,20170922,20170921,210026000,3533.0,3094,449772,109127700.0,3533.0,40,3532.0,79
rb1805,20170922,20170921,210026500,3532.0,3102,449772,109410280.0,3533.0,35,3532.0,76
rb1805,20170922,20170921,210027000,3532.0,3194,449778,112660000.0,3533.0,13,3532.0,44
rb1805,20170922,20170921,210027500,3533.0,3212,449792,113295840.0,3533.0,13,3532.0,42
rb1805,20170922,20170921,210028000,3533.0,3232,449792,114002340.0,3533.0,15,3532.0,37
rb1805,20170922,20170921,210028500,3533.0,3258,449792,114920900.0,3533.0,3,3532.0,36
rb1805,20170922,20170921,210029000,3533.0,3296,449792,116263100.0,3533.0,13,3532.0,19
rb1805,20170922,20170921,210029500,3533.0,3324,449796,117252320.0,3534.0,21,3533.0,1
rb1805,20170922,20170921,210030000,3533.0,3390,449850,119584080.0,3533.0,1,3532.0,23
rb1805,20170922,20170921,210030500,3533.0,3428,449860,120926620.0,3534.0,36,3533.0,8
rb1805,20170922,20170921,210031000,3532.0,3458,449868,121986400.0,3533.0,28,3532.0,33
rb1805,20170922,20170921,210031500,3533.0,3488,449880,123046280.0,3533.0,7,3532.0,34
rb1805,20170922,20170921,210032000,3534.0,3520,449890,124176940.0,3534.0,83,3532.0,33
rb1805,20170922,20170921,210032500,3534.0,3530,449894,124530260.0,3533.0,9,3532.0,33
rb1805,20170922,20170921,210033000,3532.0,3536,449898,124742200.0,3533.0,8,3532.0,31
rb1805,20170922,20170921,210033500,3532.0,3588,449912,126579040.0,3533.0,28,3532.0,15
rb1805,20170922,20170921,210034000,3532.0,3618,449942,127638640.0,3532.0,6,3531.0,31
rb1805,20170922,20170921,210034500,3532.0,3636,449930,128274440.0,3533.0,34,3532.0,23
rb1805,20170922,20170921,210035000,3532.0,3712,449890,130958880.0,3532.0,7,3531.0,101
rb1805,20170922,20170921,210035500,3532.0,3718,449888,131170800.0,3532.0,11,3531.0,98
rb1805,20170922,20170921,210036000,3532.0,3722,449888,131312080.0,3532.0,10,3531.0,89
rb1805,20170922,20170921,210036500,3532.0,3790,449858,133713560.0,3532.0,21,3531.0,76
rb1805,20170922,20170921,210037000,3532.0,3938,449972,138939480.0,3532.0,50,3531.0,4
rb1805,20170922,20170921,210037500,3531.0,3950,449970,139363200.0,3531.0,19,3530.0,95
rb1805,20170922,20170921,210038000,3532.0,4020,450026,141835140.0,3531.0,6,3530.0,94
rb1805,20170922,20170921,210038500,3531.0,4024,450026,141976360.0,3531.0,6,3530.0,94
rb1805,20170922,20170921,210039000,3530.0,4056,450016,143106240.0,3531.0,11,3530.0,91
rb1805,20170922,20170921,210039500,3531.0,4094,450036,144447660.0,3531.0,20,3530.0,73
rb1805,20170922,20170921,210040000,3530.0,4108,450048,144941880.0,3531.0,19,3530.0,68
rb1805,20170922,20170921,210040500,3530.0,4130,450050,145718500.0,3531.0,18,3530.0,59
rb1805,20170922,20170921,210041000,3530.0,4130,450050,145718500.0,3531.0,20,3530.0,59
rb1805,20170922,20170921,210041500,3531.0,4174,450046,147271720.0,3531.0,20,3530.0,38
rb1805,20170922,20170921,210042000,3531.0,4196,450062,148048400.0,3531.0,17,3530.0,31
rb1805,20170922,20170921,210042500,3530.0,4218,450084,148825040.0,3531.0,17,3530.0,21
rb1805,20170922,20170921,210043000,3531.0,4276,450084,150872420.0,3531.0,20,3529.0,31
rb1805,20170922,20170921,210043500,3530.0,4290,450084,151366660.0,3530.0,11,3529.0,39
rb1805,20170922,20170921,210044000,3530.0,4300,450094,151719660.0,3530.0,6,3529.0,39
rb1805,20170922,20170921,210044500,3530.0,4300,450094,151719660.0,3530.0,10,3529.0,49
rb1805,20170922,20170921,210045000,3530.0,4304,450098,151860840.0,3530.0,11,3529.0,48
rb1805,20170922,20170921,210045500,3529.0,4356,450122,153696660.0,3531.0,8,3529.0,47
rb1805,20170922,20170921,210046000,3530.0,4358,450122,153767260.0,3530.0,21,3529.0,48
rb1805,20170922,20170921,210046500,3530.0,4370,450134,154190860.0,3530.0,15,3529.0,48
rb1805,20170922,20170921,210047000,3529.0,4376,450138,154402640.0,3530.0,13,3529.0,52
rb1805,20170922,20170921,210047500,3529.0,4382,450140,154614380.0,3530.0,13,3529.0,45
rb1805,20170922,20170921,210048000,3530.0,4390,450138,154896720.0,3530.0,15,3529.0,46
rb1805,20170922,20170921,210048500,3530.0,4404,450142,155390880.0,3530.0,18,3529.0,44
rb1805,20170922,20170921,210049000,3529.0,4414,450148,155743800.0,3530.0,20,3529.0,41
rb1805,20170922,20170921,210049500,3530.0,4424,450150,156096740.0,3530.0,39,3529.0,37
rb1805,20170922,20170921,210050000,3530.0,4434,450154,156449740.0,3530.0,34,3529.0,38
rb1805,20170922,20170921,210050500,3529.0,4514,450106,159272940.0,3529.0,5,3528.0,107
rb1805,20170922,20170921,210051000,3530.0,4582,450094,161673020.0,3530.0,13,3528.0,107
rb1805,20170922,20170921,210051500,3529.0,4592,450094,162025920.0,3529.0,2,3528.0,107
rb1805,20170922,20170921,210052000,3528.0,4594,450094,162096480.0,3529.0,8,3528.0,107
rb1805,20170922,20170921,210052500,3529.0,4654,450062,164213500.0,3529.0,28,3528.0,88
rb1805,20170922,20170921,210053000,3528.0,4670,450060,164778120.0,3529.0,17,3528.0,88
rb1805,20170922,20170921,210053500,3528.0,4854,450036,171269720.0,3528.0,7,3527.0,20
rb1805,20170922,20170921,210054000,3528.0,4872,450032,171904620.0,3528.0,36,3527.0,19
rb1805,20170922,20170921,210054500,3528.0,4908,450054,173174700.0,3529.0,15,3528.0,1
rb1805,20170922,20170921,210055000,3529.0,4914,450060,173386380.0,3528.0,7,3527.0,25
rb1805,20170922,20170921,210055500,3527.0,4930,450060,173950700.0,3528.0,12,3527.0,26
rb1805,20170922,20170921,210056000,3529.0,4956,450068,174868000.0,3529.0,22,3528.0,1
rb1805,20170922,20170921,210056500,3528.0,4968,450066,175291360.0,3528.0,16,3527.0,34
rb1805,20170922,20170921,210057000,3527.0,4988,450058,175996800.0,3528.0,20,3527.0,26
rb1805,20170922,20170921,210057500,3527.0,5014,450060,176913820.0,3528.0,20,3527.0,14
rb1805,20170922,20170921,210058000,3527.0,5048,450060,178113000.0,3527.0,6,3526.0,18
rb1805,20170922,20170921,210058500,3526.0,5072,450052,178959380.0,3528.0,28,3526.0,29
rb1805,20170922,20170921,210059000,3526.0,5136,450018,181216020.0,3526.0,5,3525.0,22
rb1805,20170922,20170921,210059500,3525.0,5160,450010,182062040.0,3526.0,3,3525.0,17
rb1805,20170922,20170921,210100000,3525.0,5244,449998,185023100.0,3526.0,17,3525.0,1
rb1805,20170922,20170921,210100500,3525.0,5264,449996,185728060.0,3525.0,44,3524.0,14
rb1805,20170922,20170921,210101000,3526.0,5408,450016,190804400.0,3526.0,54,3525.0,2
rb1805,20170922,20170921,210101500,3525.0,5424,450006,191368340.0,3525.0,43,3524.0,7
rb1805,20170922,20170921,210102000,3524.0,5438,450004,191861700.0,3524.0,2,3523.0,29
rb1805,20170922,20170921,210102500,3524.0,5444,450006,192073140.0,3525.0,16,3524.0,7
rb1805,20170922,20170921,210103000,3526.0,5514,450038,194540900.0,3526.0,46,3525.0,2
rb1805,20170922,20170921,210103500,3525.0,5540,450034,195457420.0,3525.0,8,3524.0,12
rb1805,20170922,20170921,210104000,3525.0,5574,450044,196655920.0,3526.0,45,3525.0,14
rb1805,20170922,20170921,210104500,3524.0,5592,450042,197290420.0,3525.0,8,3524.0,19
rb1805,20170922,20170921,210105000,3524.0,5658,450000,199616460.0,3525.0,3,3524.0,3
rb1805,20170922,20170921,210105500,3525.0,5662,449996,199757460.0,3525.0,10,3524.0,3
rb1805,20170922,20170921,210106000,3524.0,5720,450030,201801540.0,3525.0,2,3524.0,1
rb1805,20170922,20170921,210106500,3525.0,5762,450028,203282040.0,3526.0,49,3525.0,3
rb1805,20170922,20170921,210107000,3525.0,5768,450030,203493540.0,3526.0,47,3525.0,12
rb1805,20170922,20170921,210107500,3525.0,5770,450032,203564040.0,3526.0,48,3525.0,18
rb1805,20170922,20170921,210108000,3525.0,5798,450054,204551060.0,3526.0,47,3525.0,9
rb1805,20170922,20170921,210108500,3525.0,5810,450066,204974060.0,3526.0,47,3525.0,18
rb1805,20170922,20170921,210109000,3525.0,5846,450096,206243280.0,3526.0,36,3525.0,18
rb1805,20170922,20170921,210109500,3526.0,5934,450118,209346280.0,3527.0,8,3525.0,31
rb1805,20170922,20170921,210110000,3527.0,5958,450122,210192700.0,3527.0,5,3526.0,7
rb1805,20170922,20170921,210110500,3527.0,5984,450102,211109740.0,3528.0,17,3527.0,10
rb1805,20170922,20170921,210111000,3527.0,5994,450108,211462520.0,3528.0,13,3527.0,14
rb1805,20170922,20170921,210111500,3528.0,6002,450116,211744740.0,3528.0,10,3527.0,16
rb1805,20170922,20170921,210112000,3528.0,6022,450130,212450340.0,3529.0,45,3528.0,26
rb1805,20170922,20170921,210112500,3528.0,6042,450140,213155940.0,3529.0,17,3528.0,8
rb1805,20170922,20170921,210113000,3529.0,6046,450142,213297080.0,3529.0,4,3528.0,20
rb1805,20170922,20170921,210113500,3529.0,6058,450138,213720560.0,3530.0,32,3529.0,5
rb1805,20170922,20170921,210114000,3530.0,6112,450128,215626640.0,3530.0,14,3529.0,11
rb1805,20170922,20170921,210114500,3529.0,6116,450130,215767800.0,3530.0,22,3529.0,15
rb1805,20170922,20170921,210115000,3530.0,6120,450130,215909000.0,3530.0,22,3529.0,38
rb1805,20170922,20170921,210115500,3529.0,6136,450132,216473740.0,3530.0,17,3529.0,39
rb1805,20170922,20170921,210116000,3529.0,6152,450132,217038500.0,3530.0,11,3529.0,37
rb1805,20170922,20170921,210116500,3529.0,6160,450128,217320880.0,3530.0,9,3529.0,33
rb1805,20170922,20170921,210117000,3530.0,6164,450128,217462080.0,3530.0,11,3529.0,33
rb1805,20170922,20170921,210117500,3530.0,6170,450122,217673880.0,3530.0,61,3529.0,36
rb1805,20170922,20170921,210118000,3530.0,6178,450120,217956260.0,3530.0,64,3529.0,34
rb1805,20170922,20170921,210118500,3529.0,6186,450114,218238600.0,3530.0,66,3529.0,35
rb1805,20170922,20170921,210119000,3529.0,6192,450116,218450380.0,3530.0,64,3529.0,36
rb1805,20170922,20170921,210119500,3529.0,6204,450118,218873880.0,3530.0,58,3529.0,32
rb1805,20170922,20170921,210120000,3530.0,6206,450118,218944480.0,3530.0,53,3529.0,32
rb1805,20170922,20170921,210120500,3529.0,6236,450108,220003360.0,3530.0,6,3529.0,26
rb1805,20170922,20170921,210121000,3530.0,6244,450108,220285760.0,3530.0,4,3529.0,25
rb1805,20170922,20170921,210121500,3530.0,6268,450102,221132880.0,3530.0,4,3529.0,19
rb1805,20170922,20170921,210122000,3530.0,6292,450100,221979980.0,3530.0,2,3529.0,14
rb1805,20170922,20170921,210122500,3530.0,6300,450102,222262380.0,3530.0,1,3529.0,14
rb1805,20170922,20170921,210123000,3531.0,6314,450104,222756620.0,3531.0,65,3529.0,15
rb1805,20170922,20170921,210123500,3530.0,6322,450106,223039020.0,3530.0,20,3529.0,14
rb1805,20170922,20170921,210124000,3530.0,6324,450108,223109620.0,3530.0,29,3529.0,28
rb1805,20170922,20170921,210124500,3530.0,6328,450110,223250820.0,3530.0,28,3529.0,30
rb1805,20170922,20170921,210125000,3530.0,6344,450112,223815620.0,3530.0,24,3529.0,37
rb1805,20170922,20170921,210125500,3530.0,6388,450120,225368820.0,3530.0,2,3529.0,38
rb1805,20170922,20170921,210126000,3530.0,6404,450128,225933620.0,3531.0,27,3530.0,8
rb1805,20170922,20170921,210126500,3529.0,6468,450158,228192420.0,3530.0,3,3529.0,12
rb1805,20170922,20170921,210127000,3529.0,6484,450148,228757260.0,3531.0,31,3529.0,11
rb1805,20170922,20170921,210127500,3531.0,6492,450150,229039740.0,3531.0,27,3529.0,13
rb1805,20170922,20170921,210128000,3529.0,6494,450152,229110320.0,3531.0,27,3530.0,6
rb1805,20170922,20170921,210128500,3529.0,6528,450160,230310380.0,3530.0,14,3529.0,40
rb1805,20170922,20170921,210129000,3531.0,6534,450160,230522240.0,3531.0,24,3529.0,43
rb1805,20170922,20170921,210129500,3529.0,6560,450182,231440220.0,3531.0,13,3529.0,45
rb1805,20170922,20170921,210130000,3530.0,6568,450182,231722620.0,3530.0,97,3529.0,44
rb1805,20170922,20170921,210130500,3530.0,6572,450184,231863820.0,3530.0,95,3529.0,41
rb1805,20170922,20170921,210131000,3530.0,6586,450184,232358020.0,3530.0,88,3529.0,62
rb1805,20170922,20170921,210131500,3530.0,6602,450184,232922820.0,3530.0,82,3529.0,71
rb1805,20170922,20170921,210132000,3530.0,6616,450198,233417020.0,3530.0,76,3529.0,71
rb1805,20170922,20170921,210132500,3530.0,6620,450198,233558220.0,3530.0,74,3529.0,71
rb1805,20170922,20170921,210133000,3530.0,6622,450200,233628820.0,3530.0,73,3529.0,72
rb1805,20170922,20170921,210133500,3530.0,6646,450204,234476020.0,3530.0,62,3529.0,73
rb1805,20170922,20170921,210134000,3529.0,6668,450206,235252420.0,3530.0,61,3529.0,65
rb1805,20170922,20170921,210134500,3529.0,6674,450212,235464160.0,3530.0,61,3529.0,56
rb1805,20170922,20170921,210135000,3530.0,6692,450224,236099560.0,3530.0,52,3529.0,83
rb1805,20170922,20170921,210135500,3530.0,6718,450230,237017360.0,3530.0,40,3529.0,88
rb1805,20170922,20170921,210136000,3530.0,6726,450236,237299760.0,3530.0,37,3529.0,109
rb1805,20170922,20170921,210136500,3529.0,6728,450236,237370340.0,3530.0,46,3529.0,60
rb1805,20170922,20170921,210137000,3530.0,6748,450250,238076280.0,3530.0,38,3529.0,58
rb1805,20170922,20170921,210137500,3530.0,6770,450260,238852860.0,3530.0,19,3529.0,58
rb1805,20170922,20170921,210138000,3530.0,6812,450292,240335440.0,3531.0,24,3530.0,2
rb1805,20170922,20170921,210138500,3530.0,6812,450292,240335440.0,3531.0,32,3530.0,34
rb1805,20170922,20170921,210139000,3530.0,6816,450290,240476640.0,3531.0,25,3530.0,36
rb1805,20170922,20170921,210139500,3531.0,6826,450284,240829720.0,3531.0,21,3530.0,36
rb1805,20170922,20170921,210140000,3530.0,6830,450284,240970920.0,3531.0,14,3530.0,50
rb1805,20170922,20170921,210140500,3530.0,6838,450278,241253380.0,3531.0,11,3530.0,54
rb1805,20170922,20170921,210141000,3531.0,6876,450282,242595020.0,3532.0,37,3531.0,4
rb1805,20170922,20170921,210141500,3531.0,6882,450288,242806880.0,3532.0,44,3531.0,22
rb1805,20170922,20170921,210142000,3531.0,6884,450288,242877500.0,3532.0,41,3531.0,26
rb1805,20170922,20170921,210142500,3531.0,6946,450270,245067020.0,3532.0,26,3531.0,13
rb1805,20170922,20170921,210143000,3530.0,6980,450286,246267480.0,3532.0,26,3531.0,2
rb1805,20170922,20170921,210143500,3530.0,6986,450284,246479320.0,3531.0,22,3530.0,25
rb1805,20170922,20170921,210144000,3531.0,6990,450284,246620560.0,3531.0,20,3530.0,31
rb1805,20170922,20170921,210144500,3530.0,7004,450272,247114860.0,3531.0,35,3530.0,29
rb1805,20170922,20170921,210145000,3531.0,7014,450270,247467940.0,3531.0,36,3530.0,27
rb1805,20170922,20170921,210145500,3531.0,7042,450262,248456620.0,3531.0,23,3530.0,27
rb1805,20170922,20170921,210146000,3531.0,7044,450264,248527240.0,3531.0,28,3530.0,30
rb1805,20170922,20170921,210146500,3531.0,7070,450284,249445300.0,3531.0,15,3530.0,27
rb1805,20170922,20170921,210147000,3530.0,7078,450284,249727740.0,3531.0,13,3530.0,28
rb1805,20170922,20170921,210147500,3531.0,7082,450286,249868960.0,3531.0,16,3530.0,27
rb1805,20170922,20170921,210148000,3530.0,7106,450310,250716180.0,3531.0,15,3530.0,18
rb1805,20170922,20170921,210148500,3531.0,7108,450312,250786800.0,3531.0,15,3530.0,22
rb1805,20170922,20170921,210149000,3530.0,7112,450316,250928020.0,3531.0,14,3530.0,21
rb1805,20170922,20170921,210149500,3530.0,7114,450318,250998620.0,3531.0,15,3530.0,60
rb1805,20170922,20170921,210150000,3530.0,7120,450324,251210460.0,3531.0,13,3530.0,59
rb1805,20170922,20170921,210150500,3531.0,7132,450324,251634180.0,3531.0,13,3530.0,59
rb1805,20170922,20170921,210151000,3531.0,7156,450324,252481620.0,3531.0,1,3530.0,61
rb1805,20170922,20170921,210151500,3531.0,7158,450324,252552240.0,3532.0,26,3531.0,12
rb1805,20170922,20170921,210152000,3531.0,7176,450332,253187820.0,3532.0,36,3531.0,2
rb1805,20170922,20170921,210152500,3531.0,7176,450332,253187820.0,3532.0,36,3531.0,3
rb1805,20170922,20170921,210153000,3531.0,7182,450338,253399680.0,3531.0,37,3530.0,65
rb1805,20170922,20170921,210153500,3531.0,7182,450338,253399680.0,3531.0,37,3530.0,66
rb1805,20170922,20170921,210154000,3531.0,7188,450344,253611540.0,3531.0,34,3530.0,66
rb1805,20170922,20170921,210154500,3531.0,7206,450350,254247120.0,3531.0,28,3530.0,66
rb1805,20170922,20170921,210155000,3531.0,7218,450362,254670840.0,3531.0,22,3530.0,66
rb1805,20170922,20170921,210155500,3531.0,7242,450376,255518260.0,3531.0,11,3530.0,65
rb1805,20170922,20170921,210156000,3531.0,7248,450382,255730120.0,3531.0,8,3530.0,66
rb1805,20170922,20170921,210156500,3531.0,7264,450388,256295080.0,3532.0,37,3530.0,66
rb1805,20170922,20170921,210157000,3531.0,7264,450388,256295080.0,3532.0,32,3531.0,17
rb1805,20170922,20170921,210157500,3531.0,7266,450390,256365700.0,3532.0,29,3531.0,15
rb1805,20170922,20170921,210158000,3531.0,7266,450390,256365700.0,3532.0,31,3531.0,7
rb1805,20170922,20170921,210158500,3531.0,7266,450390,256365700.0,3532.0,31,3531.0,9
rb1805,20170922,20170921,210159000,3532.0,7268,450392,256436340.0,3532.0,26,3531.0,9
rb1805,20170922,20170921,210159500,3532.0,7270,450392,256506980.0,3532.0,30,3531.0,9
rb1805,20170922,20170921,210200000,3532.0,7270,450392,256506980.0,3532.0,37,3531.0,10
rb1805,20170922,20170921,210200500,3532.0,7270,450392,256506980.0,3532.0,44,3531.0,10
rb1805,20170922,20170921,210201000,3531.0,7298,450420,257495660.0,3531.0,66,3530.0,91
rb1805,20170922,20170921,210201500,3531.0,7298,450420,257495660.0,3531.0,69,3530.0,97
rb1805,20170922,20170921,210202000,3530.0,7302,450424,257636880.0,3531.0,73,3530.0,89
rb1805,20170922,20170921,210202500,3530.0,7302,450424,257636880.0,3531.0,74,3530.0,60
rb1805,20170922,20170921,210203000,3530.0,7426,450454,262014080.0,3531.0,69,3529.0,44
rb1805,20170922,20170921,210203500,3530.0,7492,450454,264343880.0,3530.0,8,3529.0,71
rb1805,20170922,20170921,210204000,3530.0,7514,450440,265120280.0,3530.0,28,3529.0,32
rb1805,20170922,20170921,210204500,3529.0,7584,450474,267590580.0,3529.0,3,3528.0,38
rb1805,20170922,20170921,210205000,3529.0,7586,450474,267661160.0,3529.0,26,3528.0,45
rb1805,20170922,20170921,210205500,3528.0,7610,450460,268508020.0,3529.0,23,3528.0,40
rb1805,20170922,20170921,210206000,3528.0,7610,450460,268508020.0,3529.0,20,3528.0,40
rb1805,20170922,20170921,210206500,3528.0,7618,450466,268790260.0,3529.0,9,3528.0,63
rb1805,20170922,20170921,210207000,3529.0,7646,450470,269778380.0,3530.0,66,3529.0,3
rb1805,20170922,20170921,210207500,3529.0,7652,450470,269990120.0,3529.0,9,3528.0,73
rb1805,20170922,20170921,210208000,3529.0,7672,450470,270695920.0,3530.0,51,3529.0,22
rb1805,20170922,20170921,210208500,3529.0,7684,450462,271119400.0,3530.0,43,3529.0,3
rb1805,20170922,20170921,210209000,3529.0,7686,450462,271189980.0,3530.0,23,3529.0,2
rb1805,20170922,20170921,210209500,3529.0,7688,450462,271260560.0,3530.0,15,3529.0,43
rb1805,20170922,20170921,210210000,3529.0,7688,450462,271260560.0,3530.0,15,3529.0,44
rb1805,20170922,20170921,210210500,3530.0,7706,450466,271895960.0,3530.0,7,3529.0,49
rb1805,20170922,20170921,210211000,3530.0,7708,450466,271966560.0,3530.0,7,3529.0,51
rb1805,20170922,20170921,210211500,3530.0,7722,450466,272460760.0,3531.0,77,3530.0,6
rb1805,20170922,20170921,210212000,3530.0,7728,450466,272672560.0,3531.0,73,3530.0,4
rb1805,20170922,20170921,210212500,3530.0,7730,450466,272743160.0,3531.0,73,3530.0,16
rb1805,20170922,20170921,210213000,3530.0,7730,450466,272743160.0,3531.0,73,3530.0,21
rb1805,20170922,20170921,210213500,3530.0,7730,450466,272743160.0,3531.0,73,3530.0,12
rb1805,20170922,20170921,210214000,3530.0,7730,450466,272743160.0,3531.0,73,3530.0,19
rb1805,20170922,20170921,210214500,3530.0,7770,450482,274155160.0,3530.0,5,3529.0,58
rb1805,20170922,20170921,210215000,3530.0,7780,450492,274508160.0,3531.0,73,3529.0,155
rb1805,20170922,20170921,210215500,3530.0,7780,450492,274508160.0,3531.0,74,3529.0,155
rb1805,20170922,20170921,210216000,3530.0,7782,450494,274578760.0,3531.0,75,3530.0,9
rb1805,20170922,20170921,210216500,3530.0,7784,450496,274649360.0,3531.0,75,3530.0,13
rb1805,20170922,20170921,210217000,3531.0,7790,450496,274861220.0,3531.0,72,3530.0,94
rb1805,20170922,20170921,210217500,3530.0,7864,450554,277473560.0,3531.0,67,3530.0,73
rb1805,20170922,20170921,210218000,3530.0,7864,450554,277473560.0,3531.0,66,3530.0,79
rb1805,20170922,20170921,210218500,3531.0,7904,450594,278885960.0,3531.0,47,3530.0,65
rb1805,20170922,20170921,210219000,3531.0,7998,450606,282205100.0,3532.0,46,3530.0,75
rb1805,20170922,20170921,210219500,3531.0,8018,450626,282911300.0,3532.0,43,3530.0,76
rb1805,20170922,20170921,210220000,3531.0,8018,450626,282911300.0,3532.0,38,3531.0,4
rb1805,20170922,20170921,210220500,3531.0,8018,450626,282911300.0,3532.0,37,3531.0,21
rb1805,20170922,20170921,210221000,3531.0,8060,450618,284394580.0,3532.0,45,3531.0,23
rb1805,20170922,20170921,210221500,3531.0,8060,450618,284394580.0,3532.0,45,3531.0,40
rb1805,20170922,20170921,210222000,3531.0,8060,450618,284394580.0,3532.0,45,3531.0,36
rb1805,20170922,20170921,210222500,3531.0,8062,450618,284465200.0,3532.0,45,3531.0,35
rb1805,20170922,20170921,210223000,3531.0,8064,450618,284535820.0,3532.0,45,3531.0,32
rb1805,20170922,20170921,210223500,3531.0,8070,450620,284747680.0,3532.0,46,3531.0,29
rb1805,20170922,20170921,210224000,3531.0,8072,450622,284818300.0,3532.0,47,3531.0,28
rb1805,20170922,20170921,210224500,3532.0,8074,450620,284888940.0,3532.0,96,3531.0,32
rb1805,20170922,20170921,210225000,3531.0,8104,450640,285948260.0,3532.0,95,3531.0,15
rb1805,20170922,20170921,210225500,3531.0,8104,450640,285948260.0,3532.0,95,3531.0,15
rb1805,20170922,20170921,210226000,3531.0,8144,450646,287360960.0,3532.0,81,3531.0,10
rb1805,20170922,20170921,210226500,3532.0,8148,450646,287502240.0,3532.0,79,3531.0,11
rb1805,20170922,20170921,210227000,3532.0,8206,450602,289550800.0,3532.0,50,3531.0,11
rb1805,20170922,20170921,210227500,3531.0,8220,450616,290045140.0,3532.0,50,3531.0,28
rb1805,20170922,20170921,210228000,3531.0,8220,450616,290045140.0,3532.0,50,3531.0,18
rb1805,20170922,20170921,210228500,3532.0,8228,450622,290327700.0,3532.0,46,3531.0,32
rb1805,20170922,20170921,210229000,3531.0,8304,450668,293012000.0,3532.0,10,3531.0,33
rb1805,20170922,20170921,210229500,3532.0,8326,450684,293789040.0,3533.0,75,3532.0,10
rb1805,20170922,20170921,210230000,3533.0,8328,450682,293859700.0,3533.0,74,3532.0,11
rb1805,20170922,20170921,210230500,3532.0,8340,450684,294283560.0,3533.0,72,3532.0,40
rb1805,20170922,20170921,210231000,3532.0,8342,450684,294354200.0,3533.0,72,3532.0,39
rb1805,20170922,20170921,210231500,3532.0,8346,450686,294495500.0,3533.0,71,3532.0,39
rb1805,20170922,20170921,210232000,3533.0,8372,450704,295414060.0,3533.0,69,3532.0,56
rb1805,20170922,20170921,210232500,3532.0,8392,450690,296120460.0,3533.0,70,3532.0,43
rb1805,20170922,20170921,210233000,3532.0,8394,450688,296191100.0,3533.0,70,3532.0,47
rb1805,20170922,20170921,210233500,3533.0,8396,450690,296261760.0,3533.0,70,3532.0,47
rb1805,20170922,20170921,210234000,3532.0,8400,450688,296403040.0,3533.0,74,3532.0,45
rb1805,20170922,20170921,210234500,3532.0,8564,450604,302195040.0,3532.0,197,3531.0,25
rb1805,20170922,20170921,210235000,3532.0,8618,450572,304102100.0,3532.0,133,3531.0,7
rb1805,20170922,20170921,210235500,3531.0,8650,450570,305232040.0,3532.0,137,3531.0,1
rb1805,20170922,20170921,210236000,3532.0,8654,450568,305373320.0,3532.0,135,3531.0,9
rb1805,20170922,20170921,210236500,3532.0,8684,450588,306432680.0,3532.0,132,3531.0,1
rb1805,20170922,20170921,210237000,3531.0,8688,450588,306573920.0,3531.0,59,3530.0,26
rb1805,20170922,20170921,210237500,3531.0,8690,450588,306644540.0,3531.0,73,3530.0,24
rb1805,20170922,20170921,210238000,3531.0,8692,450588,306715160.0,3531.0,75,3530.0,25
rb1805,20170922,20170921,210238500,3531.0,8696,450586,306856400.0,3531.0,102,3530.0,25
rb1805,20170922,20170921,210239000,3531.0,8714,450594,307491980.0,3531.0,93,3530.0,25
rb1805,20170922,20170921,210239500,3531.0,8720,450598,307703840.0,3531.0,90,3530.0,25
rb1805,20170922,20170921,210240000,3530.0,8786,450636,310033640.0,3530.0,22,3529.0,125
rb1805,20170922,20170921,210240500,3530.0,8870,450696,312998100.0,3530.0,51,3529.0,87
rb1805,20170922,20170921,210241000,3530.0,8906,450720,314268560.0,3530.0,55,3529.0,70
rb1805,20170922,20170921,210241500,3530.0,8920,450724,314762760.0,3530.0,47,3529.0,70
rb1805,20170922,20170921,210242000,3530.0,8920,450724,314762760.0,3530.0,44,3529.0,70
rb1805,20170922,20170921,210242500,3530.0,8920,450724,314762760.0,3530.0,49,3529.0,72
rb1805,20170922,20170921,210243000,3529.0,8922,450726,314833340.0,3530.0,49,3529.0,71
rb1805,20170922,20170921,210243500,3530.0,8928,450726,315045140.0,3530.0,47,3529.0,71
rb1805,20170922,20170921,210244000,3530.0,8942,450730,315539300.0,3530.0,42,3529.0,69
rb1805,20170922,20170921,210244500,3530.0,9038,450800,318927200.0,3530.0,48,3529.0,24
rb1805,20170922,20170921,210245000,3529.0,9098,450828,321044600.0,3529.0,21,3528.0,39
rb1805,20170922,20170921,210245500,3529.0,9098,450828,321044600.0,3529.0,35,3528.0,39
rb1805,20170922,20170921,210246000,3529.0,9104,450830,321256340.0,3529.0,32,3528.0,39
rb1805,20170922,20170921,210246500,3529.0,9110,450834,321468060.0,3529.0,37,3528.0,38
rb1805,20170922,20170921,210247000,3529.0,9124,450834,321962120.0,3529.0,30,3528.0,38
rb1805,20170922,20170921,210247500,3529.0,9128,450836,322103260.0,3529.0,29,3528.0,37
rb1805,20170922,20170921,210248000,3529.0,9132,450840,322244420.0,3529.0,28,3528.0,37
rb1805,20170922,20170921,210248500,3528.0,9134,450840,322314980.0,3529.0,28,3528.0,38
rb1805,20170922,20170921,210249000,3528.0,9136,450838,322385540.0,3529.0,28,3528.0,37
rb1805,20170922,20170921,210249500,3528.0,9140,450836,322526660.0,3529.0,28,3528.0,35
rb1805,20170922,20170921,210250000,3529.0,9150,450838,322879560.0,3529.0,8,3528.0,35
rb1805,20170922,20170921,210250500,3528.0,9170,450826,323585340.0,3530.0,39,3529.0,11
rb1805,20170922,20170921,210251000,3529.0,9186,450826,324149860.0,3530.0,39,3529.0,3
rb1805,20170922,20170921,210251500,3529.0,9186,450826,324149860.0,3530.0,49,3529.0,3
rb1805,20170922,20170921,210252000,3529.0,9190,450830,324291020.0,3530.0,52,3529.0,3
rb1805,20170922,20170921,210252500,3528.0,9212,450852,325067240.0,3530.0,52,3528.0,34
rb1805,20170922,20170921,210253000,3529.0,9214,450852,325137820.0,3529.0,1,3528.0,30
rb1805,20170922,20170921,210253500,3529.0,9214,450852,325137820.0,3529.0,8,3528.0,31
rb1805,20170922,20170921,210254000,3529.0,9216,450854,325208400.0,3529.0,8,3528.0,36
rb1805,20170922,20170921,210254500,3529.0,9216,450854,325208400.0,3529.0,8,3528.0,36
rb1805,20170922,20170921,210255000,3529.0,9218,450852,325278980.0,3529.0,8,3528.0,38
rb1805,20170922,20170921,210255500,3528.0,9220,450854,325349540.0,3529.0,12,3528.0,34
rb1805,20170922,20170921,210256000,3528.0,9226,450854,325561220.0,3529.0,29,3528.0,34
rb1805,20170922,20170921,210256500,3528.0,9228,450856,325631780.0,3529.0,28,3528.0,33
rb1805,20170922,20170921,210257000,3528.0,9298,450850,328101380.0,3528.0,31,3527.0,34
rb1805,20170922,20170921,210257500,3528.0,9310,450852,328524700.0,3528.0,27,3527.0,32
rb1805,20170922,20170921,210258000,3527.0,9312,450854,328595240.0,3528.0,46,3527.0,31
rb1805,20170922,20170921,210258500,3527.0,9318,450850,328806860.0,3528.0,53,3527.0,28
rb1805,20170922,20170921,210259000,3527.0,9402,450854,331769540.0,3527.0,31,3526.0,48
rb1805,20170922,20170921,210259500,3527.0,9410,450850,332051700.0,3527.0,31,3526.0,50
rb1805,20170922,20170921,210300000,3527.0,9410,450850,332051700.0,3527.0,43,3526.0,50
rb1805,20170922,20170921,210300500,3527.0,9420,450848,332404380.0,3527.0,39,3526.0,49
rb1805,20170922,20170921,210301000,3527.0,9500,450802,335225980.0,3528.0,48,3527.0,17
rb1805,20170922,20170921,210301500,3527.0,9518,450790,335860980.0,3528.0,29,3526.0,50
rb1805,20170922,20170921,210302000,3528.0,9522,450786,336002100.0,3528.0,25,3526.0,51
rb1805,20170922,20170921,210302500,3527.0,9586,450764,338260080.0,3529.0,35,3528.0,1
rb1805,20170922,20170921,210303000,3527.0,9606,450752,338965480.0,3529.0,21,3528.0,1
rb1805,20170922,20170921,210303500,3527.0,9618,450758,339388720.0,3529.0,13,3527.0,55
rb1805,20170922,20170921,210304000,3528.0,9762,450840,344469040.0,3528.0,18,3527.0,62
rb1805,20170922,20170921,210304500,3528.0,9800,450876,345809680.0,3529.0,24,3528.0,66
rb1805,20170922,20170921,210305000,3529.0,9858,450846,347856500.0,3530.0,42,3529.0,9
rb1805,20170922,20170921,210305500,3529.0,9876,450864,348491720.0,3530.0,35,3529.0,17
rb1805,20170922,20170921,210306000,3529.0,9938,450900,350679780.0,3530.0,31,3529.0,53
rb1805,20170922,20170921,210306500,3530.0,10038,450958,354210140.0,3531.0,57,3530.0,184
rb1805,20170922,20170921,210307000,3531.0,10154,450984,358306100.0,3532.0,27,3531.0,5
rb1805,20170922,20170921,210307500,3531.0,10176,451000,359082920.0,3532.0,33,3531.0,18
rb1805,20170922,20170921,210308000,3531.0,10200,451008,359930360.0,3532.0,33,3531.0,6
rb1805,20170922,20170921,210308500,3532.0,10278,451050,362683980.0,3532.0,31,3530.0,124
rb1805,20170922,20170921,210309000,3530.0,10472,451244,369532180.0,3532.0,36,3530.0,26
rb1805,20170922,20170921,210309500,3531.0,10512,451244,370944580.0,3531.0,3,3530.0,26
rb1805,20170922,20170921,210310000,3531.0,10516,451240,371085820.0,3531.0,1,3530.0,30
rb1805,20170922,20170921,210310500,3531.0,10520,451240,371227060.0,3532.0,37,3530.0,13
rb1805,20170922,20170921,210311000,3531.0,10522,451240,371297680.0,3531.0,11,3530.0,3
rb1805,20170922,20170921,210311500,3531.0,10522,451240,371297680.0,3531.0,21,3530.0,3
rb1805,20170922,20170921,210312000,3531.0,10524,451240,371368300.0,3531.0,15,3530.0,3
rb1805,20170922,20170921,210312500,3531.0,10524,451240,371368300.0,3531.0,14,3530.0,3
rb1805,20170922,20170921,210313000,3530.0,10532,451240,371650700.0,3530.0,46,3529.0,56
rb1805,20170922,20170921,210313500,3530.0,10532,451240,371650700.0,3530.0,47,3529.0,62
rb1805,20170922,20170921,210314000,3530.0,10560,451212,372639100.0,3530.0,33,3529.0,62
rb1805,20170922,20170921,210314500,3530.0,10560,451212,372639100.0,3530.0,33,3529.0,62
rb1805,20170922,20170921,210315000,3529.0,10632,451284,375179980.0,3530.0,39,3529.0,22
rb1805,20170922,20170921,210315500,3529.0,10678,451276,376803320.0,3529.0,71,3528.0,67
rb1805,20170922,20170921,210316000,3529.0,10680,451276,376873900.0,3529.0,64,3528.0,44
rb1805,20170922,20170921,210316500,3528.0,10778,451350,380331440.0,3528.0,28,3527.0,52
rb1805,20170922,20170921,210317000,3528.0,10784,451350,380543120.0,3528.0,25,3527.0,66
rb1805,20170922,20170921,210317500,3528.0,10792,451358,380825360.0,3528.0,21,3527.0,66
rb1805,20170922,20170921,210318000,3527.0,10810,451362,381460340.0,3528.0,15,3527.0,63
rb1805,20170922,20170921,210318500,3528.0,10814,451364,381601460.0,3528.0,13,3527.0,63
rb1805,20170922,20170921,210319000,3527.0,10828,451376,382095360.0,3528.0,7,3527.0,62
rb1805,20170922,20170921,210319500,3527.0,10828,451376,382095360.0,3528.0,7,3527.0,62
rb1805,20170922,20170921,210320000,3528.0,10842,451382,382589280.0,3529.0,61,3528.0,4
rb1805,20170922,20170921,210320500,3528.0,10842,451382,382589280.0,3529.0,61,3528.0,12
rb1805,20170922,20170921,210321000,3529.0,10846,451382,382730440.0,3529.0,59,3528.0,15
rb1805,20170922,20170921,210321500,3529.0,10846,451382,382730440.0,3529.0,71,3528.0,28
rb1805,20170922,20170921,210322000,3528.0,10920,451344,385341160.0,3528.0,163,3527.0,64
rb1805,20170922,20170921,210322500,3528.0,10948,451344,386329000.0,3528.0,149,3527.0,31
rb1805,20170922,20170921,210323000,3528.0,10960,451344,386752360.0,3528.0,144,3527.0,32
rb1805,20170922,20170921,210323500,3528.0,10962,451344,386822920.0,3528.0,144,3527.0,16
rb1805,20170922,20170921,210324000,3528.0,10968,451344,387034600.0,3528.0,142,3527.0,19
rb1805,20170922,20170921,210324500,3528.0,10968,451344,387034600.0,3528.0,142,3527.0,23
rb1805,20170922,20170921,210325000,3528.0,10968,451344,387034600.0,3528.0,149,3527.0,23
rb1805,20170922,20170921,210325500,3528.0,11038,451356,389503520.0,3528.0,148,3527.0,89
rb1805,20170922,20170921,210326000,3528.0,11058,451354,390209120.0,3528.0,138,3527.0,93
rb1805,20170922,20170921,210326500,3528.0,11058,451354,390209120.0,3528.0,138,3527.0,93
rb1805,20170922,20170921,210327000,3528.0,11062,451350,390350240.0,3528.0,137,3527.0,95
rb1805,20170922,20170921,210327500,3527.0,11096,451370,391549420.0,3528.0,135,3527.0,78
rb1805,20170922,20170921,210328000,3528.0,11098,451370,391619980.0,3528.0,135,3527.0,80
rb1805,20170922,20170921,210328500,3527.0,11172,451440,394229980.0,3528.0,134,3527.0,46
rb1805,20170922,20170921,210329000,3528.0,11176,451438,394371100.0,3528.0,127,3527.0,46
rb1805,20170922,20170921,210329500,3528.0,11176,451438,394371100.0,3528.0,127,3527.0,46
rb1805,20170922,20170921,210330000,3528.0,11176,451438,394371100.0,3528.0,127,3527.0,59
rb1805,20170922,20170921,210330500,3527.0,11198,451438,395147040.0,3528.0,127,3527.0,35
rb1805,20170922,20170921,210331000,3527.0,11198,451438,395147040.0,3528.0,127,3527.0,35
rb1805,20170922,20170921,210331500,3528.0,11200,451438,395217600.0,3528.0,126,3527.0,36
rb1805,20170922,20170921,210332000,3528.0,11200,451438,395217600.0,3528.0,126,3527.0,64
rb1805,20170922,20170921,210332500,3528.0,11202,451438,395288160.0,3528.0,125,3527.0,56
rb1805,20170922,20170921,210333000,3527.0,11302,451462,398815160.0,3528.0,125,3527.0,6
rb1805,20170922,20170921,210333500,3527.0,11320,451464,399450020.0,3527.0,40,3526.0,75
rb1805,20170922,20170921,210334000,3527.0,11320,451464,399450020.0,3527.0,40,3526.0,75
rb1805,20170922,20170921,210334500,3527.0,11320,451464,399450020.0,3527.0,45,3526.0,75
rb1805,20170922,20170921,210335000,3527.0,11332,451456,399873220.0,3527.0,44,3526.0,79
rb1805,20170922,20170921,210335500,3527.0,11408,451476,402553040.0,3527.0,41,3526.0,37
rb1805,20170922,20170921,210336000,3527.0,11424,451480,403117240.0,3527.0,42,3526.0,31
rb1805,20170922,20170921,210336500,3527.0,11608,451458,409604700.0,3527.0,20,3525.0,68
rb1805,20170922,20170921,210337000,3525.0,11628,451456,410309720.0,3526.0,1,3525.0,72
rb1805,20170922,20170921,210337500,3525.0,11652,451452,411155780.0,3526.0,6,3525.0,63
rb1805,20170922,20170921,210338000,3525.0,11678,451448,412072300.0,3526.0,16,3525.0,51
rb1805,20170922,20170921,210338500,3526.0,11686,451440,412354320.0,3526.0,12,3525.0,47
rb1805,20170922,20170921,210339000,3526.0,11686,451440,412354320.0,3526.0,16,3525.0,47
rb1805,20170922,20170921,210339500,3525.0,11704,451426,412988960.0,3526.0,26,3525.0,35
rb1805,20170922,20170921,210340000,3526.0,11802,451390,416445060.0,3528.0,128,3526.0,153
rb1805,20170922,20170921,210340500,3526.0,11816,451376,416938700.0,3528.0,127,3526.0,88
rb1805,20170922,20170921,210341000,3526.0,11816,451376,416938700.0,3528.0,128,3527.0,1
rb1805,20170922,20170921,210341500,3526.0,11836,451376,417643920.0,3527.0,56,3526.0,86
rb1805,20170922,20170921,210342000,3527.0,11840,451374,417785000.0,3527.0,10,3526.0,85
rb1805,20170922,20170921,210342500,3527.0,11842,451376,417855540.0,3527.0,17,3526.0,80
rb1805,20170922,20170921,210343000,3526.0,11960,451410,422016320.0,3527.0,29,3526.0,26
rb1805,20170922,20170921,210343500,3526.0,11988,451432,423003600.0,3527.0,33,3526.0,12
rb1805,20170922,20170921,210344000,3526.0,11992,451436,423144640.0,3527.0,33,3526.0,15
rb1805,20170922,20170921,210344500,3526.0,12024,451430,424272960.0,3526.0,17,3525.0,40
rb1805,20170922,20170921,210345000,3526.0,12028,451434,424414000.0,3526.0,12,3525.0,46
rb1805,20170922,20170921,210345500,3526.0,12050,451454,425189700.0,3526.0,6,3525.0,56
rb1805,20170922,20170921,210346000,3527.0,12052,451454,425260240.0,3527.0,39,3526.0,1
rb1805,20170922,20170921,210346500,3526.0,12062,451450,425612860.0,3526.0,1,3525.0,57
rb1805,20170922,20170921,210347000,3525.0,12066,451448,425753880.0,3527.0,41,3526.0,130
rb1805,20170922,20170921,210347500,3526.0,12082,451464,426318040.0,3527.0,37,3526.0,122
rb1805,20170922,20170921,210348000,3526.0,12328,451464,434992000.0,3526.0,1,3525.0,58
rb1805,20170922,20170921,210348500,3526.0,12340,451464,435415120.0,3527.0,41,3526.0,10
rb1805,20170922,20170921,210349000,3526.0,12366,451448,436331860.0,3526.0,18,3525.0,61
rb1805,20170922,20170921,210349500,3525.0,12370,451446,436472860.0,3526.0,35,3525.0,63
rb1805,20170922,20170921,210350000,3526.0,12378,451446,436754900.0,3526.0,34,3525.0,74
rb1805,20170922,20170921,210350500,3526.0,12556,451412,443029700.0,3526.0,24,3524.0,60
rb1805,20170922,20170921,210351000,3526.0,12556,451412,443029700.0,3525.0,5,3524.0,60
rb1805,20170922,20170921,210351500,3525.0,12682,451466,447470000.0,3525.0,63,3523.0,167
rb1805,20170922,20170921,210352000,3525.0,12734,451518,449302640.0,3525.0,54,3523.0,159
rb1805,20170922,20170921,210352500,3525.0,12738,451518,449443640.0,3524.0,7,3523.0,159
rb1805,20170922,20170921,210353000,3523.0,12742,451516,449584580.0,3524.0,11,3523.0,158
rb1805,20170922,20170921,210353500,3525.0,12864,451466,453884180.0,3525.0,28,3524.0,6
rb1805,20170922,20170921,210354000,3523.0,12870,451466,454095580.0,3525.0,34,3524.0,4
rb1805,20170922,20170921,210354500,3524.0,13008,451512,458957700.0,3524.0,30,3523.0,113
rb1805,20170922,20170921,210355000,3523.0,13050,451552,460437380.0,3524.0,23,3523.0,103
rb1805,20170922,20170921,210355500,3523.0,13050,451552,460437380.0,3524.0,34,3523.0,103
rb1805,20170922,20170921,210356000,3523.0,13052,451554,460507840.0,3524.0,33,3523.0,102
rb1805,20170922,20170921,210356500,3523.0,13070,451558,461141980.0,3524.0,48,3523.0,93
rb1805,20170922,20170921,210357000,3523.0,13182,451622,465087780.0,3524.0,46,3523.0,39
rb1805,20170922,20170921,210357500,3523.0,13262,451700,467906180.0,3523.0,67,3522.0,66
rb1805,20170922,20170921,210358000,3523.0,13282,451682,468610780.0,3523.0,69,3522.0,67
rb1805,20170922,20170921,210358500,3522.0,13298,451698,469174300.0,3523.0,69,3522.0,59
rb1805,20170922,20170921,210359000,3522.0,13318,451704,469878740.0,3523.0,77,3522.0,51
rb1805,20170922,20170921,210359500,3523.0,13384,451716,472203400.0,3523.0,70,3522.0,25
rb1805,20170922,20170921,210400000,3522.0,13396,451716,472626040.0,3523.0,55,3522.0,19
rb1805,20170922,20170921,210400500,3522.0,13424,451726,473612320.0,3523.0,55,3522.0,14
rb1805,20170922,20170921,210401000,3523.0,13430,451728,473823660.0,3523.0,54,3522.0,12
rb1805,20170922,20170921,210401500,3522.0,13476,451768,475443800.0,3522.0,7,3521.0,60
rb1805,20170922,20170921,210402000,3522.0,13510,451762,476641300.0,3523.0,55,3522.0,17
rb1805,20170922,20170921,210402500,3523.0,13550,451778,478050340.0,3523.0,44,3522.0,16
rb1805,20170922,20170921,210403000,3523.0,13580,451770,479106980.0,3523.0,30,3522.0,3
rb1805,20170922,20170921,210403500,3522.0,13598,451780,479740940.0,3523.0,32,3522.0,15
rb1805,20170922,20170921,210404000,3523.0,13612,451782,480234080.0,3523.0,29,3522.0,24
rb1805,20170922,20170921,210404500,3522.0,13648,451816,481502000.0,3523.0,29,3522.0,17
rb1805,20170922,20170921,210405000,3522.0,13712,451812,483756680.0,3523.0,1,3522.0,37
rb1805,20170922,20170921,210405500,3522.0,13716,451814,483897560.0,3523.0,1,3522.0,47
rb1805,20170922,20170921,210406000,3523.0,13724,451814,484179380.0,3523.0,7,3522.0,31
rb1805,20170922,20170921,210406500,3523.0,13740,451804,484743060.0,3524.0,24,3523.0,2
rb1805,20170922,20170921,210407000,3522.0,13810,451842,487208520.0,3524.0,30,3522.0,4
rb1805,20170922,20170921,210407500,3522.0,13810,451842,487208520.0,3524.0,30,3523.0,6
rb1805,20170922,20170921,210408000,3522.0,13810,451842,487208520.0,3524.0,11,3523.0,18
rb1805,20170922,20170921,210408500,3524.0,13812,451844,487279000.0,3524.0,10,3523.0,33
rb1805,20170922,20170921,210409000,3523.0,13822,451848,487631380.0,3524.0,6,3523.0,35
rb1805,20170922,20170921,210409500,3523.0,13834,451854,488054200.0,3524.0,3,3523.0,33
rb1805,20170922,20170921,210410000,3524.0,13844,451856,488406580.0,3524.0,7,3523.0,18
rb1805,20170922,20170921,210410500,3523.0,13846,451858,488477040.0,3524.0,30,3523.0,17
rb1805,20170922,20170921,210411000,3523.0,13846,451858,488477040.0,3524.0,43,3523.0,23
rb1805,20170922,20170921,210411500,3524.0,13862,451846,489040860.0,3524.0,41,3523.0,25
rb1805,20170922,20170921,210412000,3523.0,13904,451850,490520920.0,3524.0,15,3523.0,24
rb1805,20170922,20170921,210412500,3524.0,13906,451848,490591400.0,3524.0,8,3523.0,25
rb1805,20170922,20170921,210413000,3524.0,13926,451852,491296200.0,3524.0,3,3523.0,26
rb1805,20170922,20170921,210413500,3524.0,14040,451846,495313560.0,3525.0,26,3524.0,1
rb1805,20170922,20170921,210414000,3524.0,14044,451844,495454520.0,3525.0,35,3524.0,2
rb1805,20170922,20170921,210414500,3524.0,14044,451844,495454520.0,3525.0,27,3524.0,14
rb1805,20170922,20170921,210415000,3525.0,14060,451852,496018420.0,3525.0,24,3524.0,9
rb1805,20170922,20170921,210415500,3525.0,14068,451858,496300420.0,3525.0,25,3524.0,29
rb1805,20170922,20170921,210416000,3524.0,14072,451860,496441400.0,3525.0,10,3524.0,33
rb1805,20170922,20170921,210416500,3525.0,14074,451862,496511900.0,3525.0,13,3524.0,37
rb1805,20170922,20170921,210417000,3525.0,14076,451862,496582400.0,3525.0,9,3524.0,37
rb1805,20170922,20170921,210417500,3525.0,14084,451868,496864400.0,3525.0,13,3524.0,37
rb1805,20170922,20170921,210418000,3525.0,14102,451880,497498900.0,3526.0,33,3525.0,11
rb1805,20170922,20170921,210418500,3526.0,14104,451882,497569420.0,3526.0,34,3525.0,11
rb1805,20170922,20170921,210419000,3525.0,14110,451884,497780940.0,3526.0,33,3525.0,9
rb1805,20170922,20170921,210419500,3525.0,14110,451884,497780940.0,3526.0,24,3525.0,21
rb1805,20170922,20170921,210420000,3526.0,14112,451884,497851460.0,3526.0,24,3525.0,25
rb1805,20170922,20170921,210420500,3526.0,14112,451884,497851460.0,3526.0,24,3525.0,46
rb1805,20170922,20170921,210421000,3525.0,14114,451884,497921960.0,3526.0,24,3525.0,46
rb1805,20170922,20170921,210421500,3526.0,14126,451892,498345080.0,3526.0,28,3525.0,37
rb1805,20170922,20170921,210422000,3526.0,14128,451894,498415600.0,3526.0,32,3525.0,37
rb1805,20170922,20170921,210422500,3526.0,14132,451898,498556640.0,3526.0,30,3525.0,37
rb1805,20170922,20170921,210423000,3526.0,14186,451932,500460220.0,3526.0,34,3525.0,15
rb1805,20170922,20170921,210423500,3525.0,14188,451934,500530720.0,3526.0,34,3525.0,15
rb1805,20170922,20170921,210424000,3526.0,14230,451964,502011380.0,3526.0,26,3525.0,2
rb1805,20170922,20170921,210424500,3524.0,14240,451968,502363880.0,3525.0,19,3524.0,52
rb1805,20170922,20170921,210425000,3525.0,14242,451968,502434380.0,3525.0,28,3524.0,51
rb1805,20170922,20170921,210425500,3525.0,14244,451968,502504880.0,3525.0,35,3524.0,51
rb1805,20170922,20170921,210426000,3525.0,14244,451968,502504880.0,3525.0,28,3524.0,51
rb1805,20170922,20170921,210426500,3525.0,14244,451968,502504880.0,3525.0,23,3524.0,31
rb1805,20170922,20170921,210427000,3524.0,14258,451966,502998360.0,3525.0,21,3524.0,30
rb1805,20170922,20170921,210427500,3524.0,14268,451976,503350760.0,3525.0,25,3524.0,26
rb1805,20170922,20170921,210428000,3524.0,14274,451980,503562220.0,3525.0,28,3524.0,25
rb1805,20170922,20170921,210428500,3525.0,14294,451998,504267160.0,3525.0,31,3524.0,26
rb1805,20170922,20170921,210429000,3525.0,14322,451996,505254160.0,3525.0,17,3524.0,27
rb1805,20170922,20170921,210429500,3524.0,14326,451998,505395140.0,3525.0,16,3524.0,27
rb1805,20170922,20170921,210430000,3525.0,14332,451994,505606640.0,3525.0,13,3524.0,27
rb1805,20170922,20170921,210430500,3525.0,14392,451978,507721080.0,3525.0,26,3523.0,46
rb1805,20170922,20170921,210431000,3525.0,14426,451972,508919580.0,3525.0,9,3524.0,41
rb1805,20170922,20170921,210431500,3525.0,14444,451980,509554080.0,3526.0,74,3525.0,14
rb1805,20170922,20170921,210432000,3526.0,14480,451974,510823100.0,3525.0,1,3524.0,39
rb1805,20170922,20170921,210432500,3525.0,14492,451986,511246040.0,3525.0,6,3524.0,40
rb1805,20170922,20170921,210433000,3525.0,14498,451992,511457540.0,3525.0,19,3524.0,40
rb1805,20170922,20170921,210433500,3525.0,14506,451990,511739540.0,3525.0,15,3524.0,70
rb1805,20170922,20170921,210434000,3525.0,14518,451990,512162540.0,3525.0,9,3524.0,70
rb1805,20170922,20170921,210434500,3525.0,14574,451990,514136000.0,3525.0,30,3524.0,32
rb1805,20170922,20170921,210435000,3524.0,14648,451996,516743760.0,3524.0,103,3523.0,46
rb1805,20170922,20170921,210435500,3524.0,14650,451998,516814240.0,3524.0,57,3523.0,46
rb1805,20170922,20170921,210436000,3523.0,14660,452004,517166540.0,3524.0,56,3523.0,40
rb1805,20170922,20170921,210436500,3523.0,14660,452004,517166540.0,3524.0,56,3523.0,41
rb1805,20170922,20170921,210437000,3524.0,14772,451922,521113420.0,3525.0,43,3524.0,8
rb1805,20170922,20170921,210437500,3523.0,14798,451916,522029560.0,3524.0,14,3523.0,37
rb1805,20170922,20170921,210438000,3523.0,14802,451920,522170500.0,3524.0,7,3523.0,36
rb1805,20170922,20170921,210438500,3523.0,14820,451936,522804640.0,3524.0,51,3523.0,27
rb1805,20170922,20170921,210439000,3522.0,14876,451932,524777500.0,3523.0,51,3522.0,214
rb1805,20170922,20170921,210439500,3522.0,14898,451946,525552340.0,3523.0,52,3522.0,199
rb1805,20170922,20170921,210440000,3522.0,14926,451950,526538740.0,3523.0,59,3522.0,197
rb1805,20170922,20170921,210440500,3522.0,14954,451972,527524900.0,3523.0,66,3522.0,183
rb1805,20170922,20170921,210441000,3523.0,14958,451976,527665800.0,3523.0,68,3522.0,182
rb1805,20170922,20170921,210441500,3522.0,14970,451988,528088440.0,3523.0,75,3522.0,177
rb1805,20170922,20170921,210442000,3522.0,14976,451992,528299760.0,3523.0,76,3522.0,174
rb1805,20170922,20170921,210442500,3523.0,15246,452214,537809220.0,3523.0,73,3522.0,52
rb1805,20170922,20170921,210443000,3522.0,15314,452228,540204640.0,3523.0,50,3522.0,41
rb1805,20170922,20170921,210443500,3523.0,15324,452238,540556880.0,3523.0,59,3522.0,38
rb1805,20170922,20170921,210444000,3522.0,15334,452246,540909080.0,3523.0,59,3522.0,33
rb1805,20170922,20170921,210444500,3523.0,15342,452250,541190860.0,3523.0,60,3522.0,31
rb1805,20170922,20170921,210445000,3523.0,15390,452278,542881880.0,3523.0,47,3522.0,30
rb1805,20170922,20170921,210445500,3523.0,15408,452296,543516020.0,3523.0,38,3522.0,31
rb1805,20170922,20170921,210446000,3523.0,15416,452300,543797820.0,3523.0,43,3522.0,30
rb1805,20170922,20170921,210446500,3522.0,15428,452310,544220460.0,3523.0,43,3522.0,24
rb1805,20170922,20170921,210447000,3522.0,15432,452312,544361340.0,3523.0,44,3522.0,23
rb1805,20170922,20170921,210447500,3522.0,15478,452346,545981460.0,3522.0,35,3521.0,56
rb1805,20170922,20170921,210448000,3522.0,15480,452348,546051900.0,3522.0,54,3521.0,56
rb1805,20170922,20170921,210448500,3522.0,15484,452346,546192760.0,3522.0,54,3521.0,55
rb1805,20170922,20170921,210449000,3522.0,15488,452348,546333620.0,3522.0,60,3521.0,54
rb1805,20170922,20170921,210449500,3522.0,15498,452346,546685820.0,3522.0,56,3521.0,55
rb1805,20170922,20170921,210450000,3521.0,15508,452356,547037920.0,3522.0,58,3521.0,51
rb1805,20170922,20170921,210450500,3521.0,15568,452340,549150740.0,3522.0,48,3521.0,32
rb1805,20170922,20170921,210451000,3521.0,15600,452324,550277560.0,3522.0,46,3521.0,22
rb1805,20170922,20170921,210451500,3522.0,15606,452326,550488840.0,3522.0,45,3521.0,22
rb1805,20170922,20170921,210452000,3521.0,15628,452320,551263540.0,3522.0,38,3521.0,70
rb1805,20170922,20170921,210452500,3521.0,15672,452346,552813000.0,3522.0,27,3521.0,56
rb1805,20170922,20170921,210453000,3521.0,15686,452344,553305960.0,3522.0,32,3521.0,19
rb1805,20170922,20170921,210453500,3521.0,15692,452340,553517220.0,3522.0,28,3521.0,17
rb1805,20170922,20170921,210454000,3522.0,15754,452366,555700860.0,3523.0,40,3522.0,32
rb1805,20170922,20170921,210454500,3521.0,15756,452366,555771280.0,3522.0,1,3521.0,31
rb1805,20170922,20170921,210455000,3522.0,15774,452382,556405240.0,3523.0,40,3522.0,7
rb1805,20170922,20170921,210455500,3523.0,15928,452464,561830240.0,3524.0,65,3523.0,36
rb1805,20170922,20170921,210456000,3522.0,16026,452518,565282520.0,3523.0,5,3522.0,1
rb1805,20170922,20170921,210456500,3522.0,16028,452518,565352960.0,3523.0,55,3522.0,1
rb1805,20170922,20170921,210457000,3522.0,16042,452514,565846060.0,3523.0,57,3521.0,33
rb1805,20170922,20170921,210457500,3522.0,16046,452510,565986940.0,3523.0,52,3522.0,4
rb1805,20170922,20170921,210458000,3523.0,16052,452508,566198320.0,3523.0,49,3522.0,5
rb1805,20170922,20170921,210458500,3521.0,16076,452508,567043500.0,3522.0,8,3521.0,30
rb1805,20170922,20170921,210459000,3521.0,16092,452500,567606900.0,3522.0,46,3521.0,22
rb1805,20170922,20170921,210459500,3522.0,16098,452506,567818220.0,3522.0,43,3521.0,21
rb1805,20170922,20170921,210500000,3522.0,16102,452508,567959080.0,3522.0,43,3521.0,21
rb1805,20170922,20170921,210500500,3521.0,16156,452552,569860420.0,3521.0,26,3520.0,264
rb1805,20170922,20170921,210501000,3521.0,16156,452552,569860420.0,3521.0,26,3520.0,269
rb1805,20170922,20170921,210501500,3520.0,16162,452558,570071640.0,3521.0,33,3520.0,267
rb1805,20170922,20170921,210502000,3521.0,16404,452564,578590340.0,3521.0,12,3520.0,158
rb1805,20170922,20170921,210502500,3522.0,16434,452562,579646700.0,3522.0,49,3520.0,158
rb1805,20170922,20170921,210503000,3520.0,16452,452570,580280300.0,3521.0,18,3520.0,149
rb1805,20170922,20170921,210503500,3520.0,16550,452574,583731400.0,3522.0,22,3520.0,147
rb1805,20170922,20170921,210504000,3520.0,16632,452590,586618080.0,3521.0,3,3520.0,113
rb1805,20170922,20170921,210504500,3522.0,16692,452580,588731220.0,3523.0,62,3521.0,51
rb1805,20170922,20170921,210505000,3520.0,16776,452588,591689080.0,3521.0,95,3520.0,128
rb1805,20170922,20170921,210505500,3521.0,16990,452610,599224060.0,3523.0,19,3521.0,352
rb1805,20170922,20170921,210506000,3523.0,17044,452628,601126480.0,3524.0,57,3523.0,8
rb1805,20170922,20170921,210506500,3524.0,17064,452624,601831280.0,3525.0,85,3524.0,1
rb1805,20170922,20170921,210507000,3524.0,17140,452652,604509240.0,3525.0,36,3524.0,2
rb1805,20170922,20170921,210507500,3525.0,17192,452668,606341340.0,3525.0,34,3523.0,8
rb1805,20170922,20170921,210508000,3525.0,17204,452674,606764260.0,3525.0,32,3524.0,3
rb1805,20170922,20170921,210508500,3524.0,17216,452678,607187180.0,3525.0,40,3524.0,3
rb1805,20170922,20170921,210509000,3524.0,17244,452692,608174040.0,3524.0,8,3523.0,20
rb1805,20170922,20170921,210509500,3525.0,17264,452694,608878840.0,3525.0,31,3523.0,29
rb1805,20170922,20170921,210510000,3525.0,17266,452696,608949340.0,3524.0,2,3523.0,31
rb1805,20170922,20170921,210510500,3524.0,17270,452694,609090300.0,3525.0,95,3523.0,31
rb1805,20170922,20170921,210511000,3524.0,17274,452696,609231240.0,3524.0,9,3523.0,32
rb1805,20170922,20170921,210511500,3524.0,17278,452700,609372200.0,3524.0,15,3523.0,25
rb1805,20170922,20170921,210512000,3524.0,17312,452716,610570340.0,3525.0,52,3524.0,26
rb1805,20170922,20170921,210512500,3524.0,17312,452716,610570340.0,3525.0,54,3524.0,27
rb1805,20170922,20170921,210513000,3523.0,17386,452750,613177920.0,3524.0,7,3523.0,22
rb1805,20170922,20170921,210513500,3524.0,17392,452752,613389360.0,3524.0,10,3523.0,16
rb1805,20170922,20170921,210514000,3524.0,17392,452752,613389360.0,3524.0,15,3523.0,15
rb1805,20170922,20170921,210514500,3524.0,17394,452752,613459840.0,3524.0,39,3523.0,16
rb1805,20170922,20170921,210515000,3524.0,17396,452752,613530320.0,3524.0,39,3523.0,17
rb1805,20170922,20170921,210515500,3523.0,17430,452734,614728140.0,3523.0,15,3522.0,70
rb1805,20170922,20170921,210516000,3523.0,17430,452734,614728140.0,3523.0,15,3522.0,100
rb1805,20170922,20170921,210516500,3524.0,17508,452710,617476560.0,3524.0,13,3523.0,31
rb1805,20170922,20170921,210517000,3524.0,17522,452710,617969920.0,3524.0,6,3523.0,26
rb1805,20170922,20170921,210517500,3524.0,17522,452710,617969920.0,3524.0,6,3523.0,38
rb1805,20170922,20170921,210518000,3524.0,17522,452710,617969920.0,3524.0,6,3523.0,41
rb1805,20170922,20170921,210518500,3524.0,17522,452710,617969920.0,3524.0,6,3523.0,41
rb1805,20170922,20170921,210519000,3523.0,17524,452712,618040380.0,3524.0,8,3523.0,41
rb1805,20170922,20170921,210519500,3524.0,17540,452724,618604220.0,3525.0,122,3523.0,41
rb1805,20170922,20170921,210520000,3524.0,17544,452726,618745160.0,3524.0,1,3523.0,40
rb1805,20170922,20170921,210520500,3524.0,17546,452726,618815640.0,3525.0,79,3524.0,1
rb1805,20170922,20170921,210521000,3524.0,17550,452730,618956600.0,3525.0,80,3524.0,12
rb1805,20170922,20170921,210521500,3523.0,17608,452776,621000280.0,3525.0,82,3523.0,29
rb1805,20170922,20170921,210522000,3523.0,17610,452778,621070740.0,3525.0,127,3524.0,1
rb1805,20170922,20170921,210522500,3524.0,17624,452770,621564180.0,3524.0,2,3523.0,39
rb1805,20170922,20170921,210523000,3524.0,17630,452766,621775620.0,3525.0,70,3524.0,3
rb1805,20170922,20170921,210523500,3524.0,17630,452766,621775620.0,3525.0,70,3524.0,3
rb1805,20170922,20170921,210524000,3524.0,17630,452766,621775620.0,3525.0,70,3524.0,10
rb1805,20170922,20170921,210524500,3524.0,17632,452766,621846100.0,3525.0,70,3524.0,10
rb1805,20170922,20170921,210525000,3525.0,17664,452754,622974080.0,3525.0,56,3524.0,29
rb1805,20170922,20170921,210525500,3525.0,17668,452756,623115080.0,3525.0,60,3524.0,34
rb1805,20170922,20170921,210526000,3525.0,17668,452756,623115080.0,3525.0,60,3524.0,14
rb1805,20170922,20170921,210526500,3524.0,17672,452760,623256040.0,3525.0,61,3524.0,15
rb1805,20170922,20170921,210527000,3524.0,17704,452790,624383760.0,3525.0,65,3524.0,9
rb1805,20170922,20170921,210527500,3524.0,17724,452798,625088560.0,3524.0,30,3523.0,41
rb1805,20170922,20170921,210528000,3524.0,17786,452796,627273440.0,3525.0,65,3524.0,3
rb1805,20170922,20170921,210528500,3525.0,17796,452796,627625940.0,3525.0,61,3524.0,2
rb1805,20170922,20170921,210529000,3525.0,17796,452796,627625940.0,3525.0,61,3524.0,2
rb1805,20170922,20170921,210529500,3525.0,17796,452796,627625940.0,3525.0,61,3524.0,3
rb1805,20170922,20170921,210530000,3524.0,17800,452798,627766920.0,3525.0,61,3524.0,2
rb1805,20170922,20170921,210530500,3524.0,17804,452800,627907880.0,3525.0,61,3523.0,67
rb1805,20170922,20170921,210531000,3525.0,17828,452798,628753480.0,3525.0,59,3523.0,61
rb1805,20170922,20170921,210531500,3524.0,17830,452800,628823960.0,3524.0,289,3523.0,61
rb1805,20170922,20170921,210532000,3524.0,17834,452802,628964900.0,3524.0,289,3523.0,57
rb1805,20170922,20170921,210532500,3524.0,17998,452844,634743640.0,3524.0,238,3523.0,27
rb1805,20170922,20170921,210533000,3524.0,18032,452856,635941700.0,3524.0,226,3523.0,22
rb1805,20170922,20170921,210533500,3524.0,18048,452852,636505500.0,3524.0,220,3522.0,108
rb1805,20170922,20170921,210534000,3524.0,18058,452852,636857900.0,3524.0,215,3523.0,6
rb1805,20170922,20170921,210534500,3524.0,18058,452852,636857900.0,3524.0,220,3523.0,6
rb1805,20170922,20170921,210535000,3523.0,18062,452854,636998820.0,3524.0,222,3523.0,4
rb1805,20170922,20170921,210535500,3524.0,18064,452856,637069300.0,3524.0,221,3523.0,5
rb1805,20170922,20170921,210536000,3523.0,18068,452858,637210240.0,3524.0,221,3523.0,4
rb1805,20170922,20170921,210536500,3523.0,18076,452864,637492080.0,3523.0,6,3522.0,135
rb1805,20170922,20170921,210537000,3523.0,18080,452864,637633000.0,3523.0,5,3522.0,135
rb1805,20170922,20170921,210537500,3523.0,18090,452862,637985300.0,3523.0,1,3522.0,153
rb1805,20170922,20170921,210538000,3523.0,18094,452864,638126220.0,3523.0,10,3522.0,153
rb1805,20170922,20170921,210538500,3523.0,18116,452866,638901280.0,3524.0,221,3523.0,36
rb1805,20170922,20170921,210539000,3524.0,18118,452868,638971760.0,3524.0,215,3523.0,26
rb1805,20170922,20170921,210539500,3523.0,18206,452892,642072000.0,3523.0,8,3522.0,137
rb1805,20170922,20170921,210540000,3523.0,18208,452894,642142460.0,3523.0,43,3522.0,134
rb1805,20170922,20170921,210540500,3523.0,18234,452872,643058220.0,3523.0,42,3522.0,109
rb1805,20170922,20170921,210541000,3522.0,18304,452872,645523620.0,3523.0,19,3522.0,75
rb1805,20170922,20170921,210541500,3522.0,18318,452874,646016720.0,3523.0,23,3522.0,69
rb1805,20170922,20170921,210542000,3523.0,18372,452884,647919020.0,3523.0,3,3522.0,63
rb1805,20170922,20170921,210542500,3523.0,18396,452878,648764520.0,3523.0,3,3522.0,72
rb1805,20170922,20170921,210543000,3523.0,18414,452888,649398560.0,3523.0,6,3522.0,68
rb1805,20170922,20170921,210543500,3523.0,18414,452888,649398560.0,3523.0,6,3522.0,69
rb1805,20170922,20170921,210544000,3523.0,18466,452922,651230020.0,3523.0,5,3522.0,44
rb1805,20170922,20170921,210544500,3522.0,18468,452924,651300460.0,3523.0,13,3522.0,43
rb1805,20170922,20170921,210545000,3522.0,18474,452924,651511820.0,3523.0,14,3522.0,42
rb1805,20170922,20170921,210545500,3522.0,18484,452934,651864020.0,3523.0,18,3522.0,37
rb1805,20170922,20170921,210546000,3523.0,18486,452934,651934480.0,3523.0,26,3522.0,27
rb1805,20170922,20170921,210546500,3523.0,18544,452954,653977820.0,3524.0,222,3523.0,25
rb1805,20170922,20170921,210547000,3523.0,18544,452954,653977820.0,3524.0,222,3523.0,25
rb1805,20170922,20170921,210547500,3523.0,18544,452954,653977820.0,3524.0,222,3523.0,30
rb1805,20170922,20170921,210548000,3523.0,18546,452956,654048280.0,3524.0,271,3523.0,30
rb1805,20170922,20170921,210548500,3523.0,18546,452956,654048280.0,3524.0,271,3523.0,36
rb1805,20170922,20170921,210549000,3523.0,18546,452956,654048280.0,3524.0,271,3523.0,38
rb1805,20170922,20170921,210549500,3523.0,18546,452956,654048280.0,3524.0,266,3523.0,38
rb1805,20170922,20170921,210550000,3522.0,18646,453022,657571040.0,3524.0,266,3522.0,39
rb1805,20170922,20170921,210550500,3522.0,18654,453022,657852800.0,3523.0,2,3522.0,35
rb1805,20170922,20170921,210551000,3522.0,18660,453022,658064120.0,3523.0,5,3522.0,37
rb1805,20170922,20170921,210551500,3523.0,18662,453022,658134580.0,3523.0,4,3522.0,37
rb1805,20170922,20170921,210552000,3523.0,18662,453022,658134580.0,3523.0,4,3522.0,37
rb1805,20170922,20170921,210552500,3523.0,18662,453022,658134580.0,3523.0,10,3522.0,39
rb1805,20170922,20170921,210553000,3523.0,18662,453022,658134580.0,3523.0,70,3522.0,35
rb1805,20170922,20170921,210553500,3523.0,18664,453024,658205040.0,3523.0,70,3522.0,35
rb1805,20170922,20170921,210554000,3523.0,18674,453030,658557300.0,3523.0,67,3522.0,39
rb1805,20170922,20170921,210554500,3523.0,18674,453030,658557300.0,3523.0,64,3522.0,41
rb1805,20170922,20170921,210555000,3523.0,18674,453030,658557300.0,3523.0,64,3522.0,41
rb1805,20170922,20170921,210555500,3523.0,18674,453030,658557300.0,3523.0,64,3522.0,42
rb1805,20170922,20170921,210556000,3523.0,18674,453030,658557300.0,3523.0,64,3522.0,42
rb1805,20170922,20170921,210556500,3523.0,18680,453030,658768640.0,3523.0,63,3522.0,49
rb1805,20170922,20170921,210557000,3523.0,18680,453030,658768640.0,3523.0,11,3522.0,49
rb1805,20170922,20170921,210557500,3523.0,18680,453030,658768640.0,3523.0,6,3522.0,49
rb1805,20170922,20170921,210558000,3523.0,18698,453024,659402660.0,3523.0,4,3522.0,44
rb1805,20170922,20170921,210558500,3522.0,18700,453022,659473100.0,3523.0,8,3522.0,43
rb1805,20170922,20170921,210559000,3522.0,18714,453026,659966200.0,3523.0,55,3522.0,37
rb1805,20170922,20170921,210559500,3522.0,18714,453026,659966200.0,3523.0,17,3522.0,37
rb1805,20170922,20170921,210600000,3522.0,18722,453028,660248000.0,3523.0,13,3522.0,36
rb1805,20170922,20170921,210600500,3522.0,18732,453032,660600280.0,3523.0,9,3522.0,39
rb1805,20170922,20170921,210601000,3522.0,18732,453032,660600280.0,3523.0,12,3522.0,40
rb1805,20170922,20170921,210601500,3521.0,18840,453080,664403780.0,3523.0,11,3521.0,165
rb1805,20170922,20170921,210602000,3521.0,18846,453078,664615080.0,3523.0,10,3521.0,173
rb1805,20170922,20170921,210602500,3521.0,18846,453078,664615080.0,3523.0,10,3521.0,173
rb1805,20170922,20170921,210603000,3521.0,18848,453076,664685500.0,3523.0,67,3521.0,162
rb1805,20170922,20170921,210603500,3521.0,18850,453076,664755920.0,3522.0,8,3521.0,161
rb1805,20170922,20170921,210604000,3521.0,18850,453076,664755920.0,3522.0,7,3521.0,161
rb1805,20170922,20170921,210604500,3521.0,18854,453076,664896780.0,3522.0,9,3521.0,161
rb1805,20170922,20170921,210605000,3522.0,18964,453110,668769980.0,3522.0,9,3521.0,111
rb1805,20170922,20170921,210605500,3521.0,18992,453126,669755960.0,3522.0,20,3521.0,102
rb1805,20170922,20170921,210606000,3522.0,18994,453126,669826400.0,3522.0,32,3521.0,112
rb1805,20170922,20170921,210606500,3521.0,19204,453098,677220500.0,3521.0,31,3520.0,140
rb1805,20170922,20170921,210607000,3520.0,19234,453126,678276540.0,3521.0,37,3520.0,128
rb1805,20170922,20170921,210607500,3521.0,19258,453148,679121560.0,3521.0,39,3520.0,132
rb1805,20170922,20170921,210608000,3520.0,19280,453156,679895960.0,3521.0,53,3520.0,121
rb1805,20170922,20170921,210608500,3520.0,19328,453188,681585560.0,3521.0,35,3520.0,87
rb1805,20170922,20170921,210609000,3520.0,19390,453238,683767980.0,3521.0,35,3520.0,57
rb1805,20170922,20170921,210609500,3520.0,19436,453242,685387240.0,3521.0,34,3520.0,37
rb1805,20170922,20170921,210610000,3520.0,19510,453254,687992040.0,3520.0,32,3519.0,71
rb1805,20170922,20170921,210610500,3521.0,19620,453280,691864400.0,3521.0,7,3519.0,75
rb1805,20170922,20170921,210611000,3520.0,19632,453290,692286800.0,3521.0,6,3520.0,19
rb1805,20170922,20170921,210611500,3520.0,19648,453304,692850020.0,3521.0,6,3520.0,24
rb1805,20170922,20170921,210612000,3520.0,19666,453308,693483720.0,3521.0,1,3520.0,30
rb1805,20170922,20170921,210612500,3521.0,19672,453308,693694980.0,3522.0,23,3521.0,8
rb1805,20170922,20170921,210613000,3522.0,19724,453350,695526420.0,3523.0,57,3521.0,41
rb1805,20170922,20170921,210613500,3522.0,19728,453352,695667300.0,3523.0,54,3522.0,4
rb1805,20170922,20170921,210614000,3522.0,19728,453352,695667300.0,3523.0,50,3522.0,29
rb1805,20170922,20170921,210614500,3523.0,19738,453354,696019580.0,3523.0,47,3522.0,36
rb1805,20170922,20170921,210615000,3522.0,19798,453334,698132940.0,3523.0,39,3522.0,14
rb1805,20170922,20170921,210615500,3522.0,19808,453332,698485140.0,3523.0,40,3522.0,13
rb1805,20170922,20170921,210616000,3523.0,19822,453322,698978240.0,3523.0,39,3522.0,16
rb1805,20170922,20170921,210616500,3523.0,19822,453322,698978240.0,3523.0,39,3522.0,11
rb1805,20170922,20170921,210617000,3522.0,19832,453330,699330480.0,3523.0,38,3522.0,13
rb1805,20170922,20170921,210617500,3523.0,19866,453320,700527980.0,3523.0,42,3522.0,11
rb1805,20170922,20170921,210618000,3523.0,19902,453338,701796040.0,3523.0,41,3521.0,68
rb1805,20170922,20170921,210618500,3523.0,19904,453340,701866500.0,3523.0,48,3521.0,71
rb1805,20170922,20170921,210619000,3523.0,19906,453342,701936960.0,3523.0,42,3522.0,7
rb1805,20170922,20170921,210619500,3522.0,19934,453340,702923140.0,3522.0,7,3521.0,71
rb1805,20170922,20170921,210620000,3522.0,19948,453340,703416220.0,3523.0,45,3522.0,5
rb1805,20170922,20170921,210620500,3522.0,19948,453340,703416220.0,3523.0,46,3522.0,2
rb1805,20170922,20170921,210621000,3522.0,19948,453340,703416220.0,3523.0,46,3522.0,2
rb1805,20170922,20170921,210621500,3522.0,19950,453342,703486660.0,3523.0,48,3522.0,6
rb1805,20170922,20170921,210622000,3522.0,19952,453342,703557100.0,3523.0,49,3522.0,17
rb1805,20170922,20170921,210622500,3522.0,19964,453354,703979840.0,3523.0,45,3522.0,21
rb1805,20170922,20170921,210623000,3522.0,19974,453358,704332040.0,3523.0,46,3522.0,21
rb1805,20170922,20170921,210623500,3523.0,19982,453358,704613840.0,3523.0,45,3522.0,23
rb1805,20170922,20170921,210624000,3523.0,19982,453358,704613840.0,3523.0,45,3522.0,27
rb1805,20170922,20170921,210624500,3522.0,19990,453358,704895600.0,3523.0,45,3522.0,24
rb1805,20170922,20170921,210625000,3522.0,19994,453354,705036480.0,3523.0,45,3522.0,22
rb1805,20170922,20170921,210625500,3522.0,20000,453352,705247820.0,3523.0,46,3522.0,26
rb1805,20170922,20170921,210626000,3522.0,20004,453352,705388700.0,3523.0,46,3522.0,24
rb1805,20170922,20170921,210626500,3523.0,20006,453354,705459160.0,3523.0,45,3522.0,24
rb1805,20170922,20170921,210627000,3522.0,20036,453380,706515860.0,3523.0,40,3522.0,14
rb1805,20170922,20170921,210627500,3522.0,20066,453400,707572460.0,3522.0,25,3521.0,43
rb1805,20170922,20170921,210628000,3522.0,20092,453400,708488180.0,3522.0,12,3521.0,44
rb1805,20170922,20170921,210628500,3522.0,20120,453424,709474340.0,3523.0,90,3522.0,10
rb1805,20170922,20170921,210629000,3522.0,20120,453424,709474340.0,3523.0,45,3522.0,11
rb1805,20170922,20170921,210629500,3522.0,20126,453422,709685660.0,3523.0,50,3522.0,9
rb1805,20170922,20170921,210630000,3522.0,20128,453420,709756100.0,3523.0,51,3522.0,8
rb1805,20170922,20170921,210630500,3523.0,20130,453420,709826560.0,3523.0,48,3522.0,8
rb1805,20170922,20170921,210631000,3522.0,20134,453418,709967440.0,3523.0,48,3522.0,7
rb1805,20170922,20170921,210631500,3522.0,20136,453418,710037880.0,3523.0,46,3522.0,6
rb1805,20170922,20170921,210632000,3522.0,20150,453418,710531000.0,3523.0,44,3522.0,4
rb1805,20170922,20170921,210632500,3523.0,20152,453418,710601460.0,3523.0,36,3522.0,17
rb1805,20170922,20170921,210633000,3522.0,20178,453404,711517180.0,3523.0,41,3522.0,5
rb1805,20170922,20170921,210633500,3522.0,20188,453412,711869380.0,3522.0,6,3521.0,53
rb1805,20170922,20170921,210634000,3523.0,20202,453414,712362480.0,3523.0,84,3522.0,1
rb1805,20170922,20170921,210634500,3522.0,20220,453422,712996440.0,3522.0,1,3521.0,53
rb1805,20170922,20170921,210635000,3522.0,20224,453422,713137320.0,3523.0,45,3521.0,56
rb1805,20170922,20170921,210635500,3522.0,20224,453422,713137320.0,3522.0,2,3521.0,55
rb1805,20170922,20170921,210636000,3522.0,20224,453422,713137320.0,3522.0,2,3521.0,54
rb1805,20170922,20170921,210636500,3522.0,20224,453422,713137320.0,3522.0,8,3521.0,64
rb1805,20170922,20170921,210637000,3522.0,20224,453422,713137320.0,3522.0,13,3521.0,64
rb1805,20170922,20170921,210637500,3522.0,20250,453400,714053040.0,3523.0,85,3522.0,7
rb1805,20170922,20170921,210638000,3522.0,20250,453400,714053040.0,3523.0,41,3522.0,7
rb1805,20170922,20170921,210638500,3522.0,20268,453404,714687000.0,3522.0,1,3521.0,61
rb1805,20170922,20170921,210639000,3522.0,20282,453394,715179980.0,3522.0,58,3521.0,42
rb1805,20170922,20170921,210639500,3522.0,20282,453394,715179980.0,3522.0,59,3521.0,42
rb1805,20170922,20170921,210640000,3522.0,20288,453396,715391300.0,3522.0,58,3521.0,50
rb1805,20170922,20170921,210640500,3522.0,20288,453396,715391300.0,3522.0,57,3521.0,51
rb1805,20170922,20170921,210641000,3522.0,20290,453398,715461740.0,3522.0,12,3521.0,50
rb1805,20170922,20170921,210641500,3521.0,20306,453402,716025100.0,3522.0,12,3521.0,42
rb1805,20170922,20170921,210642000,3521.0,20308,453402,716095520.0,3522.0,15,3521.0,41
rb1805,20170922,20170921,210642500,3522.0,20320,453412,716518160.0,3522.0,21,3521.0,46
rb1805,20170922,20170921,210643000,3522.0,20326,453418,716729480.0,3522.0,22,3521.0,46
rb1805,20170922,20170921,210643500,3522.0,20340,453428,717222540.0,3522.0,13,3521.0,45
rb1805,20170922,20170921,210644000,3522.0,20342,453430,717292980.0,3522.0,61,3521.0,46
rb1805,20170922,20170921,210644500,3522.0,20348,453434,717504300.0,3522.0,58,3521.0,46
rb1805,20170922,20170921,210645000,3522.0,20350,453436,717574740.0,3522.0,59,3521.0,46
rb1805,20170922,20170921,210645500,3522.0,20352,453438,717645180.0,3522.0,61,3521.0,46
rb1805,20170922,20170921,210646500,3521.0,20356,453438,717786020.0,3522.0,61,3521.0,44
rb1805,20170922,20170921,210647000,3521.0,20358,453438,717856440.0,3522.0,61,3521.0,45
rb1805,20170922,20170921,210647500,3522.0,20360,453438,717926880.0,3522.0,60,3521.0,45
rb1805,20170922,20170921,210648000,3522.0,20384,453446,718772000.0,3522.0,58,3521.0,37
rb1805,20170922,20170921,210648500,3522.0,20384,453446,718772000.0,3522.0,23,3521.0,37
rb1805,20170922,20170921,210649000,3522.0,20414,453472,719828600.0,3522.0,8,3521.0,41
rb1805,20170922,20170921,210649500,3522.0,20424,453482,720180800.0,3522.0,3,3521.0,42
rb1805,20170922,20170921,210650000,3522.0,20430,453488,720392120.0,3523.0,45,3522.0,2
rb1805,20170922,20170921,210650500,3521.0,20438,453494,720673880.0,3523.0,90,3521.0,38
rb1805,20170922,20170921,210651000,3521.0,20440,453492,720744300.0,3522.0,4,3521.0,38
rb1805,20170922,20170921,210651500,3521.0,20440,453492,720744300.0,3523.0,45,3522.0,3
rb1805,20170922,20170921,210652000,3522.0,20446,453492,720955620.0,3523.0,45,3521.0,39
rb1805,20170922,20170921,210652500,3522.0,20446,453492,720955620.0,3523.0,92,3521.0,39
rb1805,20170922,20170921,210653000,3522.0,20446,453492,720955620.0,3523.0,92,3522.0,1
rb1805,20170922,20170921,210653500,3523.0,20448,453492,721026080.0,3523.0,91,3522.0,1
rb1805,20170922,20170921,210654000,3522.0,20454,453494,721237400.0,3523.0,82,3522.0,7
rb1805,20170922,20170921,210654500,3522.0,20454,453494,721237400.0,3523.0,82,3522.0,7
rb1805,20170922,20170921,210655000,3522.0,20562,453420,725042160.0,3523.0,32,3522.0,3
rb1805,20170922,20170921,210655500,3521.0,20578,453414,725605640.0,3523.0,33,3521.0,39
rb1805,20170922,20170921,210656000,3521.0,20578,453414,725605640.0,3523.0,38,3521.0,44
rb1805,20170922,20170921,210656500,3523.0,20596,453418,726239780.0,3524.0,263,3523.0,44
rb1805,20170922,20170921,210657000,3523.0,20600,453422,726380700.0,3524.0,267,3523.0,42
rb1805,20170922,20170921,210657500,3523.0,20646,453468,728001280.0,3524.0,268,3523.0,19
rb1805,20170922,20170921,210658000,3523.0,20652,453472,728212680.0,3524.0,267,3523.0,19
rb1805,20170922,20170921,210658500,3523.0,20656,453474,728353600.0,3524.0,267,3523.0,17
rb1805,20170922,20170921,210659000,3523.0,20690,453476,729551420.0,3524.0,267,3523.0,1
rb1805,20170922,20170921,210659500,3523.0,20692,453474,729621880.0,3524.0,267,3522.0,16
rb1805,20170922,20170921,210700000,3523.0,20696,453474,729762800.0,3523.0,50,3522.0,16
rb1805,20170922,20170921,210700500,3523.0,20698,453474,729833260.0,3523.0,64,3522.0,12
rb1805,20170922,20170921,210701000,3523.0,20702,453474,729974180.0,3523.0,64,3522.0,2
rb1805,20170922,20170921,210701500,3523.0,20702,453474,729974180.0,3523.0,64,3522.0,2
rb1805,20170922,20170921,210702000,3523.0,20702,453474,729974180.0,3523.0,65,3522.0,2
rb1805,20170922,20170921,210702500,3523.0,20702,453474,729974180.0,3523.0,65,3522.0,3
rb1805,20170922,20170921,210703000,3522.0,20710,453474,730255940.0,3522.0,1,3521.0,55
rb1805,20170922,20170921,210703500,3522.0,20752,453474,731735180.0,3522.0,12,3521.0,43
rb1805,20170922,20170921,210704000,3522.0,20752,453474,731735180.0,3522.0,12,3521.0,43
rb1805,20170922,20170921,210704500,3521.0,20772,453492,732439380.0,3523.0,39,3522.0,1
rb1805,20170922,20170921,210705000,3521.0,20772,453492,732439380.0,3523.0,39,3522.0,1
rb1805,20170922,20170921,210705500,3522.0,20774,453492,732509820.0,3523.0,39,3521.0,40
rb1805,20170922,20170921,210706000,3522.0,20776,453492,732580260.0,3522.0,19,3521.0,42
rb1805,20170922,20170921,210706500,3522.0,20812,453462,733848160.0,3522.0,2,3521.0,42
rb1805,20170922,20170921,210707000,3522.0,20818,453460,734059480.0,3523.0,45,3522.0,1
rb1805,20170922,20170921,210707500,3522.0,20828,453456,734411680.0,3522.0,7,3521.0,39
rb1805,20170922,20170921,210708000,3522.0,20860,453442,735538720.0,3523.0,74,3522.0,31
rb1805,20170922,20170921,210708500,3522.0,20862,453440,735609160.0,3523.0,75,3522.0,26
rb1805,20170922,20170921,210709000,3523.0,20864,453440,735679620.0,3523.0,78,3522.0,30
rb1805,20170922,20170921,210709500,3522.0,20872,453440,735961380.0,3523.0,78,3522.0,36
rb1805,20170922,20170921,210710000,3523.0,20874,453438,736031840.0,3523.0,77,3522.0,37
rb1805,20170922,20170921,210711000,3522.0,20876,453436,736102280.0,3523.0,77,3522.0,36
rb1805,20170922,20170921,210711500,3522.0,20876,453436,736102280.0,3523.0,77,3522.0,37
rb1805,20170922,20170921,210712000,3522.0,20876,453436,736102280.0,3523.0,77,3522.0,39
rb1805,20170922,20170921,210712500,3522.0,20918,453416,737581920.0,3523.0,58,3522.0,39
rb1805,20170922,20170921,210713000,3522.0,20924,453418,737793240.0,3523.0,60,3522.0,36
rb1805,20170922,20170921,210713500,3522.0,20924,453418,737793240.0,3523.0,60,3522.0,36
rb1805,20170922,20170921,210714000,3522.0,20924,453418,737793240.0,3523.0,61,3522.0,37
rb1805,20170922,20170921,210714500,3522.0,21020,453484,741175240.0,3523.0,12,3522.0,34
rb1805,20170922,20170921,210715000,3524.0,21052,453472,742302640.0,3524.0,242,3523.0,58
rb1805,20170922,20170921,210715500,3524.0,21060,453476,742584540.0,3524.0,244,3523.0,63
rb1805,20170922,20170921,210716000,3524.0,21230,453522,748575340.0,3524.0,155,3523.0,63
rb1805,20170922,20170921,210716500,3524.0,21354,453620,752945020.0,3524.0,97,3523.0,59
rb1805,20170922,20170921,210717000,3523.0,21362,453620,753226920.0,3524.0,94,3523.0,66
rb1805,20170922,20170921,210717500,3524.0,21376,453628,753720280.0,3524.0,87,3523.0,66
rb1805,20170922,20170921,210718000,3524.0,21382,453630,753931720.0,3524.0,84,3523.0,71
rb1805,20170922,20170921,210718500,3524.0,21386,453634,754072680.0,3524.0,82,3523.0,71
rb1805,20170922,20170921,210719000,3524.0,21486,453704,757596660.0,3524.0,34,3523.0,79
rb1805,20170922,20170921,210719500,3524.0,21534,453724,759288120.0,3524.0,13,3523.0,76
rb1805,20170922,20170921,210720000,3524.0,21560,453722,760204360.0,3525.0,76,3524.0,14
rb1805,20170922,20170921,210720500,3524.0,21614,453690,762107400.0,3525.0,72,3524.0,6
rb1805,20170922,20170921,210721000,3524.0,21628,453690,762600760.0,3524.0,45,3523.0,65
rb1805,20170922,20170921,210721500,3524.0,21632,453686,762741720.0,3524.0,45,3523.0,60
rb1805,20170922,20170921,210722000,3524.0,21638,453686,762953160.0,3524.0,42,3523.0,59
rb1805,20170922,20170921,210722500,3524.0,21644,453686,763164600.0,3524.0,39,3523.0,59
rb1805,20170922,20170921,210723000,3525.0,21750,453712,766900320.0,3525.0,59,3524.0,2
rb1805,20170922,20170921,210723500,3525.0,21752,453712,766970820.0,3525.0,58,3524.0,22
rb1805,20170922,20170921,210724000,3525.0,21758,453714,767182300.0,3525.0,62,3524.0,21
rb1805,20170922,20170921,210724500,3525.0,21782,453716,768028080.0,3525.0,57,3524.0,15
rb1805,20170922,20170921,210725000,3525.0,21784,453718,768098580.0,3525.0,56,3524.0,16
rb1805,20170922,20170921,210725500,3525.0,21784,453718,768098580.0,3525.0,60,3524.0,16
rb1805,20170922,20170921,210726000,3525.0,21786,453720,768169080.0,3525.0,59,3524.0,16
rb1805,20170922,20170921,210726500,3524.0,21806,453724,768874000.0,3525.0,54,3524.0,12
rb1805,20170922,20170921,210727000,3525.0,21808,453724,768944500.0,3525.0,48,3524.0,12
rb1805,20170922,20170921,210727500,3524.0,21842,453730,770142760.0,3524.0,25,3523.0,19
rb1805,20170922,20170921,210728000,3524.0,21854,453730,770565640.0,3524.0,6,3523.0,19
rb1805,20170922,20170921,210728500,3525.0,21936,453758,773455960.0,3525.0,15,3524.0,11
rb1805,20170922,20170921,210729000,3524.0,21974,453762,774795080.0,3524.0,35,3523.0,18
rb1805,20170922,20170921,210729500,3524.0,21978,453764,774936040.0,3524.0,36,3523.0,18
rb1805,20170922,20170921,210730000,3524.0,21980,453766,775006520.0,3524.0,35,3523.0,16
rb1805,20170922,20170921,210730500,3524.0,21982,453766,775077000.0,3524.0,39,3523.0,17
rb1805,20170922,20170921,210731000,3524.0,21984,453766,775147480.0,3524.0,38,3523.0,17
rb1805,20170922,20170921,210731500,3524.0,21994,453776,775499800.0,3524.0,37,3523.0,14
rb1805,20170922,20170921,210732000,3524.0,22026,453800,776627180.0,3524.0,52,3523.0,1
rb1805,20170922,20170921,210732500,3523.0,22042,453816,777190860.0,3523.0,3,3522.0,44
rb1805,20170922,20170921,210733000,3523.0,22046,453818,777331780.0,3523.0,6,3522.0,37
rb1805,20170922,20170921,210733500,3523.0,22068,453806,778106840.0,3523.0,4,3522.0,38
rb1805,20170922,20170921,210734000,3523.0,22076,453812,778388680.0,3523.0,14,3522.0,40
rb1805,20170922,20170921,210734500,3523.0,22080,453816,778529600.0,3523.0,12,3522.0,40
rb1805,20170922,20170921,210735000,3523.0,22080,453816,778529600.0,3523.0,14,3522.0,41
rb1805,20170922,20170921,210735500,3522.0,22102,453838,779304560.0,3523.0,14,3522.0,37
rb1805,20170922,20170921,210736000,3522.0,22102,453838,779304560.0,3523.0,17,3522.0,36
rb1805,20170922,20170921,210736500,3523.0,22110,453838,779586400.0,3523.0,20,3522.0,37
rb1805,20170922,20170921,210737000,3522.0,22184,453810,782192680.0,3523.0,22,3521.0,106
rb1805,20170922,20170921,210737500,3522.0,22186,453812,782263120.0,3522.0,42,3521.0,106
rb1805,20170922,20170921,210738000,3522.0,22190,453812,782403980.0,3523.0,41,3521.0,105
rb1805,20170922,20170921,210738500,3522.0,22190,453812,782403980.0,3523.0,41,3521.0,105
rb1805,20170922,20170921,210739000,3522.0,22190,453812,782403980.0,3522.0,1,3521.0,105
rb1805,20170922,20170921,210739500,3522.0,22202,453814,782826520.0,3522.0,10,3521.0,100
rb1805,20170922,20170921,210740000,3522.0,22212,453814,783178720.0,3522.0,8,3521.0,100
rb1805,20170922,20170921,210740500,3521.0,22230,453826,783812520.0,3522.0,22,3521.0,92
rb1805,20170922,20170921,210741000,3521.0,22266,453832,785080140.0,3522.0,23,3521.0,77
rb1805,20170922,20170921,210741500,3521.0,22384,453858,789234940.0,3522.0,36,3521.0,19
rb1805,20170922,20170921,210742000,3520.0,22424,453860,790643320.0,3521.0,45,3520.0,46
rb1805,20170922,20170921,210742500,3521.0,22452,453856,791629080.0,3521.0,48,3520.0,42
rb1805,20170922,20170921,210743000,3521.0,22456,453854,791769920.0,3521.0,47,3520.0,42
rb1805,20170922,20170921,210743500,3520.0,22460,453854,791910720.0,3521.0,47,3520.0,39
rb1805,20170922,20170921,210744000,3520.0,22462,453854,791981120.0,3521.0,46,3520.0,38
rb1805,20170922,20170921,210744500,3520.0,22480,453854,792614720.0,3521.0,48,3520.0,29
rb1805,20170922,20170921,210745000,3520.0,22516,453828,793882040.0,3521.0,41,3520.0,17
rb1805,20170922,20170921,210745500,3520.0,22520,453830,794022840.0,3521.0,41,3520.0,15
rb1805,20170922,20170921,210746000,3520.0,22564,453812,795571640.0,3521.0,63,3520.0,1
rb1805,20170922,20170921,210746500,3520.0,22626,453866,797754040.0,3520.0,6,3519.0,96
rb1805,20170922,20170921,210747000,3520.0,22640,453862,798246820.0,3520.0,17,3519.0,90
rb1805,20170922,20170921,210747500,3520.0,22672,453890,799373220.0,3520.0,4,3519.0,90
rb1805,20170922,20170921,210748000,3520.0,22678,453894,799584420.0,3520.0,9,3519.0,90
rb1805,20170922,20170921,210748500,3520.0,22748,453894,802048000.0,3520.0,2,3519.0,69
rb1805,20170922,20170921,210749000,3519.0,22750,453894,802118380.0,3520.0,18,3519.0,68
rb1805,20170922,20170921,210749500,3520.0,22812,453926,804300440.0,3520.0,10,3519.0,51
rb1805,20170922,20170921,210750000,3520.0,22912,454008,807819960.0,3521.0,44,3520.0,6
rb1805,20170922,20170921,210750500,3520.0,22930,454014,808453540.0,3520.0,32,3519.0,27
rb1805,20170922,20170921,210751000,3520.0,22944,454026,808946220.0,3520.0,27,3519.0,21
rb1805,20170922,20170921,210751500,3519.0,22976,454056,810072520.0,3520.0,13,3519.0,21
rb1805,20170922,20170921,210752000,3518.0,23022,454090,811691260.0,3519.0,1,3518.0,144
rb1805,20170922,20170921,210752500,3518.0,23126,454110,815350880.0,3519.0,51,3518.0,115
rb1805,20170922,20170921,210753000,3518.0,23160,454096,816547020.0,3519.0,50,3518.0,110
rb1805,20170922,20170921,210753500,3519.0,23174,454096,817039580.0,3519.0,69,3518.0,105
rb1805,20170922,20170921,210754000,3519.0,23244,454154,819502780.0,3519.0,40,3518.0,100
rb1805,20170922,20170921,210754500,3518.0,23256,454152,819924940.0,3519.0,44,3518.0,94
rb1805,20170922,20170921,210755000,3519.0,23268,454154,820347160.0,3519.0,41,3518.0,91
rb1805,20170922,20170921,210755500,3519.0,23282,454154,820839700.0,3519.0,40,3518.0,96
rb1805,20170922,20170921,210756000,3519.0,23286,454158,820980460.0,3519.0,38,3518.0,96
rb1805,20170922,20170921,210756500,3518.0,23296,454160,821332300.0,3519.0,36,3518.0,93
rb1805,20170922,20170921,210757000,3519.0,23328,454146,822458140.0,3519.0,33,3518.0,81
rb1805,20170922,20170921,210757500,3519.0,23334,454146,822669240.0,3519.0,34,3518.0,114
rb1805,20170922,20170921,210758000,3518.0,23394,454142,824780080.0,3519.0,32,3518.0,86
rb1805,20170922,20170921,210758500,3518.0,23408,454134,825272600.0,3519.0,32,3518.0,79
rb1805,20170922,20170921,210759000,3518.0,23426,454126,825905920.0,3519.0,28,3518.0,84
rb1805,20170922,20170921,210759500,3519.0,23532,454190,829635560.0,3519.0,4,3518.0,60
rb1805,20170922,20170921,210800000,3519.0,23650,454266,833787200.0,3520.0,31,3519.0,2
rb1805,20170922,20170921,210800500,3518.0,23708,454264,835827940.0,3519.0,1,3518.0,1
rb1805,20170922,20170921,210801000,3518.0,23716,454270,836109420.0,3519.0,19,3518.0,10
rb1805,20170922,20170921,210801500,3518.0,23752,454268,837376000.0,3519.0,14,3517.0,49
rb1805,20170922,20170921,210802000,3518.0,23760,454270,837657460.0,3519.0,14,3518.0,1
rb1805,20170922,20170921,210802500,3520.0,23792,454296,838783560.0,3520.0,30,3519.0,35
rb1805,20170922,20170921,210803000,3520.0,23888,454348,842162760.0,3521.0,27,3519.0,47
rb1805,20170922,20170921,210803500,3520.0,23982,454346,845471560.0,3521.0,27,3520.0,2
rb1805,20170922,20170921,210804000,3520.0,24050,454314,847865760.0,3522.0,17,3521.0,1
rb1805,20170922,20170921,210804500,3521.0,24064,454312,848358620.0,3522.0,29,3521.0,1
rb1805,20170922,20170921,210805000,3521.0,24066,454314,848429040.0,3522.0,25,3521.0,18
rb1805,20170922,20170921,210805500,3521.0,24104,454282,849767040.0,3522.0,23,3521.0,4
rb1805,20170922,20170921,210806000,3521.0,24118,454288,850260060.0,3521.0,1,3520.0,21
rb1805,20170922,20170921,210806500,3521.0,24124,454284,850471320.0,3521.0,8,3520.0,32
rb1805,20170922,20170921,210807000,3521.0,24142,454268,851105100.0,3522.0,26,3521.0,15
rb1805,20170922,20170921,210807500,3522.0,24150,454268,851386820.0,3522.0,24,3521.0,13
rb1805,20170922,20170921,210808000,3521.0,24160,454266,851738960.0,3522.0,22,3521.0,19
rb1805,20170922,20170921,210808500,3521.0,24164,454264,851879800.0,3522.0,25,3521.0,31
rb1805,20170922,20170921,210809000,3522.0,24188,454262,852724880.0,3522.0,24,3521.0,18
rb1805,20170922,20170921,210809500,3522.0,24204,454260,853288400.0,3522.0,16,3521.0,26
rb1805,20170922,20170921,210810000,3521.0,24212,454264,853570080.0,3522.0,29,3521.0,32
rb1805,20170922,20170921,210810500,3522.0,24240,454268,854556000.0,3522.0,31,3521.0,19
rb1805,20170922,20170921,210811000,3522.0,24242,454270,854626440.0,3522.0,34,3521.0,23
rb1805,20170922,20170921,210811500,3521.0,24248,454272,854837740.0,3522.0,33,3521.0,22
rb1805,20170922,20170921,210812000,3521.0,24262,454274,855330700.0,3522.0,32,3521.0,16
rb1805,20170922,20170921,210812500,3521.0,24266,454272,855471560.0,3522.0,31,3521.0,15
rb1805,20170922,20170921,210813000,3522.0,24282,454278,856035080.0,3522.0,25,3521.0,18
rb1805,20170922,20170921,210813500,3521.0,24320,454264,857373080.0,3521.0,1,3520.0,36
rb1805,20170922,20170921,210814000,3520.0,24322,454262,857443480.0,3521.0,14,3520.0,28
rb1805,20170922,20170921,210814500,3520.0,24364,454298,858922280.0,3521.0,16,3520.0,23
rb1805,20170922,20170921,210815000,3521.0,24394,454316,859978580.0,3521.0,7,3520.0,20
rb1805,20170922,20170921,210815500,3521.0,24394,454316,859978580.0,3521.0,4,3520.0,20
rb1805,20170922,20170921,210816000,3521.0,24400,454320,860189820.0,3521.0,4,3520.0,24
rb1805,20170922,20170921,210816500,3521.0,24416,454326,860753180.0,3521.0,6,3520.0,27
rb1805,20170922,20170921,210817000,3521.0,24438,454324,861527800.0,3522.0,28,3521.0,3
rb1805,20170922,20170921,210817500,3521.0,24444,454324,861739060.0,3521.0,3,3520.0,21
rb1805,20170922,20170921,210818000,3521.0,24452,454320,862020740.0,3522.0,63,3521.0,3
rb1805,20170922,20170921,210818500,3521.0,24454,454318,862091160.0,3522.0,75,3520.0,28
rb1805,20170922,20170921,210819000,3521.0,24454,454318,862091160.0,3522.0,63,3521.0,2
rb1805,20170922,20170921,210819500,3521.0,24470,454324,862654620.0,3522.0,58,3520.0,31
rb1805,20170922,20170921,210820000,3521.0,24474,454328,862795460.0,3521.0,3,3520.0,32
rb1805,20170922,20170921,210820500,3521.0,24480,454330,863006720.0,3521.0,3,3520.0,32
rb1805,20170922,20170921,210821000,3521.0,24492,454336,863429240.0,3521.0,1,3520.0,37
rb1805,20170922,20170921,210821500,3522.0,24502,454344,863781420.0,3522.0,53,3520.0,93
rb1805,20170922,20170921,210822000,3521.0,24506,454344,863922280.0,3522.0,53,3521.0,3
rb1805,20170922,20170921,210822500,3521.0,24520,454336,864415220.0,3521.0,22,3520.0,92
rb1805,20170922,20170921,210823000,3521.0,24546,454336,865330680.0,3521.0,10,3520.0,94
rb1805,20170922,20170921,210823500,3521.0,24548,454336,865401100.0,3521.0,9,3520.0,83
rb1805,20170922,20170921,210824000,3521.0,24548,454336,865401100.0,3521.0,19,3520.0,83
rb1805,20170922,20170921,210824500,3521.0,24556,454334,865682760.0,3521.0,29,3520.0,82
rb1805,20170922,20170921,210825000,3521.0,24560,454332,865823600.0,3521.0,27,3520.0,82
rb1805,20170922,20170921,210825500,3521.0,24560,454332,865823600.0,3521.0,28,3520.0,82
rb1805,20170922,20170921,210826000,3521.0,24562,454332,865894020.0,3521.0,27,3520.0,84
rb1805,20170922,20170921,210826500,3521.0,24572,454336,866246120.0,3521.0,22,3520.0,85
rb1805,20170922,20170921,210827000,3521.0,24572,454336,866246120.0,3521.0,23,3520.0,85
rb1805,20170922,20170921,210827500,3521.0,24582,454336,866598160.0,3521.0,21,3520.0,82
rb1805,20170922,20170921,210828000,3520.0,24724,454468,871596560.0,3521.0,21,3520.0,11
rb1805,20170922,20170921,210828500,3520.0,24752,454478,872582160.0,3520.0,8,3519.0,43
rb1805,20170922,20170921,210829000,3520.0,24796,454500,874130760.0,3520.0,21,3519.0,29
rb1805,20170922,20170921,210829500,3519.0,24856,454470,876242160.0,3519.0,11,3518.0,58
rb1805,20170922,20170921,210830000,3518.0,24972,454572,880323040.0,3518.0,4,3517.0,39
rb1805,20170922,20170921,210830500,3519.0,24982,454576,880674860.0,3519.0,24,3517.0,38
rb1805,20170922,20170921,210831000,3519.0,24982,454576,880674860.0,3518.0,21,3517.0,34
rb1805,20170922,20170921,210831500,3519.0,24982,454576,880674860.0,3518.0,21,3517.0,39
rb1805,20170922,20170921,210832000,3517.0,24994,454574,881096920.0,3518.0,21,3517.0,34
rb1805,20170922,20170921,210832500,3516.0,25110,454540,885176360.0,3517.0,1,3516.0,21
rb1805,20170922,20170921,210833000,3517.0,25352,454430,893683340.0,3518.0,24,3517.0,2
rb1805,20170922,20170921,210833500,3517.0,25362,454432,894035040.0,3517.0,57,3516.0,5
rb1805,20170922,20170921,210834000,3517.0,25376,454438,894527400.0,3517.0,52,3516.0,12
rb1805,20170922,20170921,210834500,3517.0,25406,454442,895582340.0,3517.0,56,3516.0,25
rb1805,20170922,20170921,210835000,3516.0,25420,454450,896074580.0,3517.0,56,3516.0,27
rb1805,20170922,20170921,210835500,3516.0,25538,454442,900224580.0,3518.0,34,3516.0,24
rb1805,20170922,20170921,210836000,3516.0,25632,454370,903531060.0,3519.0,25,3517.0,1
rb1805,20170922,20170921,210836500,3517.0,25648,454380,904093680.0,3518.0,12,3516.0,23
rb1805,20170922,20170921,210837000,3516.0,25650,454382,904164000.0,3518.0,12,3517.0,1
rb1805,20170922,20170921,210837500,3518.0,25654,454382,904304700.0,3518.0,11,3517.0,5
rb1805,20170922,20170921,210838000,3517.0,25664,454390,904656400.0,3518.0,11,3517.0,4
rb1805,20170922,20170921,210838500,3518.0,25684,454390,905359900.0,3519.0,27,3518.0,7
rb1805,20170922,20170921,210839000,3518.0,25696,454380,905782080.0,3519.0,23,3518.0,12
rb1805,20170922,20170921,210839500,3518.0,25740,454352,907329920.0,3519.0,14,3517.0,20
rb1805,20170922,20170921,210840000,3519.0,25742,454354,907400300.0,3519.0,14,3518.0,17
rb1805,20170922,20170921,210840500,3518.0,25746,454356,907541020.0,3519.0,19,3518.0,22
rb1805,20170922,20170921,210841000,3518.0,25748,454358,907611380.0,3519.0,21,3518.0,17
rb1805,20170922,20170921,210841500,3519.0,25752,454360,907752140.0,3519.0,19,3518.0,19
rb1805,20170922,20170921,210842000,3518.0,25760,454362,908033580.0,3519.0,24,3518.0,12
rb1805,20170922,20170921,210842500,3517.0,25786,454362,908948240.0,3518.0,2,3517.0,67
rb1805,20170922,20170921,210843000,3518.0,25796,454358,909300040.0,3518.0,18,3517.0,69
rb1805,20170922,20170921,210843500,3518.0,25812,454368,909862900.0,3518.0,11,3517.0,60
rb1805,20170922,20170921,210844000,3518.0,25840,454364,910847740.0,3518.0,8,3517.0,41
rb1805,20170922,20170921,210844500,3518.0,25850,454370,911199500.0,3518.0,26,3517.0,40
rb1805,20170922,20170921,210845000,3518.0,25862,454382,911621560.0,3518.0,26,3517.0,35
rb1805,20170922,20170921,210845500,3517.0,25870,454384,911902940.0,3518.0,25,3517.0,32
rb1805,20170922,20170921,210846000,3517.0,25874,454384,912043640.0,3518.0,25,3517.0,31
rb1805,20170922,20170921,210846500,3517.0,25914,454382,913450460.0,3518.0,29,3517.0,13
rb1805,20170922,20170921,210847000,3518.0,25920,454388,913661540.0,3518.0,20,3517.0,19
rb1805,20170922,20170921,210847500,3517.0,25922,454390,913731880.0,3518.0,20,3517.0,24
rb1805,20170922,20170921,210848000,3517.0,25930,454394,914013260.0,3518.0,19,3517.0,23
rb1805,20170922,20170921,210848500,3517.0,25938,454392,914294680.0,3518.0,21,3517.0,23
rb1805,20170922,20170921,210849000,3518.0,25944,454398,914505720.0,3518.0,132,3517.0,22
rb1805,20170922,20170921,210849500,3517.0,25990,454396,916123540.0,3517.0,8,3516.0,40
rb1805,20170922,20170921,210850000,3517.0,25990,454396,916123540.0,3517.0,39,3516.0,40
rb1805,20170922,20170921,210850500,3516.0,25998,454396,916404840.0,3517.0,39,3516.0,34
rb1805,20170922,20170921,210851000,3516.0,26064,454446,918725440.0,3517.0,37,3516.0,4
rb1805,20170922,20170921,210851500,3516.0,26072,454446,919006760.0,3517.0,35,3516.0,4
rb1805,20170922,20170921,210852000,3515.0,26088,454458,919569240.0,3517.0,35,3515.0,23
rb1805,20170922,20170921,210852500,3517.0,26148,454458,921678980.0,3517.0,20,3516.0,4
rb1805,20170922,20170921,210853000,3516.0,26152,454458,921819620.0,3517.0,23,3516.0,3
rb1805,20170922,20170921,210853500,3517.0,26206,454440,923718300.0,3517.0,38,3516.0,10
rb1805,20170922,20170921,210854000,3516.0,26240,454456,924913880.0,3517.0,31,3516.0,2
rb1805,20170922,20170921,210854500,3515.0,26252,454458,925335760.0,3517.0,32,3516.0,2
rb1805,20170922,20170921,210855000,3516.0,26268,454468,925898320.0,3517.0,38,3515.0,19
rb1805,20170922,20170921,210855500,3515.0,26388,454526,930118600.0,3518.0,133,3515.0,25
rb1805,20170922,20170921,210856000,3517.0,26398,454530,930470220.0,3517.0,22,3515.0,28
rb1805,20170922,20170921,210856500,3516.0,26400,454530,930540540.0,3516.0,1,3515.0,25
rb1805,20170922,20170921,210857000,3516.0,26414,454544,931032760.0,3516.0,1,3515.0,27
rb1805,20170922,20170921,210857500,3516.0,26428,454556,931524980.0,3516.0,5,3515.0,23
rb1805,20170922,20170921,210858000,3515.0,26436,454562,931806240.0,3516.0,5,3515.0,21
rb1805,20170922,20170921,210858500,3516.0,26440,454562,931946860.0,3516.0,6,3515.0,21
rb1805,20170922,20170921,210859000,3516.0,26460,454574,932649940.0,3516.0,5,3515.0,15
rb1805,20170922,20170921,210859500,3516.0,26492,454576,933774860.0,3517.0,39,3515.0,5
rb1805,20170922,20170921,210900000,3517.0,26498,454578,933985800.0,3517.0,38,3515.0,3
rb1805,20170922,20170921,210900500,3515.0,26530,454610,935110820.0,3515.0,8,3514.0,45
rb1805,20170922,20170921,210901000,3515.0,26578,454650,936798020.0,3516.0,3,3515.0,4
rb1805,20170922,20170921,210901500,3516.0,26594,454652,937360460.0,3516.0,6,3514.0,50
rb1805,20170922,20170921,210902000,3515.0,26602,454656,937641660.0,3516.0,12,3515.0,3
rb1805,20170922,20170921,210902500,3515.0,26602,454656,937641660.0,3516.0,10,3515.0,4
rb1805,20170922,20170921,210903000,3515.0,26608,454658,937852560.0,3516.0,10,3515.0,38
rb1805,20170922,20170921,210903500,3515.0,26636,454658,938836800.0,3516.0,9,3515.0,34
rb1805,20170922,20170921,210904000,3516.0,26642,454656,939047760.0,3516.0,6,3515.0,36
rb1805,20170922,20170921,210904500,3516.0,26654,454658,939469640.0,3516.0,2,3515.0,31
rb1805,20170922,20170921,210905000,3516.0,26664,454660,939821200.0,3517.0,42,3516.0,1
rb1805,20170922,20170921,210905500,3516.0,26688,454640,940664840.0,3517.0,61,3515.0,25
rb1805,20170922,20170921,210906000,3515.0,26700,454646,941086720.0,3516.0,1,3515.0,23
rb1805,20170922,20170921,210906500,3516.0,26756,454656,943055500.0,3516.0,3,3515.0,20
rb1805,20170922,20170921,210907000,3516.0,26782,454674,943969560.0,3516.0,3,3515.0,9
rb1805,20170922,20170921,210907500,3516.0,26786,454678,944110180.0,3516.0,6,3515.0,8
rb1805,20170922,20170921,210908000,3515.0,26806,454684,944813180.0,3515.0,2,3514.0,55
rb1805,20170922,20170921,210908500,3516.0,26852,454702,946430300.0,3517.0,52,3516.0,1
rb1805,20170922,20170921,210909000,3516.0,26888,454702,947695640.0,3515.0,1,3514.0,56
rb1805,20170922,20170921,210909500,3516.0,26906,454712,948328440.0,3516.0,12,3514.0,49
rb1805,20170922,20170921,210910000,3516.0,26910,454714,948469080.0,3516.0,15,3514.0,48
rb1805,20170922,20170921,210910500,3514.0,26974,454758,950718040.0,3516.0,24,3514.0,37
rb1805,20170922,20170921,210911000,3515.0,27032,454774,952756340.0,3516.0,12,3514.0,15
rb1805,20170922,20170921,210911500,3514.0,27040,454768,953037460.0,3516.0,21,3514.0,13
rb1805,20170922,20170921,210912000,3514.0,27042,454768,953107740.0,3515.0,1,3514.0,10
rb1805,20170922,20170921,210912500,3514.0,27068,454764,954021380.0,3515.0,6,3514.0,4
rb1805,20170922,20170921,210913000,3515.0,27074,454764,954232260.0,3515.0,5,3514.0,11
rb1805,20170922,20170921,210913500,3515.0,27194,454760,958450280.0,3516.0,15,3515.0,12
rb1805,20170922,20170921,210914000,3516.0,27232,454750,959786360.0,3517.0,59,3516.0,1
rb1805,20170922,20170921,210914500,3516.0,27246,454746,960278540.0,3516.0,6,3515.0,21
rb1805,20170922,20170921,210915000,3516.0,27276,454740,961333340.0,3517.0,59,3516.0,16
rb1805,20170922,20170921,210915500,3517.0,27414,454804,966186500.0,3518.0,134,3517.0,11
rb1805,20170922,20170921,210916000,3517.0,27438,454820,967030580.0,3517.0,61,3516.0,1
rb1805,20170922,20170921,210916500,3516.0,27446,454820,967311860.0,3516.0,1,3515.0,21
rb1805,20170922,20170921,210917000,3516.0,27464,454820,967944740.0,3517.0,65,3516.0,21
rb1805,20170922,20170921,210917500,3517.0,27584,454794,972165140.0,3517.0,25,3516.0,17
rb1805,20170922,20170921,210918000,3517.0,27654,454754,974627040.0,3518.0,123,3517.0,35
rb1805,20170922,20170921,210918500,3517.0,27662,454754,974908420.0,3518.0,127,3517.0,39
rb1805,20170922,20170921,210919000,3518.0,27708,454756,976526280.0,3518.0,125,3517.0,17
rb1805,20170922,20170921,210919500,3518.0,27716,454758,976807720.0,3518.0,121,3517.0,21
rb1805,20170922,20170921,210920000,3518.0,27760,454756,978355320.0,3518.0,115,3517.0,24
rb1805,20170922,20170921,210920500,3518.0,27784,454770,979199460.0,3518.0,114,3517.0,12
rb1805,20170922,20170921,210921000,3517.0,27808,454770,980043560.0,3518.0,113,3517.0,2
rb1805,20170922,20170921,210921500,3518.0,27834,454796,980958240.0,3518.0,102,3517.0,13
rb1805,20170922,20170921,210922000,3517.0,27876,454832,982435380.0,3517.0,59,3516.0,20
rb1805,20170922,20170921,210922500,3516.0,27892,454848,982997980.0,3517.0,58,3515.0,44
rb1805,20170922,20170921,210923000,3517.0,27904,454858,983420020.0,3517.0,57,3515.0,46
rb1805,20170922,20170921,210923500,3517.0,27910,454864,983631040.0,3517.0,55,3516.0,4
rb1805,20170922,20170921,210924000,3517.0,27914,454868,983771720.0,3517.0,23,3516.0,8
rb1805,20170922,20170921,210924500,3517.0,27918,454872,983912400.0,3517.0,22,3516.0,16
rb1805,20170922,20170921,210925000,3517.0,27918,454872,983912400.0,3517.0,27,3516.0,16
rb1805,20170922,20170921,210925500,3517.0,27920,454874,983982740.0,3517.0,12,3516.0,19
rb1805,20170922,20170921,210926000,3516.0,27932,454874,984404680.0,3517.0,7,3516.0,236
rb1805,20170922,20170921,210926500,3517.0,27952,454894,985108080.0,3518.0,126,3517.0,40
rb1805,20170922,20170921,210927000,3517.0,27976,454898,985952160.0,3518.0,119,3517.0,30
rb1805,20170922,20170921,210927500,3517.0,27976,454898,985952160.0,3518.0,119,3517.0,30
rb1805,20170922,20170921,210928000,3517.0,27984,454896,986233520.0,3518.0,119,3517.0,28
rb1805,20170922,20170921,210928500,3517.0,27986,454896,986303860.0,3518.0,119,3517.0,28
rb1805,20170922,20170921,210929000,3518.0,27988,454898,986374220.0,3518.0,119,3517.0,39
rb1805,20170922,20170921,210929500,3518.0,27990,454898,986444580.0,3518.0,119,3517.0,36
rb1805,20170922,20170921,210930000,3518.0,28006,454896,987007420.0,3518.0,113,3517.0,35
rb1805,20170922,20170921,210930500,3517.0,28018,454884,987429460.0,3518.0,113,3517.0,30
rb1805,20170922,20170921,210931000,3518.0,28066,454924,989118040.0,3518.0,92,3517.0,27
rb1805,20170922,20170921,210931500,3518.0,28080,454936,989610480.0,3518.0,92,3517.0,47
rb1805,20170922,20170921,210932000,3518.0,28090,454938,989962200.0,3518.0,92,3517.0,43
rb1805,20170922,20170921,210932500,3518.0,28102,454938,990384360.0,3518.0,86,3517.0,44
rb1805,20170922,20170921,210933000,3518.0,28116,454946,990876820.0,3518.0,83,3517.0,41
rb1805,20170922,20170921,210933500,3518.0,28116,454946,990876820.0,3518.0,87,3517.0,41
rb1805,20170922,20170921,210934000,3518.0,28116,454946,990876820.0,3518.0,87,3517.0,43
rb1805,20170922,20170921,210934500,3518.0,28124,454952,991158260.0,3518.0,83,3517.0,43
rb1805,20170922,20170921,210935000,3518.0,28130,454952,991369340.0,3518.0,79,3517.0,43
rb1805,20170922,20170921,210935500,3518.0,28242,454956,995309500.0,3518.0,24,3517.0,49
rb1805,20170922,20170921,210936000,3518.0,28290,454940,996998140.0,3519.0,93,3518.0,2
rb1805,20170922,20170921,210936500,3519.0,28314,454948,997842580.0,3519.0,87,3518.0,1
rb1805,20170922,20170921,210937000,3518.0,28322,454942,998124020.0,3518.0,1,3517.0,49
rb1805,20170922,20170921,210937500,3518.0,28328,454946,998335080.0,3518.0,2,3517.0,49
