instrument,tradingday,calendarday,time,lastp,volume,openinterest,turnover,ask1,asksz1,bid1,bidsz1
rb1805,20171130,20171129,183204500,3957.0,0,2895656,0.0,0.0,0,0.0,0
rb1805,20171130,20171129,205900500,3960.0,4450,2895664,176220000.0,3961.0,66,3960.0,325
rb1805,20171130,20171129,210000500,3962.0,5430,2895522,215046940.0,3963.0,183,3962.0,329
rb1805,20171130,20171129,210001000,3966.0,9860,2893900,390653780.0,3966.0,206,3963.0,1
rb1805,20171130,20171129,210001500,3968.0,13718,2894950,543637900.0,3968.0,200,3964.0,356
rb1805,20171130,20171129,210002000,3965.0,15170,2894728,601227140.0,3967.0,122,3965.0,411
rb1805,20171130,20171129,210002500,3965.0,16422,2894726,650879580.0,3967.0,262,3965.0,18
rb1805,20171130,20171129,210003000,3964.0,18082,2894526,716709360.0,3965.0,93,3964.0,93
rb1805,20171130,20171129,210003500,3964.0,19110,2894940,757456820.0,3964.0,51,3963.0,104
rb1805,20171130,20171129,210004000,3962.0,19680,2894810,780044500.0,3963.0,1,3962.0,413
rb1805,20171130,20171129,210004500,3963.0,21550,2894210,854139740.0,3964.0,16,3963.0,345
rb1805,20171130,20171129,210005000,3963.0,22184,2893978,879268420.0,3964.0,480,3963.0,178
rb1805,20171130,20171129,210005500,3963.0,22784,2894004,903048900.0,3964.0,402,3963.0,47
rb1805,20171130,20171129,210006000,3964.0,23382,2894290,926749040.0,3963.0,1,3962.0,9
rb1805,20171130,20171129,210006500,3961.0,24010,2894292,951632080.0,3962.0,508,3961.0,2052
rb1805,20171130,20171129,210007000,3962.0,24746,2893674,980790160.0,3962.0,356,3961.0,1951
rb1805,20171130,20171129,210007500,3962.0,25152,2893650,996874520.0,3962.0,79,3961.0,1882
rb1805,20171130,20171129,210008000,3961.0,25650,2893542,1016601580.0,3962.0,27,3961.0,1698
rb1805,20171130,20171129,210008500,3962.0,26640,2892776,1055825380.0,3963.0,737,3962.0,61
rb1805,20171130,20171129,210009000,3962.0,26924,2892782,1067078160.0,3963.0,704,3962.0,217
rb1805,20171130,20171129,210009500,3962.0,27082,2892780,1073338380.0,3963.0,704,3962.0,218
rb1805,20171130,20171129,210010000,3962.0,28436,2892938,1126996080.0,3963.0,118,3962.0,178
rb1805,20171130,20171129,210010500,3961.0,29336,2892930,1162658240.0,3964.0,701,3963.0,8
rb1805,20171130,20171129,210011000,3963.0,30488,2892682,1208319960.0,3964.0,289,3963.0,21
rb1805,20171130,20171129,210011500,3962.0,31026,2893058,1229636140.0,3962.0,411,3961.0,1617
rb1805,20171130,20171129,210012000,3962.0,31270,2893170,1239302880.0,3962.0,476,3961.0,1542
rb1805,20171130,20171129,210012500,3963.0,32568,2893546,1290731340.0,3963.0,93,3962.0,441
rb1805,20171130,20171129,210013000,3963.0,32960,2893832,1306266700.0,3964.0,299,3963.0,183
rb1805,20171130,20171129,210013500,3963.0,33090,2893896,1311418960.0,3964.0,283,3963.0,236
rb1805,20171130,20171129,210014000,3963.0,33432,2894014,1324972580.0,3964.0,280,3963.0,180
rb1805,20171130,20171129,210014500,3963.0,33816,2894014,1340190680.0,3963.0,112,3962.0,470
rb1805,20171130,20171129,210015000,3963.0,33964,2894006,1346055720.0,3963.0,167,3962.0,464
rb1805,20171130,20171129,210015500,3963.0,34176,2894014,1354456820.0,3963.0,156,3962.0,455
rb1805,20171130,20171129,210016000,3962.0,34244,2893984,1357151420.0,3963.0,152,3962.0,443
rb1805,20171130,20171129,210016500,3961.0,35166,2893154,1393681200.0,3962.0,71,3961.0,1450
rb1805,20171130,20171129,210017000,3962.0,35376,2893020,1402000200.0,3962.0,144,3961.0,1389
rb1805,20171130,20171129,210017500,3961.0,35488,2893052,1406437440.0,3962.0,139,3961.0,1364
rb1805,20171130,20171129,210018000,3962.0,37078,2893158,1469421140.0,3962.0,312,3961.0,760
rb1805,20171130,20171129,210018500,3962.0,38032,2893560,1507211120.0,3962.0,253,3961.0,385
rb1805,20171130,20171129,210019000,3961.0,38908,2893788,1541910260.0,3961.0,272,3960.0,713
rb1805,20171130,20171129,210019500,3961.0,39312,2894116,1557909300.0,3961.0,340,3960.0,544
rb1805,20171130,20171129,210020000,3960.0,39774,2894448,1576208700.0,3961.0,151,3960.0,522
rb1805,20171130,20171129,210020500,3960.0,39842,2894500,1578901600.0,3961.0,162,3960.0,495
rb1805,20171130,20171129,210021000,3961.0,40524,2894712,1605917900.0,3962.0,157,3961.0,3
rb1805,20171130,20171129,210021500,3961.0,40842,2894994,1618512540.0,3962.0,158,3960.0,410
rb1805,20171130,20171129,210022000,3960.0,41146,2895154,1630553220.0,3962.0,116,3960.0,406
rb1805,20171130,20171129,210022500,3960.0,41516,2894984,1645206860.0,3962.0,138,3960.0,310
rb1805,20171130,20171129,210023000,3962.0,42076,2894620,1667391580.0,3963.0,223,3962.0,295
rb1805,20171130,20171129,210023500,3963.0,42466,2894270,1682843820.0,3963.0,204,3962.0,133
rb1805,20171130,20171129,210024000,3962.0,42834,2894046,1697423500.0,3962.0,173,3961.0,25
rb1805,20171130,20171129,210024500,3961.0,43442,2893762,1721507780.0,3962.0,56,3961.0,10
rb1805,20171130,20171129,210025000,3961.0,43574,2893688,1726736060.0,3962.0,170,3961.0,1
rb1805,20171130,20171129,210025500,3961.0,43660,2893634,1730142580.0,3962.0,204,3961.0,18
rb1805,20171130,20171129,210026000,3962.0,44246,2893226,1753359560.0,3963.0,268,3962.0,232
rb1805,20171130,20171129,210026500,3962.0,44822,2893092,1776181180.0,3963.0,245,3962.0,30
rb1805,20171130,20171129,210027000,3961.0,45278,2893010,1794247340.0,3962.0,129,3961.0,6
rb1805,20171130,20171129,210027500,3961.0,45788,2893268,1814451960.0,3961.0,12,3960.0,264
rb1805,20171130,20171129,210028000,3962.0,45872,2893266,1817779040.0,3962.0,74,3961.0,40
rb1805,20171130,20171129,210028500,3962.0,45926,2893268,1819918220.0,3962.0,108,3961.0,35
rb1805,20171130,20171129,210029000,3961.0,45974,2893286,1821819620.0,3962.0,126,3961.0,22
rb1805,20171130,20171129,210029500,3962.0,46074,2893242,1825781320.0,3962.0,121,3961.0,39
rb1805,20171130,20171129,210030000,3962.0,46198,2893258,1830693920.0,3962.0,77,3961.0,44
rb1805,20171130,20171129,210030500,3961.0,46306,2893314,1834971960.0,3961.0,4,3960.0,285
rb1805,20171130,20171129,210031000,3961.0,46368,2893326,1837427960.0,3962.0,98,3961.0,218
rb1805,20171130,20171129,210031500,3961.0,46414,2893346,1839250220.0,3962.0,103,3961.0,270
rb1805,20171130,20171129,210032000,3961.0,46454,2893330,1840834940.0,3962.0,97,3961.0,290
rb1805,20171130,20171129,210032500,3961.0,46580,2893424,1845825920.0,3962.0,362,3961.0,242
rb1805,20171130,20171129,210033000,3961.0,46746,2893528,1852401580.0,3962.0,360,3961.0,194
rb1805,20171130,20171129,210033500,3962.0,46794,2893554,1854303220.0,3962.0,405,3961.0,192
rb1805,20171130,20171129,210034000,3961.0,47046,2893698,1864285820.0,3962.0,371,3961.0,113
rb1805,20171130,20171129,210034500,3962.0,47238,2893592,1871891880.0,3962.0,382,3961.0,68
rb1805,20171130,20171129,210035000,3961.0,47488,2893736,1881794740.0,3961.0,1,3960.0,383
rb1805,20171130,20171129,210035500,3961.0,47534,2893738,1883617020.0,3961.0,17,3960.0,380
rb1805,20171130,20171129,210036000,3960.0,47860,2893766,1896528280.0,3961.0,29,3960.0,300
rb1805,20171130,20171129,210036500,3961.0,47944,2893802,1899855360.0,3961.0,94,3960.0,293
rb1805,20171130,20171129,210037000,3960.0,47992,2893846,1901756560.0,3961.0,99,3960.0,292
rb1805,20171130,20171129,210037500,3961.0,49420,2893850,1958315520.0,3962.0,491,3961.0,16
rb1805,20171130,20171129,210038000,3960.0,49652,2893778,1967503100.0,3960.0,5,3959.0,265
rb1805,20171130,20171129,210038500,3959.0,49814,2893812,1973919060.0,3961.0,193,3959.0,238
rb1805,20171130,20171129,210039000,3959.0,50940,2893266,2018497220.0,3959.0,15,3958.0,446
rb1805,20171130,20171129,210039500,3959.0,51678,2893186,2047712940.0,3960.0,17,3958.0,361
rb1805,20171130,20171129,210040000,3958.0,51878,2893186,2055632000.0,3959.0,5,3958.0,354
rb1805,20171130,20171129,210040500,3959.0,51980,2893152,2059670420.0,3960.0,19,3959.0,75
rb1805,20171130,20171129,210041000,3961.0,52128,2893144,2065530440.0,3961.0,178,3959.0,35
rb1805,20171130,20171129,210041500,3959.0,52230,2893104,2069569680.0,3961.0,174,3959.0,202
rb1805,20171130,20171129,210042000,3961.0,52374,2893058,2075271160.0,3961.0,182,3959.0,259
rb1805,20171130,20171129,210042500,3961.0,53594,2892882,2123586860.0,3962.0,532,3961.0,378
rb1805,20171130,20171129,210043000,3962.0,54172,2893032,2146486460.0,3962.0,280,3961.0,590
rb1805,20171130,20171129,210043500,3962.0,54716,2893058,2168037080.0,3962.0,135,3961.0,524
rb1805,20171130,20171129,210044000,3962.0,55100,2893070,2183250180.0,3963.0,329,3962.0,618
rb1805,20171130,20171129,210044500,3962.0,55358,2892830,2193472180.0,3963.0,330,3962.0,549
rb1805,20171130,20171129,210045000,3963.0,55824,2893008,2211938880.0,3963.0,154,3962.0,523
rb1805,20171130,20171129,210045500,3962.0,55914,2892974,2215505000.0,3963.0,147,3962.0,497
rb1805,20171130,20171129,210046000,3962.0,55998,2892954,2218833220.0,3963.0,139,3962.0,463
rb1805,20171130,20171129,210046500,3962.0,56066,2892952,2221527460.0,3963.0,161,3962.0,633
rb1805,20171130,20171129,210047000,3962.0,56128,2892956,2223983980.0,3963.0,185,3962.0,608
rb1805,20171130,20171129,210047500,3963.0,56338,2893040,2232305780.0,3963.0,134,3962.0,583
rb1805,20171130,20171129,210048000,3962.0,56428,2893034,2235871960.0,3963.0,110,3962.0,568
rb1805,20171130,20171129,210048500,3962.0,56570,2893052,2241499300.0,3963.0,66,3962.0,568
rb1805,20171130,20171129,210049000,3963.0,56746,2893152,2248474060.0,3963.0,17,3962.0,570
rb1805,20171130,20171129,210049500,3963.0,56870,2893162,2253387860.0,3963.0,65,3962.0,556
rb1805,20171130,20171129,210050000,3962.0,57160,2892980,2264878980.0,3963.0,37,3962.0,482
rb1805,20171130,20171129,210050500,3963.0,57198,2892968,2266384700.0,3963.0,62,3962.0,471
rb1805,20171130,20171129,210051000,3963.0,57282,2892900,2269713160.0,3963.0,50,3962.0,449
rb1805,20171130,20171129,210051500,3962.0,57328,2892908,2271535940.0,3963.0,66,3962.0,441
rb1805,20171130,20171129,210052000,3963.0,57378,2892902,2273517260.0,3963.0,68,3962.0,433
rb1805,20171130,20171129,210052500,3963.0,57468,2892916,2277083780.0,3963.0,52,3962.0,426
rb1805,20171130,20171129,210053000,3963.0,57628,2892906,2283424220.0,3963.0,3,3962.0,408
rb1805,20171130,20171129,210053500,3963.0,57664,2892924,2284850900.0,3964.0,470,3963.0,66
rb1805,20171130,20171129,210054000,3964.0,58140,2892640,2303716540.0,3964.0,389,3963.0,133
rb1805,20171130,20171129,210054500,3963.0,58250,2892598,2308076380.0,3964.0,364,3963.0,166
rb1805,20171130,20171129,210055000,3963.0,58418,2892496,2314734680.0,3964.0,345,3963.0,201
rb1805,20171130,20171129,210055500,3963.0,58854,2892340,2332013480.0,3963.0,165,3962.0,421
rb1805,20171130,20171129,210056000,3963.0,59026,2892192,2338829780.0,3963.0,118,3962.0,417
rb1805,20171130,20171129,210056500,3963.0,59238,2892112,2347231300.0,3963.0,39,3962.0,417
rb1805,20171130,20171129,210057000,3964.0,59440,2892166,2355236700.0,3964.0,343,3962.0,430
rb1805,20171130,20171129,210057500,3963.0,59532,2892142,2358882800.0,3964.0,338,3963.0,175
rb1805,20171130,20171129,210058000,3964.0,59778,2892104,2368633260.0,3964.0,264,3963.0,180
rb1805,20171130,20171129,210058500,3963.0,59928,2892154,2374577960.0,3964.0,265,3963.0,225
rb1805,20171130,20171129,210059000,3963.0,60378,2892050,2392415720.0,3964.0,52,3963.0,227
rb1805,20171130,20171129,210059500,3963.0,60618,2892048,2401929280.0,3965.0,398,3963.0,202
rb1805,20171130,20171129,210100000,3964.0,60702,2892058,2405258680.0,3964.0,2,3963.0,185
rb1805,20171130,20171129,210100500,3964.0,60822,2892110,2410015520.0,3964.0,148,3963.0,181
rb1805,20171130,20171129,210101000,3964.0,60900,2892074,2413107320.0,3964.0,186,3963.0,179
rb1805,20171130,20171129,210101500,3963.0,61000,2892082,2417071140.0,3964.0,359,3963.0,166
rb1805,20171130,20171129,210102000,3963.0,61180,2892070,2424204900.0,3964.0,355,3963.0,95
rb1805,20171130,20171129,210102500,3963.0,61730,2891868,2445998240.0,3963.0,95,3962.0,280
rb1805,20171130,20171129,210103000,3963.0,62358,2891606,2470889060.0,3964.0,208,3963.0,24
rb1805,20171130,20171129,210103500,3964.0,62664,2891632,2483014700.0,3963.0,6,3962.0,202
rb1805,20171130,20171129,210104000,3963.0,63160,2891888,2502669180.0,3964.0,202,3963.0,200
rb1805,20171130,20171129,210104500,3964.0,63510,2891968,2516540060.0,3964.0,243,3963.0,81
rb1805,20171130,20171129,210105000,3963.0,63594,2891966,2519869600.0,3964.0,228,3963.0,99
rb1805,20171130,20171129,210105500,3962.0,64164,2891726,2542457000.0,3962.0,28,3961.0,463
rb1805,20171130,20171129,210106000,3962.0,64300,2891766,2547845840.0,3963.0,228,3962.0,233
rb1805,20171130,20171129,210106500,3962.0,64376,2891792,2550857640.0,3963.0,230,3962.0,245
rb1805,20171130,20171129,210107000,3963.0,64670,2891850,2562506900.0,3963.0,222,3962.0,142
rb1805,20171130,20171129,210107500,3962.0,65000,2891886,2575581760.0,3962.0,107,3961.0,494
rb1805,20171130,20171129,210108000,3962.0,65218,2891888,2584218720.0,3962.0,143,3961.0,488
rb1805,20171130,20171129,210108500,3962.0,65558,2892050,2597688660.0,3962.0,85,3961.0,443
rb1805,20171130,20171129,210109000,3962.0,65708,2892162,2603631300.0,3962.0,133,3961.0,427
rb1805,20171130,20171129,210109500,3962.0,65942,2892224,2612902260.0,3962.0,18,3961.0,423
rb1805,20171130,20171129,210110000,3962.0,66012,2892252,2615675320.0,3962.0,5,3961.0,408
rb1805,20171130,20171129,210110500,3962.0,66070,2892302,2617972840.0,3963.0,330,3962.0,1
rb1805,20171130,20171129,210111000,3962.0,66216,2892322,2623757320.0,3962.0,157,3961.0,387
rb1805,20171130,20171129,210111500,3961.0,66254,2892352,2625262560.0,3962.0,264,3961.0,372
rb1805,20171130,20171129,210112000,3962.0,66988,2892920,2654338520.0,3962.0,194,3961.0,146
rb1805,20171130,20171129,210112500,3961.0,67364,2892848,2669231860.0,3961.0,282,3960.0,143
rb1805,20171130,20171129,210113000,3961.0,67424,2892904,2671608460.0,3961.0,266,3960.0,152
rb1805,20171130,20171129,210113500,3961.0,68148,2893118,2700285080.0,3962.0,213,3960.0,103
rb1805,20171130,20171129,210114000,3961.0,68226,2893142,2703374760.0,3962.0,215,3961.0,7
rb1805,20171130,20171129,210114500,3961.0,68254,2893160,2704483920.0,3962.0,231,3961.0,56
rb1805,20171130,20171129,210115000,3961.0,68320,2893154,2707098340.0,3962.0,229,3961.0,56
rb1805,20171130,20171129,210115500,3961.0,68358,2893180,2708603800.0,3962.0,205,3961.0,54
rb1805,20171130,20171129,210116000,3960.0,68510,2893190,2714624560.0,3961.0,1,3960.0,230
rb1805,20171130,20171129,210116500,3961.0,68566,2893192,2716842480.0,3961.0,2,3960.0,224
rb1805,20171130,20171129,210117000,3961.0,68658,2893224,2720486620.0,3962.0,212,3961.0,67
rb1805,20171130,20171129,210117500,3961.0,68834,2893320,2727457960.0,3961.0,52,3960.0,242
rb1805,20171130,20171129,210118000,3960.0,69126,2893382,2739023640.0,3961.0,25,3960.0,258
rb1805,20171130,20171129,210118500,3962.0,69792,2893306,2765400420.0,3962.0,196,3961.0,14
rb1805,20171130,20171129,210119000,3962.0,69906,2893348,2769916180.0,3962.0,188,3961.0,523
rb1805,20171130,20171129,210119500,3962.0,69930,2893350,2770866920.0,3962.0,198,3961.0,543
rb1805,20171130,20171129,210120000,3961.0,69988,2893362,2773164540.0,3962.0,175,3961.0,553
rb1805,20171130,20171129,210120500,3961.0,70092,2893332,2777284500.0,3962.0,155,3961.0,547
rb1805,20171130,20171129,210121000,3961.0,70180,2893398,2780770340.0,3962.0,153,3961.0,514
rb1805,20171130,20171129,210121500,3962.0,70256,2893448,2783780780.0,3962.0,182,3961.0,484
rb1805,20171130,20171129,210122000,3961.0,70288,2893464,2785048380.0,3962.0,185,3961.0,474
rb1805,20171130,20171129,210122500,3961.0,70302,2893474,2785602940.0,3962.0,189,3961.0,474
rb1805,20171130,20171129,210123000,3962.0,70784,2893668,2804699120.0,3963.0,271,3962.0,136
rb1805,20171130,20171129,210123500,3962.0,70838,2893720,2806838600.0,3963.0,284,3962.0,151
rb1805,20171130,20171129,210124000,3963.0,71000,2893760,2813257700.0,3963.0,250,3962.0,318
rb1805,20171130,20171129,210124500,3962.0,71246,2893820,2823006320.0,3963.0,150,3962.0,331
rb1805,20171130,20171129,210125000,3963.0,71584,2893810,2836401180.0,3964.0,541,3963.0,55
rb1805,20171130,20171129,210125500,3963.0,71630,2893788,2838224160.0,3964.0,547,3963.0,75
rb1805,20171130,20171129,210126000,3963.0,71856,2893710,2847180620.0,3964.0,543,3963.0,48
rb1805,20171130,20171129,210126500,3963.0,71906,2893692,2849162140.0,3964.0,542,3963.0,46
rb1805,20171130,20171129,210127000,3963.0,71944,2893662,2850668120.0,3964.0,566,3963.0,50
rb1805,20171130,20171129,210127500,3963.0,72268,2893692,2863508960.0,3964.0,530,3963.0,84
rb1805,20171130,20171129,210128000,3964.0,72422,2893586,2869613100.0,3964.0,574,3963.0,89
rb1805,20171130,20171129,210128500,3963.0,72526,2893524,2873735440.0,3964.0,552,3963.0,84
rb1805,20171130,20171129,210129000,3963.0,72576,2893492,2875716980.0,3964.0,552,3963.0,62
rb1805,20171130,20171129,210129500,3963.0,72734,2893548,2881979380.0,3964.0,509,3963.0,26
rb1805,20171130,20171129,210130000,3963.0,72820,2893586,2885387840.0,3963.0,37,3962.0,101
rb1805,20171130,20171129,210130500,3963.0,72828,2893594,2885704860.0,3963.0,52,3962.0,111
rb1805,20171130,20171129,210131000,3962.0,72870,2893618,2887369160.0,3963.0,45,3962.0,101
rb1805,20171130,20171129,210131500,3963.0,72936,2893606,2889984720.0,3963.0,40,3962.0,100
rb1805,20171130,20171129,210132000,3963.0,72966,2893610,2891173580.0,3963.0,49,3962.0,103
rb1805,20171130,20171129,210132500,3963.0,73000,2893636,2892520800.0,3963.0,70,3962.0,98
rb1805,20171130,20171129,210133000,3962.0,73098,2893670,2896404240.0,3963.0,160,3962.0,108
rb1805,20171130,20171129,210133500,3962.0,73120,2893678,2897276000.0,3963.0,296,3962.0,100
rb1805,20171130,20171129,210134000,3962.0,73312,2893764,2904883140.0,3963.0,302,3962.0,18
rb1805,20171130,20171129,210134500,3962.0,73420,2893738,2909162920.0,3963.0,277,3962.0,6
rb1805,20171130,20171129,210135000,3962.0,73450,2893722,2910351640.0,3962.0,2,3961.0,518
rb1805,20171130,20171129,210135500,3962.0,73500,2893716,2912332700.0,3963.0,279,3962.0,71
rb1805,20171130,20171129,210136000,3963.0,73658,2893634,2918593420.0,3963.0,244,3962.0,45
rb1805,20171130,20171129,210136500,3962.0,73886,2893590,2927628960.0,3963.0,145,3962.0,99
rb1805,20171130,20171129,210137000,3962.0,73950,2893564,2930164880.0,3963.0,116,3962.0,83
rb1805,20171130,20171129,210137500,3962.0,74060,2893588,2934523700.0,3963.0,108,3962.0,140
rb1805,20171130,20171129,210138000,3963.0,74108,2893610,2936425600.0,3963.0,99,3962.0,127
rb1805,20171130,20171129,210138500,3962.0,74146,2893618,2937931220.0,3963.0,105,3962.0,117
rb1805,20171130,20171129,210139000,3963.0,74244,2893648,2941814260.0,3963.0,132,3962.0,82
rb1805,20171130,20171129,210139500,3963.0,74532,2893734,2953227280.0,3963.0,9,3962.0,82
rb1805,20171130,20171129,210140000,3963.0,74600,2893758,2955922060.0,3963.0,7,3962.0,80
rb1805,20171130,20171129,210140500,3963.0,74648,2893770,2957823960.0,3963.0,28,3962.0,94
rb1805,20171130,20171129,210141000,3963.0,74726,2893726,2960914620.0,3963.0,32,3962.0,72
rb1805,20171130,20171129,210141500,3962.0,74934,2893798,2969157600.0,3963.0,43,3962.0,90
rb1805,20171130,20171129,210142000,3962.0,74970,2893824,2970584220.0,3963.0,57,3962.0,89
rb1805,20171130,20171129,210142500,3962.0,75184,2893828,2979063060.0,3963.0,68,3962.0,53
rb1805,20171130,20171129,210143000,3962.0,75246,2893886,2981519540.0,3963.0,135,3962.0,24
rb1805,20171130,20171129,210143500,3963.0,75492,2893982,2991268440.0,3963.0,47,3962.0,200
rb1805,20171130,20171129,210144000,3962.0,75580,2893978,2994755120.0,3963.0,49,3962.0,166
rb1805,20171130,20171129,210144500,3962.0,75654,2894020,2997687380.0,3963.0,55,3962.0,148
rb1805,20171130,20171129,210145000,3963.0,75798,2894024,3003393440.0,3963.0,16,3962.0,119
rb1805,20171130,20171129,210145500,3963.0,75884,2894086,3006801180.0,3963.0,23,3962.0,116
rb1805,20171130,20171129,210146000,3963.0,76000,2894036,3011398280.0,3964.0,794,3963.0,165
rb1805,20171130,20171129,210146500,3963.0,76454,2894146,3029392520.0,3964.0,692,3963.0,53
rb1805,20171130,20171129,210147000,3963.0,76472,2894152,3030105900.0,3964.0,690,3963.0,53
rb1805,20171130,20171129,210147500,3964.0,76496,2894156,3031057140.0,3964.0,693,3963.0,53
rb1805,20171130,20171129,210148000,3963.0,76550,2894188,3033197460.0,3964.0,679,3963.0,33
rb1805,20171130,20171129,210148500,3963.0,76572,2894196,3034069460.0,3964.0,676,3963.0,30
rb1805,20171130,20171129,210149000,3964.0,76704,2894214,3039300560.0,3964.0,665,3962.0,236
rb1805,20171130,20171129,210149500,3962.0,76718,2894224,3039855300.0,3963.0,10,3962.0,234
rb1805,20171130,20171129,210150000,3964.0,76766,2894266,3041757560.0,3964.0,670,3963.0,29
rb1805,20171130,20171129,210150500,3964.0,77040,2894278,3052618500.0,3964.0,561,3963.0,16
rb1805,20171130,20171129,210151000,3963.0,77244,2894288,3060704320.0,3964.0,522,3963.0,20
rb1805,20171130,20171129,210151500,3964.0,77276,2894286,3061972680.0,3964.0,514,3963.0,79
rb1805,20171130,20171129,210152000,3963.0,77324,2894322,3063875000.0,3964.0,520,3963.0,86
rb1805,20171130,20171129,210152500,3963.0,77402,2894302,3066966220.0,3964.0,516,3963.0,105
rb1805,20171130,20171129,210153000,3963.0,77642,2894232,3076477600.0,3964.0,508,3963.0,3
rb1805,20171130,20171129,210153500,3964.0,77738,2894236,3080282140.0,3964.0,518,3963.0,50
rb1805,20171130,20171129,210154000,3963.0,77810,2894288,3083136060.0,3964.0,484,3963.0,108
rb1805,20171130,20171129,210154500,3963.0,77822,2894296,3083611620.0,3964.0,525,3963.0,230
rb1805,20171130,20171129,210155000,3963.0,78220,2894488,3099387060.0,3964.0,391,3963.0,178
rb1805,20171130,20171129,210155500,3964.0,78674,2894178,3117383580.0,3964.0,181,3963.0,204
rb1805,20171130,20171129,210156000,3964.0,78798,2894218,3122298520.0,3964.0,140,3963.0,208
rb1805,20171130,20171129,210156500,3963.0,79378,2893974,3145285420.0,3963.0,4,3962.0,374
rb1805,20171130,20171129,210157000,3963.0,79484,2894018,3149486480.0,3964.0,69,3963.0,102
rb1805,20171130,20171129,210157500,3964.0,79676,2894034,3157097240.0,3965.0,1134,3964.0,39
rb1805,20171130,20171129,210158000,3965.0,79750,2894078,3160031040.0,3965.0,1233,3964.0,25
rb1805,20171130,20171129,210158500,3964.0,79942,2894178,3167641900.0,3965.0,1233,3964.0,137
rb1805,20171130,20171129,210159000,3964.0,80064,2894256,3172478060.0,3965.0,1184,3964.0,150
rb1805,20171130,20171129,210159500,3964.0,80154,2894324,3176046460.0,3965.0,1145,3964.0,151
rb1805,20171130,20171129,210200000,3964.0,80238,2894364,3179376560.0,3965.0,1118,3964.0,137
rb1805,20171130,20171129,210200500,3965.0,80298,2894394,3181755480.0,3965.0,1082,3964.0,154
rb1805,20171130,20171129,210201000,3965.0,80466,2894430,3188416240.0,3965.0,1027,3964.0,137
rb1805,20171130,20171129,210201500,3965.0,80524,2894444,3190715820.0,3965.0,1004,3964.0,152
rb1805,20171130,20171129,210202000,3965.0,80880,2894598,3204830620.0,3965.0,869,3964.0,124
rb1805,20171130,20171129,210202500,3965.0,82668,2894838,3275724760.0,3966.0,320,3965.0,2
rb1805,20171130,20171129,210203000,3966.0,83032,2894972,3290159640.0,3966.0,205,3965.0,177
rb1805,20171130,20171129,210203500,3966.0,83534,2894906,3310069020.0,3967.0,354,3966.0,8
rb1805,20171130,20171129,210204000,3967.0,83776,2894978,3319667120.0,3967.0,345,3966.0,135
rb1805,20171130,20171129,210204500,3966.0,84218,2895114,3337199580.0,3967.0,208,3966.0,120
rb1805,20171130,20171129,210205000,3966.0,84420,2895048,3345212620.0,3967.0,127,3966.0,128
rb1805,20171130,20171129,210205500,3966.0,84486,2895034,3347830620.0,3967.0,185,3966.0,175
rb1805,20171130,20171129,210206000,3967.0,84908,2895114,3364568920.0,3967.0,201,3966.0,54
rb1805,20171130,20171129,210206500,3965.0,85154,2895130,3374325340.0,3966.0,4,3965.0,467
rb1805,20171130,20171129,210207000,3966.0,85206,2895128,3376387620.0,3966.0,104,3965.0,466
rb1805,20171130,20171129,210207500,3965.0,85500,2895136,3388047480.0,3966.0,10,3965.0,457
rb1805,20171130,20171129,210208000,3966.0,85630,2895102,3393203660.0,3966.0,5,3965.0,461
rb1805,20171130,20171129,210208500,3967.0,86006,2894966,3408115160.0,3967.0,277,3966.0,2
rb1805,20171130,20171129,210209000,3966.0,86126,2895028,3412874620.0,3967.0,422,3966.0,13
rb1805,20171130,20171129,210209500,3966.0,86522,2894886,3428579220.0,3967.0,424,3966.0,55
rb1805,20171130,20171129,210210000,3967.0,86670,2894880,3434449400.0,3967.0,403,3966.0,12
rb1805,20171130,20171129,210210500,3965.0,87330,2894984,3460630880.0,3967.0,113,3965.0,176
rb1805,20171130,20171129,210211000,3965.0,87432,2894936,3464676140.0,3966.0,40,3965.0,194
rb1805,20171130,20171129,210211500,3966.0,87524,2894946,3468324840.0,3967.0,140,3966.0,199
rb1805,20171130,20171129,210212000,3966.0,87778,2894980,3478400680.0,3967.0,75,3966.0,185
rb1805,20171130,20171129,210212500,3966.0,87850,2895016,3481256600.0,3967.0,70,3966.0,191
rb1805,20171130,20171129,210213000,3967.0,88254,2895340,3497279680.0,3967.0,45,3966.0,25
rb1805,20171130,20171129,210213500,3966.0,88356,2895400,3501325040.0,3966.0,49,3965.0,199
rb1805,20171130,20171129,210214000,3966.0,88542,2895526,3508702480.0,3967.0,115,3966.0,37
rb1805,20171130,20171129,210214500,3967.0,88850,2895464,3520918580.0,3967.0,77,3966.0,7
rb1805,20171130,20171129,210215000,3966.0,88902,2895472,3522980960.0,3966.0,10,3965.0,527
rb1805,20171130,20171129,210215500,3966.0,89048,2895500,3528772000.0,3967.0,120,3966.0,110
rb1805,20171130,20171129,210216000,3966.0,89150,2895560,3532818040.0,3967.0,123,3966.0,175
rb1805,20171130,20171129,210216500,3967.0,89466,2895734,3545351500.0,3967.0,99,3966.0,112
rb1805,20171130,20171129,210217000,3967.0,89838,2895908,3560107340.0,3968.0,794,3967.0,40
rb1805,20171130,20171129,210217500,3966.0,90044,2895870,3568279460.0,3967.0,50,3966.0,103
rb1805,20171130,20171129,210218000,3967.0,90194,2895858,3574229840.0,3967.0,18,3966.0,121
rb1805,20171130,20171129,210218500,3967.0,90524,2896008,3587321740.0,3968.0,780,3967.0,44
rb1805,20171130,20171129,210219000,3968.0,90688,2895972,3593828020.0,3968.0,761,3967.0,24
rb1805,20171130,20171129,210219500,3968.0,91286,2896068,3617555920.0,3968.0,527,3967.0,18
rb1805,20171130,20171129,210220000,3968.0,92190,2896334,3653424780.0,3968.0,191,3967.0,58
rb1805,20171130,20171129,210220500,3968.0,92656,2896442,3671915000.0,3969.0,346,3968.0,337
rb1805,20171130,20171129,210221000,3968.0,92842,2896486,3679296000.0,3969.0,327,3968.0,324
rb1805,20171130,20171129,210221500,3969.0,93450,2896654,3703426780.0,3969.0,62,3968.0,299
rb1805,20171130,20171129,210222000,3969.0,94080,2896490,3728433500.0,3970.0,314,3969.0,123
rb1805,20171130,20171129,210222500,3970.0,94444,2896568,3742881680.0,3970.0,273,3969.0,140
rb1805,20171130,20171129,210223000,3970.0,95796,2896150,3796562320.0,3972.0,171,3970.0,4
rb1805,20171130,20171129,210223500,3972.0,96208,2896232,3812920900.0,3972.0,192,3970.0,538
rb1805,20171130,20171129,210224000,3970.0,96890,2896260,3839999380.0,3971.0,21,3970.0,410
rb1805,20171130,20171129,210224500,3971.0,97754,2896808,3874301400.0,3971.0,80,3970.0,74
rb1805,20171130,20171129,210225000,3970.0,99110,2896236,3928150380.0,3970.0,104,3969.0,210
rb1805,20171130,20171129,210225500,3970.0,99646,2896118,3949431260.0,3971.0,131,3970.0,201
rb1805,20171130,20171129,210226000,3971.0,100608,2896192,3987626460.0,3971.0,20,3970.0,76
rb1805,20171130,20171129,210226500,3970.0,101162,2896366,4009619460.0,3970.0,79,3969.0,113
rb1805,20171130,20171129,210227000,3970.0,101316,2896400,4015732980.0,3970.0,49,3969.0,126
rb1805,20171130,20171129,210227500,3970.0,101580,2896532,4026213340.0,3971.0,167,3970.0,157
rb1805,20171130,20171129,210228000,3970.0,101990,2896802,4042490940.0,3971.0,91,3970.0,62
rb1805,20171130,20171129,210228500,3971.0,102070,2896828,4045667360.0,3971.0,89,3970.0,102
rb1805,20171130,20171129,210229000,3970.0,102230,2896928,4052020580.0,3971.0,39,3970.0,322
rb1805,20171130,20171129,210229500,3972.0,102504,2897014,4062899720.0,3972.0,157,3970.0,313
rb1805,20171130,20171129,210230000,3972.0,102930,2896946,4079816680.0,3972.0,79,3971.0,1
rb1805,20171130,20171129,210230500,3971.0,103108,2897026,4086884540.0,3971.0,31,3970.0,286
rb1805,20171130,20171129,210231000,3971.0,103542,2897196,4104121000.0,3971.0,9,3970.0,272
rb1805,20171130,20171129,210231500,3972.0,103788,2897384,4113890300.0,3973.0,468,3971.0,57
rb1805,20171130,20171129,210232000,3971.0,104064,2897498,4124850740.0,3972.0,88,3971.0,45
rb1805,20171130,20171129,210232500,3972.0,104282,2897454,4133507800.0,3972.0,163,3970.0,297
rb1805,20171130,20171129,210233000,3971.0,104342,2897456,4135890580.0,3972.0,221,3971.0,124
rb1805,20171130,20171129,210233500,3972.0,104694,2897200,4149869940.0,3972.0,211,3971.0,69
rb1805,20171130,20171129,210234000,3971.0,104984,2897136,4161386560.0,3971.0,212,3970.0,297
rb1805,20171130,20171129,210234500,3971.0,105108,2897122,4166310580.0,3971.0,177,3970.0,300
rb1805,20171130,20171129,210235000,3971.0,105314,2897120,4174490020.0,3971.0,129,3970.0,266
rb1805,20171130,20171129,210235500,3971.0,105446,2897122,4179731520.0,3971.0,113,3970.0,257
rb1805,20171130,20171129,210236000,3971.0,106170,2897574,4208476420.0,3971.0,28,3970.0,6
rb1805,20171130,20171129,210236500,3970.0,106272,2897562,4212525900.0,3970.0,77,3969.0,257
rb1805,20171130,20171129,210237000,3970.0,106522,2897562,4222450480.0,3970.0,50,3969.0,237
rb1805,20171130,20171129,210237500,3970.0,106814,2897502,4234041260.0,3970.0,34,3969.0,156
rb1805,20171130,20171129,210238000,3971.0,107022,2897484,4242299340.0,3971.0,265,3970.0,92
rb1805,20171130,20171129,210238500,3971.0,107364,2897364,4255878920.0,3971.0,212,3970.0,77
rb1805,20171130,20171129,210239000,3971.0,107540,2897456,4262867440.0,3971.0,150,3970.0,120
rb1805,20171130,20171129,210239500,3970.0,107618,2897462,4265964220.0,3971.0,161,3970.0,128
rb1805,20171130,20171129,210240000,3971.0,107682,2897482,4268505300.0,3971.0,158,3970.0,135
rb1805,20171130,20171129,210240500,3970.0,108134,2897390,4286450220.0,3970.0,316,3969.0,161
rb1805,20171130,20171129,210241000,3970.0,108200,2897366,4289070360.0,3970.0,356,3969.0,152
rb1805,20171130,20171129,210241500,3970.0,108458,2897290,4299312200.0,3970.0,302,3969.0,134
rb1805,20171130,20171129,210242000,3970.0,108500,2897288,4300979580.0,3970.0,346,3969.0,128
rb1805,20171130,20171129,210242500,3969.0,108616,2897242,4305584400.0,3970.0,335,3969.0,134
rb1805,20171130,20171129,210243000,3970.0,108710,2897168,4309315880.0,3970.0,319,3969.0,121
rb1805,20171130,20171129,210243500,3969.0,108814,2897156,4313444580.0,3970.0,287,3969.0,127
rb1805,20171130,20171129,210244000,3969.0,109142,2897314,4326463160.0,3969.0,189,3968.0,271
rb1805,20171130,20171129,210244500,3969.0,109268,2897368,4331463660.0,3969.0,151,3968.0,252
rb1805,20171130,20171129,210245000,3969.0,109320,2897392,4333527540.0,3969.0,137,3968.0,274
rb1805,20171130,20171129,210245500,3969.0,109386,2897414,4336146900.0,3969.0,116,3968.0,271
rb1805,20171130,20171129,210246000,3969.0,109690,2897410,4348210220.0,3969.0,96,3968.0,162
rb1805,20171130,20171129,210246500,3969.0,110006,2897630,4360751300.0,3970.0,325,3969.0,211
rb1805,20171130,20171129,210247000,3969.0,110282,2897580,4371706400.0,3970.0,298,3969.0,126
rb1805,20171130,20171129,210247500,3969.0,110796,2897384,4392111520.0,3970.0,149,3969.0,112
rb1805,20171130,20171129,210248000,3969.0,111214,2897588,4408704760.0,3970.0,22,3969.0,151
rb1805,20171130,20171129,210248500,3969.0,111674,2897996,4426960860.0,3970.0,84,3969.0,2
rb1805,20171130,20171129,210249000,3969.0,111760,2897978,4430374200.0,3969.0,71,3968.0,158
rb1805,20171130,20171129,210249500,3969.0,111824,2897988,4432914300.0,3969.0,63,3968.0,193
rb1805,20171130,20171129,210250000,3969.0,111878,2897970,4435057500.0,3969.0,67,3968.0,186
rb1805,20171130,20171129,210250500,3969.0,111914,2897978,4436486280.0,3969.0,67,3968.0,264
rb1805,20171130,20171129,210251000,3968.0,112056,2897924,4442121980.0,3969.0,16,3968.0,252
rb1805,20171130,20171129,210251500,3969.0,112590,2897688,4463319300.0,3970.0,144,3969.0,65
rb1805,20171130,20171129,210252000,3969.0,112698,2897714,4467605940.0,3970.0,206,3969.0,107
rb1805,20171130,20171129,210252500,3969.0,112726,2897718,4468717260.0,3970.0,217,3969.0,129
rb1805,20171130,20171129,210253000,3970.0,112860,2897702,4474035980.0,3970.0,220,3969.0,109
rb1805,20171130,20171129,210253500,3969.0,112878,2897704,4474750420.0,3970.0,224,3969.0,180
rb1805,20171130,20171129,210254000,3970.0,112978,2897684,4478720200.0,3970.0,236,3969.0,193
rb1805,20171130,20171129,210254500,3969.0,113178,2897748,4486658820.0,3970.0,289,3969.0,130
rb1805,20171130,20171129,210255000,3969.0,113626,2897538,4504444240.0,3970.0,83,3969.0,166
rb1805,20171130,20171129,210255500,3970.0,113804,2897464,4511510460.0,3970.0,15,3969.0,165
rb1805,20171130,20171129,210256000,3970.0,114314,2897564,4531754680.0,3970.0,32,3969.0,25
rb1805,20171130,20171129,210256500,3970.0,114376,2897620,4534216080.0,3970.0,45,3969.0,30
rb1805,20171130,20171129,210257000,3969.0,114522,2897600,4540010900.0,3969.0,54,3968.0,626
rb1805,20171130,20171129,210257500,3969.0,114642,2897548,4544773460.0,3969.0,14,3968.0,610
rb1805,20171130,20171129,210258000,3969.0,114744,2897566,4548821920.0,3970.0,189,3969.0,47
rb1805,20171130,20171129,210258500,3970.0,114848,2897566,4552950020.0,3970.0,175,3969.0,25
rb1805,20171130,20171129,210259000,3969.0,115000,2897548,4558983760.0,3970.0,148,3969.0,16
rb1805,20171130,20171129,210259500,3970.0,115270,2897400,4569702060.0,3970.0,51,3969.0,53
rb1805,20171130,20171129,210300000,3969.0,115338,2897424,4572401120.0,3970.0,61,3969.0,124
rb1805,20171130,20171129,210300500,3969.0,115454,2897506,4577005960.0,3970.0,262,3969.0,125
rb1805,20171130,20171129,210301000,3969.0,115778,2897624,4589865820.0,3970.0,362,3969.0,2
rb1805,20171130,20171129,210301500,3969.0,115952,2897646,4596771840.0,3969.0,27,3968.0,615
rb1805,20171130,20171129,210302000,3969.0,116096,2897732,4602486460.0,3969.0,86,3968.0,583
rb1805,20171130,20171129,210302500,3969.0,116146,2897750,4604470860.0,3969.0,158,3968.0,578
rb1805,20171130,20171129,210303000,3968.0,117326,2897726,4651295440.0,3969.0,154,3968.0,98
rb1805,20171130,20171129,210303500,3968.0,117554,2897740,4660342480.0,3968.0,349,3967.0,493
rb1805,20171130,20171129,210304000,3968.0,117772,2897820,4668992620.0,3968.0,478,3967.0,498
rb1805,20171130,20171129,210304500,3967.0,118400,2898208,4693909580.0,3968.0,257,3967.0,417
rb1805,20171130,20171129,210305000,3968.0,118484,2898208,4697242680.0,3968.0,242,3967.0,400
rb1805,20171130,20171129,210305500,3968.0,118604,2898250,4702004200.0,3968.0,227,3967.0,430
rb1805,20171130,20171129,210306000,3968.0,118718,2898358,4706526800.0,3968.0,230,3967.0,391
rb1805,20171130,20171129,210306500,3967.0,118796,2898386,4709621180.0,3968.0,229,3967.0,357
rb1805,20171130,20171129,210307000,3968.0,119306,2898348,4729857120.0,3968.0,34,3967.0,320
rb1805,20171130,20171129,210307500,3967.0,119348,2898350,4731523280.0,3968.0,45,3967.0,310
rb1805,20171130,20171129,210308000,3967.0,119390,2898382,4733189580.0,3968.0,40,3967.0,342
rb1805,20171130,20171129,210308500,3968.0,119530,2898358,4738744320.0,3969.0,204,3967.0,321
rb1805,20171130,20171129,210309000,3967.0,119650,2898348,4743506500.0,3969.0,170,3967.0,306
rb1805,20171130,20171129,210309500,3969.0,119722,2898354,4746362900.0,3969.0,202,3968.0,30
rb1805,20171130,20171129,210310000,3968.0,119980,2898298,4756599300.0,3968.0,108,3967.0,200
rb1805,20171130,20171129,210310500,3967.0,120042,2898246,4759059180.0,3968.0,93,3967.0,190
rb1805,20171130,20171129,210311000,3968.0,120146,2898172,4763185900.0,3968.0,62,3967.0,171
rb1805,20171130,20171129,210311500,3967.0,120536,2898322,4778657640.0,3967.0,9,3966.0,201
rb1805,20171130,20171129,210312000,3966.0,120750,2898282,4787145000.0,3967.0,93,3966.0,60
rb1805,20171130,20171129,210312500,3966.0,121092,2898178,4800708220.0,3966.0,72,3965.0,475
rb1805,20171130,20171129,210313000,3966.0,121234,2898236,4806339540.0,3966.0,85,3965.0,444
rb1805,20171130,20171129,210313500,3965.0,121406,2898260,4813160340.0,3966.0,61,3965.0,407
rb1805,20171130,20171129,210314000,3965.0,121734,2898472,4826165760.0,3966.0,66,3965.0,264
rb1805,20171130,20171129,210314500,3966.0,121886,2898482,4832192880.0,3966.0,73,3965.0,231
rb1805,20171130,20171129,210315000,3965.0,122046,2898492,4838537020.0,3966.0,69,3965.0,185
rb1805,20171130,20171129,210315500,3965.0,122574,2898484,4859471640.0,3965.0,22,3964.0,382
rb1805,20171130,20171129,210316000,3965.0,122982,2898420,4875646040.0,3965.0,17,3964.0,242
rb1805,20171130,20171129,210316500,3965.0,123090,2898460,4879928420.0,3966.0,117,3965.0,51
rb1805,20171130,20171129,210317000,3966.0,123164,2898404,4882862620.0,3966.0,53,3965.0,58
rb1805,20171130,20171129,210317500,3965.0,123670,2898226,4902923200.0,3966.0,28,3965.0,21
rb1805,20171130,20171129,210318000,3965.0,123922,2898062,4912915060.0,3965.0,3,3964.0,106
rb1805,20171130,20171129,210318500,3965.0,123974,2898048,4914977020.0,3966.0,101,3965.0,107
rb1805,20171130,20171129,210319000,3966.0,124194,2897868,4923700180.0,3966.0,39,3965.0,35
rb1805,20171130,20171129,210319500,3965.0,124266,2897890,4926555280.0,3966.0,38,3965.0,22
rb1805,20171130,20171129,210320000,3965.0,124384,2897956,4931234160.0,3965.0,3,3964.0,138
rb1805,20171130,20171129,210320500,3965.0,125294,2898070,4967318540.0,3966.0,62,3965.0,220
rb1805,20171130,20171129,210321000,3965.0,125378,2898108,4970649840.0,3966.0,3,3965.0,216
rb1805,20171130,20171129,210321500,3966.0,125464,2898100,4974060600.0,3967.0,162,3966.0,4
rb1805,20171130,20171129,210322000,3966.0,125524,2898090,4976440020.0,3966.0,16,3965.0,336
rb1805,20171130,20171129,210322500,3965.0,125642,2898080,4981119160.0,3966.0,8,3965.0,334
rb1805,20171130,20171129,210323000,3966.0,125696,2898082,4983260400.0,3966.0,10,3965.0,328
rb1805,20171130,20171129,210323500,3966.0,125740,2898064,4985005240.0,3967.0,198,3966.0,5
rb1805,20171130,20171129,210324000,3966.0,125942,2897916,4993014880.0,3966.0,244,3965.0,274
rb1805,20171130,20171129,210324500,3965.0,126414,2897790,5011729820.0,3966.0,366,3965.0,47
rb1805,20171130,20171129,210325000,3965.0,126534,2897806,5016487820.0,3965.0,273,3964.0,210
rb1805,20171130,20171129,210325500,3965.0,126680,2897816,5022275840.0,3965.0,288,3964.0,155
rb1805,20171130,20171129,210326000,3964.0,127218,2897920,5043606640.0,3965.0,106,3964.0,112
rb1805,20171130,20171129,210326500,3965.0,127728,2898046,5063828480.0,3965.0,48,3964.0,103
rb1805,20171130,20171129,210327000,3964.0,127962,2898086,5073106200.0,3965.0,12,3964.0,92
rb1805,20171130,20171129,210327500,3965.0,128142,2898174,5080243920.0,3965.0,52,3964.0,90
rb1805,20171130,20171129,210328000,3964.0,128206,2898144,5082781160.0,3965.0,82,3964.0,87
rb1805,20171130,20171129,210328500,3964.0,128246,2898124,5084367020.0,3965.0,73,3964.0,174
rb1805,20171130,20171129,210329000,3965.0,128476,2897986,5093486380.0,3966.0,363,3965.0,157
rb1805,20171130,20171129,210329500,3965.0,128516,2897990,5095072620.0,3966.0,384,3965.0,168
rb1805,20171130,20171129,210330000,3965.0,128576,2897986,5097451740.0,3966.0,378,3965.0,150
rb1805,20171130,20171129,210330500,3965.0,128928,2898060,5111408540.0,3965.0,31,3964.0,385
rb1805,20171130,20171129,210331000,3964.0,128970,2898058,5113073520.0,3965.0,34,3964.0,446
rb1805,20171130,20171129,210331500,3965.0,128986,2898066,5113707840.0,3965.0,72,3964.0,447
rb1805,20171130,20171129,210332000,3965.0,129064,2898126,5116800020.0,3965.0,163,3964.0,388
rb1805,20171130,20171129,210332500,3964.0,129150,2898194,5120209600.0,3965.0,163,3964.0,386
rb1805,20171130,20171129,210333000,3965.0,129542,2897984,5135752420.0,3966.0,405,3965.0,17
rb1805,20171130,20171129,210333500,3964.0,129674,2897946,5140985740.0,3965.0,14,3964.0,369
rb1805,20171130,20171129,210334000,3965.0,129774,2897970,5144950680.0,3965.0,14,3964.0,368
rb1805,20171130,20171129,210334500,3965.0,129922,2897966,5150817980.0,3966.0,423,3965.0,16
rb1805,20171130,20171129,210335000,3965.0,130402,2897868,5169850400.0,3965.0,5,3964.0,323
rb1805,20171130,20171129,210335500,3965.0,130468,2897868,5172467240.0,3965.0,90,3964.0,328
rb1805,20171130,20171129,210336000,3966.0,130656,2897902,5179921440.0,3966.0,404,3965.0,26
rb1805,20171130,20171129,210336500,3966.0,131138,2897772,5199032760.0,3966.0,412,3964.0,282
rb1805,20171130,20171129,210337000,3964.0,131178,2897788,5200618840.0,3965.0,4,3964.0,413
rb1805,20171130,20171129,210337500,3965.0,131216,2897768,5202125420.0,3965.0,6,3964.0,421
rb1805,20171130,20171129,210338000,3965.0,131278,2897754,5204583340.0,3965.0,15,3964.0,402
rb1805,20171130,20171129,210338500,3964.0,131334,2897780,5206803480.0,3965.0,32,3964.0,389
rb1805,20171130,20171129,210339000,3966.0,131514,2897754,5213940500.0,3966.0,427,3965.0,121
rb1805,20171130,20171129,210339500,3965.0,131548,2897740,5215288600.0,3966.0,435,3965.0,104
rb1805,20171130,20171129,210340000,3965.0,131742,2897612,5222980840.0,3966.0,432,3965.0,28
rb1805,20171130,20171129,210340500,3965.0,131896,2897696,5229086860.0,3965.0,283,3964.0,409
rb1805,20171130,20171129,210341000,3965.0,132024,2897712,5234162020.0,3965.0,235,3964.0,408
rb1805,20171130,20171129,210341500,3964.0,132126,2897680,5238205780.0,3965.0,217,3964.0,388
rb1805,20171130,20171129,210342000,3965.0,133160,2897912,5279198080.0,3966.0,425,3965.0,11
rb1805,20171130,20171129,210342500,3965.0,133224,2897894,5281735800.0,3965.0,33,3964.0,209
rb1805,20171130,20171129,210343000,3965.0,133316,2897960,5285383500.0,3965.0,47,3964.0,204
rb1805,20171130,20171129,210343500,3965.0,133402,2897972,5288793140.0,3965.0,211,3964.0,190
rb1805,20171130,20171129,210344000,3964.0,133822,2898236,5305442040.0,3965.0,211,3964.0,142
rb1805,20171130,20171129,210344500,3964.0,134214,2898610,5320980500.0,3964.0,147,3963.0,405
rb1805,20171130,20171129,210345000,3964.0,134360,2898616,5326767920.0,3964.0,99,3963.0,405
rb1805,20171130,20171129,210345500,3964.0,134530,2898634,5333506660.0,3964.0,10,3963.0,410
rb1805,20171130,20171129,210346000,3964.0,134576,2898648,5335330120.0,3964.0,1,3963.0,406
rb1805,20171130,20171129,210346500,3964.0,134616,2898672,5336915760.0,3965.0,290,3964.0,7
rb1805,20171130,20171129,210347000,3963.0,134756,2898752,5342464720.0,3965.0,290,3963.0,377
rb1805,20171130,20171129,210347500,3965.0,134804,2898748,5344367240.0,3965.0,288,3964.0,4
rb1805,20171130,20171129,210348000,3965.0,134898,2898756,5348093300.0,3965.0,282,3963.0,371
rb1805,20171130,20171129,210348500,3963.0,135088,2898822,5355624400.0,3964.0,1,3963.0,338
rb1805,20171130,20171129,210349000,3964.0,135114,2898828,5356655060.0,3965.0,256,3964.0,8
rb1805,20171130,20171129,210349500,3963.0,135544,2898992,5373696360.0,3964.0,19,3963.0,137
rb1805,20171130,20171129,210350000,3964.0,135738,2898872,5381386540.0,3965.0,281,3964.0,7
rb1805,20171130,20171129,210350500,3964.0,135908,2898944,5388124060.0,3964.0,3,3963.0,76
rb1805,20171130,20171129,210351000,3963.0,136018,2898932,5392483980.0,3964.0,14,3963.0,56
rb1805,20171130,20171129,210351500,3964.0,136078,2898930,5394862340.0,3964.0,42,3963.0,90
rb1805,20171130,20171129,210352000,3964.0,136162,2898910,5398191500.0,3964.0,43,3963.0,218
rb1805,20171130,20171129,210352500,3964.0,136232,2898950,5400966120.0,3964.0,23,3963.0,234
rb1805,20171130,20171129,210353000,3964.0,136312,2898980,5404137160.0,3965.0,321,3964.0,89
rb1805,20171130,20171129,210353500,3964.0,136370,2899014,5406436300.0,3965.0,322,3964.0,86
rb1805,20171130,20171129,210354000,3964.0,136454,2899076,5409766160.0,3965.0,322,3964.0,57
rb1805,20171130,20171129,210354500,3964.0,136530,2899102,5412778840.0,3965.0,322,3964.0,50
rb1805,20171130,20171129,210355000,3964.0,136600,2899094,5415553720.0,3965.0,336,3964.0,72
rb1805,20171130,20171129,210355500,3964.0,136622,2899104,5416425800.0,3965.0,338,3964.0,66
rb1805,20171130,20171129,210356000,3964.0,136744,2899108,5421261940.0,3965.0,333,3964.0,10
rb1805,20171130,20171129,210356500,3964.0,136808,2899104,5423798880.0,3964.0,19,3963.0,395
rb1805,20171130,20171129,210357000,3964.0,136856,2899098,5425701560.0,3964.0,26,3963.0,407
rb1805,20171130,20171129,210357500,3964.0,136900,2899098,5427445720.0,3964.0,57,3963.0,406
rb1805,20171130,20171129,210358000,3963.0,136946,2899074,5429268860.0,3964.0,55,3963.0,395
rb1805,20171130,20171129,210358500,3964.0,137046,2899054,5433232720.0,3964.0,46,3963.0,433
rb1805,20171130,20171129,210359000,3964.0,137072,2899042,5434263280.0,3964.0,52,3963.0,432
rb1805,20171130,20171129,210359500,3964.0,137206,2899102,5439574300.0,3964.0,38,3963.0,446
rb1805,20171130,20171129,210400000,3964.0,137360,2899146,5445677580.0,3964.0,36,3963.0,393
rb1805,20171130,20171129,210400500,3964.0,137690,2899184,5458756680.0,3964.0,26,3963.0,301
rb1805,20171130,20171129,210401000,3964.0,137770,2899216,5461927260.0,3964.0,25,3963.0,268
rb1805,20171130,20171129,210401500,3964.0,137928,2899312,5468190100.0,3964.0,57,3963.0,260
rb1805,20171130,20171129,210402000,3964.0,137978,2899346,5470171900.0,3964.0,115,3963.0,254
rb1805,20171130,20171129,210402500,3964.0,138064,2899364,5473580120.0,3964.0,114,3963.0,215
rb1805,20171130,20171129,210403000,3964.0,138112,2899390,5475482700.0,3964.0,106,3963.0,210
rb1805,20171130,20171129,210403500,3964.0,138176,2899374,5478019500.0,3964.0,107,3963.0,209
rb1805,20171130,20171129,210404000,3964.0,138260,2899360,5481348500.0,3964.0,120,3963.0,172
rb1805,20171130,20171129,210404500,3963.0,138618,2899420,5495536180.0,3963.0,88,3962.0,366
rb1805,20171130,20171129,210405000,3963.0,138658,2899388,5497121320.0,3963.0,166,3962.0,368
rb1805,20171130,20171129,210405500,3962.0,138686,2899374,5498230820.0,3963.0,328,3962.0,361
rb1805,20171130,20171129,210406000,3963.0,138974,2899352,5509641760.0,3963.0,390,3962.0,237
rb1805,20171130,20171129,210406500,3962.0,139720,2899192,5539200980.0,3962.0,33,3961.0,448
rb1805,20171130,20171129,210407000,3961.0,140010,2899174,5550690220.0,3962.0,95,3961.0,425
rb1805,20171130,20171129,210407500,3962.0,140286,2899240,5561623920.0,3962.0,121,3961.0,369
rb1805,20171130,20171129,210408000,3961.0,140394,2899300,5565902540.0,3962.0,382,3961.0,354
rb1805,20171130,20171129,210408500,3961.0,140562,2899236,5572557120.0,3962.0,436,3961.0,273
rb1805,20171130,20171129,210409000,3961.0,140862,2899448,5584440700.0,3962.0,410,3961.0,172
rb1805,20171130,20171129,210409500,3961.0,141290,2899302,5601394100.0,3961.0,3,3960.0,1565
rb1805,20171130,20171129,210410000,3960.0,141394,2899272,5605513000.0,3961.0,78,3960.0,1538
rb1805,20171130,20171129,210410500,3961.0,141670,2899248,5616443060.0,3961.0,99,3960.0,1450
rb1805,20171130,20171129,210411000,3960.0,141826,2899264,5622620960.0,3961.0,225,3960.0,1389
rb1805,20171130,20171129,210411500,3960.0,142008,2899266,5629828400.0,3961.0,220,3960.0,1313
rb1805,20171130,20171129,210412000,3960.0,142370,2899404,5644163720.0,3961.0,238,3960.0,1138
rb1805,20171130,20171129,210412500,3960.0,142956,2899280,5667369680.0,3961.0,227,3960.0,874
rb1805,20171130,20171129,210413000,3960.0,144852,2900326,5742452580.0,3960.0,155,3959.0,923
rb1805,20171130,20171129,210413500,3960.0,145268,2900486,5758922740.0,3960.0,171,3959.0,753
rb1805,20171130,20171129,210414000,3959.0,145536,2900510,5769533260.0,3960.0,253,3959.0,639
rb1805,20171130,20171129,210414500,3960.0,145650,2900476,5774046600.0,3960.0,293,3959.0,611
rb1805,20171130,20171129,210415000,3960.0,146084,2900460,5791229000.0,3960.0,289,3959.0,413
rb1805,20171130,20171129,210415500,3959.0,146648,2900660,5813558020.0,3960.0,291,3959.0,157
rb1805,20171130,20171129,210416000,3959.0,147076,2900556,5830502720.0,3959.0,53,3958.0,626
rb1805,20171130,20171129,210416500,3960.0,147368,2900626,5842062960.0,3959.0,4,3958.0,658
rb1805,20171130,20171129,210417000,3960.0,148484,2900246,5886259320.0,3961.0,21,3960.0,60
rb1805,20171130,20171129,210417500,3960.0,148936,2900244,5904159040.0,3961.0,109,3960.0,18
rb1805,20171130,20171129,210418000,3959.0,149212,2900216,5915086520.0,3960.0,38,3959.0,191
rb1805,20171130,20171129,210418500,3961.0,149392,2900134,5922214580.0,3960.0,5,3959.0,230
rb1805,20171130,20171129,210419000,3960.0,149670,2899902,5933223460.0,3960.0,2,3959.0,216
rb1805,20171130,20171129,210419500,3961.0,150478,2899294,5965221940.0,3961.0,104,3960.0,377
rb1805,20171130,20171129,210420000,3961.0,150878,2899504,5981066000.0,3962.0,87,3961.0,744
rb1805,20171130,20171129,210420500,3962.0,151162,2899550,5992317880.0,3963.0,137,3962.0,102
rb1805,20171130,20171129,210421000,3961.0,151562,2899650,6008165440.0,3963.0,153,3961.0,708
rb1805,20171130,20171129,210421500,3961.0,151606,2899622,6009908620.0,3962.0,33,3961.0,706
rb1805,20171130,20171129,210422000,3962.0,151752,2899534,6015693200.0,3963.0,148,3962.0,135
rb1805,20171130,20171129,210422500,3962.0,151812,2899544,6018070420.0,3963.0,257,3962.0,199
rb1805,20171130,20171129,210423000,3962.0,152370,2899614,6040178200.0,3963.0,191,3962.0,26
rb1805,20171130,20171129,210423500,3962.0,152492,2899552,6045011820.0,3962.0,115,3961.0,623
rb1805,20171130,20171129,210424000,3962.0,152578,2899556,6048418980.0,3962.0,92,3961.0,618
rb1805,20171130,20171129,210424500,3962.0,152594,2899550,6049052860.0,3962.0,114,3961.0,616
rb1805,20171130,20171129,210425000,3962.0,152748,2899506,6055153720.0,3962.0,85,3961.0,585
rb1805,20171130,20171129,210425500,3962.0,152766,2899502,6055866740.0,3962.0,99,3961.0,581
rb1805,20171130,20171129,210426000,3961.0,153604,2899474,6089061480.0,3962.0,38,3961.0,172
rb1805,20171130,20171129,210426500,3961.0,153908,2899472,6101103080.0,3962.0,105,3961.0,45
rb1805,20171130,20171129,210427000,3961.0,154046,2899484,6106569260.0,3961.0,230,3960.0,716
rb1805,20171130,20171129,210427500,3960.0,154130,2899512,6109895780.0,3961.0,155,3960.0,671
rb1805,20171130,20171129,210428000,3962.0,155296,2898734,6156090160.0,3961.0,11,3960.0,600
rb1805,20171130,20171129,210428500,3961.0,155464,2898808,6162744760.0,3962.0,48,3961.0,305
rb1805,20171130,20171129,210429000,3961.0,155546,2898828,6165992940.0,3962.0,4,3961.0,278
rb1805,20171130,20171129,210429500,3961.0,155610,2898838,6168528000.0,3962.0,82,3961.0,315
rb1805,20171130,20171129,210430000,3961.0,155640,2898866,6169716400.0,3962.0,108,3961.0,328
rb1805,20171130,20171129,210430500,3961.0,155772,2898872,6174944920.0,3962.0,108,3961.0,245
rb1805,20171130,20171129,210431000,3961.0,155838,2898896,6177559260.0,3962.0,106,3961.0,218
rb1805,20171130,20171129,210431500,3961.0,155890,2898918,6179619000.0,3962.0,227,3961.0,195
rb1805,20171130,20171129,210432000,3961.0,155954,2898962,6182154220.0,3962.0,220,3961.0,236
rb1805,20171130,20171129,210432500,3961.0,156188,2898892,6191423020.0,3962.0,223,3961.0,134
rb1805,20171130,20171129,210433000,3962.0,156328,2898886,6196968820.0,3962.0,205,3961.0,84
rb1805,20171130,20171129,210433500,3961.0,156744,2898986,6213447900.0,3962.0,151,3961.0,2
rb1805,20171130,20171129,210434000,3961.0,156800,2898950,6215666060.0,3961.0,42,3960.0,779
rb1805,20171130,20171129,210434500,3960.0,156830,2898928,6216854340.0,3961.0,47,3960.0,878
rb1805,20171130,20171129,210435000,3960.0,156898,2898950,6219547760.0,3961.0,46,3960.0,898
rb1805,20171130,20171129,210435500,3960.0,156982,2899000,6222874760.0,3961.0,21,3960.0,917
rb1805,20171130,20171129,210436000,3961.0,157036,2898998,6225013680.0,3962.0,172,3961.0,3
rb1805,20171130,20171129,210436500,3961.0,157064,2899004,6226122740.0,3962.0,173,3961.0,24
rb1805,20171130,20171129,210437000,3961.0,157262,2898848,6233965520.0,3961.0,110,3960.0,1004
rb1805,20171130,20171129,210437500,3961.0,157340,2898792,6237054800.0,3961.0,345,3960.0,996
rb1805,20171130,20171129,210438000,3961.0,157356,2898790,6237688520.0,3961.0,347,3960.0,1001
rb1805,20171130,20171129,210438500,3961.0,157466,2898736,6242044660.0,3961.0,414,3960.0,936
rb1805,20171130,20171129,210439000,3960.0,159350,2898438,6316651160.0,3960.0,285,3959.0,295
rb1805,20171130,20171129,210439500,3959.0,159984,2898556,6341751220.0,3959.0,142,3958.0,989
rb1805,20171130,20171129,210440000,3959.0,160142,2898446,6348005720.0,3959.0,101,3958.0,951
rb1805,20171130,20171129,210440500,3959.0,160182,2898436,6349589220.0,3959.0,140,3958.0,951
rb1805,20171130,20171129,210441000,3959.0,160314,2898400,6354814080.0,3959.0,126,3958.0,910
rb1805,20171130,20171129,210441500,3959.0,160352,2898396,6356318300.0,3959.0,119,3958.0,903
rb1805,20171130,20171129,210442000,3959.0,160650,2898140,6368116140.0,3960.0,488,3959.0,109
rb1805,20171130,20171129,210442500,3960.0,160710,2898116,6370491600.0,3960.0,499,3959.0,105
rb1805,20171130,20171129,210443000,3959.0,160924,2897980,6378964140.0,3960.0,483,3959.0,287
rb1805,20171130,20171129,210443500,3960.0,160978,2897948,6381102340.0,3960.0,467,3959.0,319
rb1805,20171130,20171129,210444000,3960.0,161360,2897918,6396225760.0,3960.0,465,3959.0,213
rb1805,20171130,20171129,210444500,3959.0,161412,2897892,6398284500.0,3960.0,473,3959.0,206
rb1805,20171130,20171129,210445000,3959.0,161508,2897856,6402085260.0,3960.0,469,3959.0,178
rb1805,20171130,20171129,210445500,3960.0,161750,2897740,6411666440.0,3960.0,497,3959.0,90
rb1805,20171130,20171129,210446000,3959.0,162074,2897662,6424493560.0,3959.0,67,3958.0,1429
rb1805,20171130,20171129,210446500,3959.0,162368,2897710,6436132000.0,3959.0,1,3958.0,1381
rb1805,20171130,20171129,210447000,3958.0,162448,2897714,6439298500.0,3960.0,514,3958.0,1372
rb1805,20171130,20171129,210447500,3960.0,162536,2897680,6442782180.0,3960.0,512,3958.0,1404
rb1805,20171130,20171129,210448000,3958.0,162622,2897698,6446186220.0,3959.0,423,3958.0,1368
rb1805,20171130,20171129,210448500,3959.0,162682,2897720,6448561360.0,3959.0,451,3958.0,1376
rb1805,20171130,20171129,210449000,3959.0,162968,2897852,6459882520.0,3959.0,402,3958.0,1304
rb1805,20171130,20171129,210449500,3959.0,163088,2897952,6464632280.0,3959.0,418,3958.0,1281
rb1805,20171130,20171129,210450000,3958.0,163214,2897952,6469619620.0,3959.0,432,3958.0,1238
rb1805,20171130,20171129,210450500,3959.0,163312,2897976,6473498620.0,3959.0,416,3958.0,1197
rb1805,20171130,20171129,210451000,3958.0,163364,2898002,6475557200.0,3959.0,400,3958.0,1193
rb1805,20171130,20171129,210451500,3958.0,163710,2897900,6489252560.0,3959.0,368,3958.0,1004
rb1805,20171130,20171129,210452000,3958.0,163926,2897978,6497802020.0,3959.0,374,3958.0,905
rb1805,20171130,20171129,210452500,3959.0,164140,2898050,6506272400.0,3959.0,364,3958.0,817
rb1805,20171130,20171129,210453000,3959.0,164734,2897938,6529783320.0,3959.0,344,3958.0,555
rb1805,20171130,20171129,210453500,3959.0,165462,2898474,6558599160.0,3959.0,315,3958.0,282
rb1805,20171130,20171129,210454000,3958.0,165898,2898718,6575856120.0,3959.0,313,3958.0,75
rb1805,20171130,20171129,210454500,3958.0,166078,2898686,6582980700.0,3958.0,77,3957.0,500
rb1805,20171130,20171129,210455000,3957.0,166206,2898712,6588046040.0,3958.0,10,3957.0,477
rb1805,20171130,20171129,210455500,3957.0,166598,2898880,6603561000.0,3958.0,22,3957.0,375
rb1805,20171130,20171129,210456000,3957.0,166824,2898882,6612504820.0,3958.0,141,3957.0,316
rb1805,20171130,20171129,210456500,3957.0,167040,2898896,6621052840.0,3958.0,100,3957.0,254
rb1805,20171130,20171129,210457000,3958.0,167130,2898902,6624614640.0,3958.0,78,3957.0,317
rb1805,20171130,20171129,210457500,3957.0,167298,2898866,6631263140.0,3958.0,106,3957.0,283
rb1805,20171130,20171129,210458000,3957.0,167488,2898872,6638781620.0,3958.0,111,3957.0,203
rb1805,20171130,20171129,210458500,3957.0,167630,2898912,6644401140.0,3958.0,91,3957.0,163
rb1805,20171130,20171129,210459000,3957.0,167692,2898928,6646854920.0,3958.0,65,3957.0,179
rb1805,20171130,20171129,210459500,3957.0,167846,2898908,6652949140.0,3958.0,55,3957.0,174
rb1805,20171130,20171129,210500000,3957.0,167932,2898974,6656352220.0,3958.0,60,3957.0,176
rb1805,20171130,20171129,210500500,3956.0,168476,2899040,6677877920.0,3957.0,16,3956.0,479
rb1805,20171130,20171129,210501000,3956.0,168630,2899050,6683970940.0,3957.0,97,3956.0,454
rb1805,20171130,20171129,210501500,3956.0,168912,2898856,6695129160.0,3957.0,21,3956.0,429
rb1805,20171130,20171129,210502000,3957.0,169046,2898778,6700430660.0,3957.0,123,3956.0,393
rb1805,20171130,20171129,210502500,3956.0,169326,2898712,6711509060.0,3957.0,561,3956.0,347
rb1805,20171130,20171129,210503000,3956.0,169638,2898728,6723852500.0,3957.0,581,3956.0,231
rb1805,20171130,20171129,210503500,3956.0,170150,2898818,6744107540.0,3957.0,574,3956.0,25
rb1805,20171130,20171129,210504000,3955.0,170394,2898786,6753760120.0,3956.0,118,3955.0,1035
rb1805,20171130,20171129,210504500,3955.0,170784,2898802,6769185220.0,3956.0,125,3955.0,885
rb1805,20171130,20171129,210505000,3956.0,171590,2898692,6801072220.0,3956.0,500,3955.0,831
rb1805,20171130,20171129,210505500,3956.0,171982,2898484,6816576040.0,3956.0,562,3955.0,650
rb1805,20171130,20171129,210506000,3956.0,172330,2898306,6830339960.0,3956.0,656,3955.0,502
rb1805,20171130,20171129,210506500,3956.0,172676,2898070,6844024380.0,3956.0,655,3955.0,336
rb1805,20171130,20171129,210507000,3955.0,173360,2897828,6871076780.0,3956.0,693,3955.0,36
rb1805,20171130,20171129,210507500,3955.0,173964,2897456,6894964980.0,3955.0,440,3954.0,373
rb1805,20171130,20171129,210508000,3954.0,174814,2897592,6928574880.0,3954.0,18,3953.0,225
rb1805,20171130,20171129,210508500,3953.0,175280,2897416,6946996880.0,3954.0,302,3953.0,105
rb1805,20171130,20171129,210509000,3953.0,175832,2897268,6968815620.0,3953.0,186,3952.0,384
rb1805,20171130,20171129,210509500,3953.0,176534,2897172,6996563240.0,3953.0,13,3952.0,264
rb1805,20171130,20171129,210510000,3953.0,177082,2896982,7018225100.0,3953.0,3,3952.0,147
rb1805,20171130,20171129,210510500,3952.0,177340,2896926,7028421860.0,3953.0,44,3952.0,135
rb1805,20171130,20171129,210511000,3952.0,178002,2896712,7054585680.0,3953.0,482,3952.0,55
rb1805,20171130,20171129,210511500,3953.0,178196,2896612,7062252960.0,3953.0,508,3952.0,265
rb1805,20171130,20171129,210512000,3953.0,178406,2896498,7070553160.0,3953.0,471,3952.0,260
rb1805,20171130,20171129,210512500,3953.0,178494,2896494,7074031360.0,3953.0,452,3952.0,266
rb1805,20171130,20171129,210513000,3953.0,179556,2895764,7116010620.0,3954.0,294,3953.0,230
rb1805,20171130,20171129,210513500,3953.0,179848,2895502,7127555800.0,3954.0,175,3953.0,254
rb1805,20171130,20171129,210514000,3954.0,180438,2895460,7150884400.0,3955.0,617,3954.0,23
rb1805,20171130,20171129,210514500,3954.0,180920,2895512,7169942840.0,3955.0,540,3954.0,143
rb1805,20171130,20171129,210515000,3955.0,182096,2895092,7216436380.0,3955.0,477,3954.0,10
rb1805,20171130,20171129,210515500,3955.0,182366,2894974,7227113220.0,3955.0,444,3953.0,690
rb1805,20171130,20171129,210516000,3954.0,182596,2894794,7236208120.0,3955.0,410,3954.0,82
rb1805,20171130,20171129,210516500,3955.0,182826,2894604,7245303060.0,3955.0,337,3954.0,29
rb1805,20171130,20171129,210517000,3954.0,183000,2894490,7252183620.0,3955.0,308,3954.0,7
rb1805,20171130,20171129,210517500,3954.0,183100,2894564,7256137380.0,3954.0,535,3953.0,797
rb1805,20171130,20171129,210518000,3953.0,183328,2894586,7265152040.0,3954.0,457,3953.0,897
rb1805,20171130,20171129,210518500,3954.0,183610,2894356,7276302080.0,3954.0,362,3953.0,1008
rb1805,20171130,20171129,210519000,3954.0,184306,2894212,7303821820.0,3954.0,77,3953.0,1003
rb1805,20171130,20171129,210519500,3954.0,184494,2894274,7311255440.0,3955.0,330,3954.0,428
rb1805,20171130,20171129,210520000,3954.0,184530,2894292,7312678960.0,3955.0,358,3954.0,542
rb1805,20171130,20171129,210520500,3955.0,184654,2894226,7317582260.0,3955.0,345,3954.0,573
rb1805,20171130,20171129,210521000,3955.0,184974,2894030,7330236520.0,3955.0,277,3954.0,539
rb1805,20171130,20171129,210521500,3955.0,185608,2893618,7355310980.0,3956.0,869,3955.0,57
rb1805,20171130,20171129,210522000,3954.0,186130,2893388,7375954500.0,3956.0,809,3955.0,1
rb1805,20171130,20171129,210522500,3954.0,186346,2893502,7384496960.0,3955.0,49,3954.0,467
rb1805,20171130,20171129,210523000,3955.0,186428,2893528,7387739640.0,3955.0,211,3954.0,457
rb1805,20171130,20171129,210523500,3955.0,186556,2893526,7392801660.0,3955.0,273,3954.0,432
rb1805,20171130,20171129,210524000,3955.0,187070,2893354,7413128820.0,3955.0,195,3954.0,359
rb1805,20171130,20171129,210524500,3955.0,187574,2893636,7433057760.0,3955.0,164,3954.0,203
rb1805,20171130,20171129,210525000,3954.0,187710,2893672,7438435580.0,3955.0,160,3954.0,164
rb1805,20171130,20171129,210525500,3955.0,187860,2893662,7444367560.0,3955.0,158,3954.0,174
rb1805,20171130,20171129,210526000,3955.0,187880,2893676,7445158560.0,3955.0,194,3954.0,180
rb1805,20171130,20171129,210526500,3955.0,188322,2893716,7462639620.0,3956.0,690,3955.0,4
rb1805,20171130,20171129,210527000,3955.0,188622,2893652,7474502360.0,3956.0,693,3955.0,1
rb1805,20171130,20171129,210527500,3955.0,188806,2893542,7481780100.0,3956.0,680,3955.0,13
rb1805,20171130,20171129,210528000,3955.0,188918,2893584,7486209620.0,3955.0,1,3954.0,107
rb1805,20171130,20171129,210528500,3954.0,188984,2893552,7488819820.0,3955.0,89,3954.0,139
rb1805,20171130,20171129,210529000,3955.0,189018,2893534,7490164520.0,3955.0,76,3954.0,186
rb1805,20171130,20171129,210529500,3955.0,189070,2893526,7492220860.0,3955.0,84,3954.0,187
rb1805,20171130,20171129,210530000,3954.0,189512,2893584,7509698100.0,3954.0,42,3953.0,1210
rb1805,20171130,20171129,210530500,3954.0,189576,2893590,7512228660.0,3954.0,24,3953.0,1215
rb1805,20171130,20171129,210531000,3954.0,189854,2893562,7523220920.0,3954.0,28,3953.0,1217
rb1805,20171130,20171129,210531500,3955.0,190424,2893584,7545754960.0,3955.0,76,3953.0,1022
rb1805,20171130,20171129,210532000,3954.0,190534,2893576,7550104000.0,3955.0,92,3954.0,11
rb1805,20171130,20171129,210532500,3954.0,190606,2893586,7552950960.0,3955.0,90,3954.0,59
rb1805,20171130,20171129,210533000,3954.0,190614,2893592,7553267320.0,3955.0,106,3954.0,113
rb1805,20171130,20171129,210533500,3954.0,190696,2893636,7556509700.0,3955.0,188,3954.0,197
rb1805,20171130,20171129,210534000,3955.0,190804,2893628,7560780320.0,3955.0,245,3954.0,200
rb1805,20171130,20171129,210534500,3954.0,190822,2893638,7561492120.0,3955.0,273,3954.0,206
rb1805,20171130,20171129,210535000,3954.0,190916,2893602,7565209320.0,3955.0,256,3954.0,189
rb1805,20171130,20171129,210535500,3955.0,191016,2893600,7569164180.0,3955.0,214,3954.0,306
rb1805,20171130,20171129,210536000,3955.0,191050,2893592,7570508680.0,3955.0,240,3954.0,350
rb1805,20171130,20171129,210536500,3955.0,191266,2893596,7579049700.0,3955.0,247,3954.0,277
rb1805,20171130,20171129,210537000,3954.0,191486,2893550,7587749060.0,3955.0,226,3954.0,225
rb1805,20171130,20171129,210537500,3955.0,191976,2893864,7607128440.0,3956.0,779,3955.0,6
rb1805,20171130,20171129,210538000,3956.0,192026,2893896,7609106200.0,3956.0,440,3955.0,12
rb1805,20171130,20171129,210538500,3955.0,192232,2893742,7617253140.0,3956.0,451,3955.0,10
rb1805,20171130,20171129,210539000,3955.0,192280,2893754,7619151680.0,3956.0,468,3955.0,15
rb1805,20171130,20171129,210539500,3955.0,192338,2893800,7621445620.0,3956.0,466,3955.0,68
rb1805,20171130,20171129,210540000,3955.0,192408,2893824,7624214120.0,3956.0,468,3955.0,59
rb1805,20171130,20171129,210540500,3955.0,192646,2893884,7633627280.0,3955.0,10,3954.0,371
rb1805,20171130,20171129,210541000,3955.0,192754,2893940,7637898720.0,3956.0,461,3955.0,16
rb1805,20171130,20171129,210541500,3955.0,192818,2893964,7640429940.0,3956.0,490,3955.0,196
rb1805,20171130,20171129,210542000,3955.0,192924,2894004,7644622520.0,3956.0,477,3955.0,168
rb1805,20171130,20171129,210542500,3956.0,192956,2894010,7645888240.0,3956.0,472,3955.0,174
rb1805,20171130,20171129,210543000,3955.0,193370,2894000,7662262040.0,3955.0,460,3954.0,531
rb1805,20171130,20171129,210543500,3955.0,193446,2893986,7665267840.0,3955.0,433,3954.0,533
rb1805,20171130,20171129,210544000,3955.0,193548,2893894,7669301920.0,3955.0,386,3954.0,542
rb1805,20171130,20171129,210544500,3955.0,193648,2893884,7673256880.0,3955.0,344,3954.0,543
rb1805,20171130,20171129,210545000,3954.0,193684,2893884,7674680560.0,3955.0,341,3954.0,952
rb1805,20171130,20171129,210545500,3955.0,193782,2893848,7678556160.0,3955.0,308,3954.0,946
rb1805,20171130,20171129,210546000,3955.0,193886,2893780,7682669360.0,3955.0,266,3954.0,955
rb1805,20171130,20171129,210546500,3955.0,194012,2893744,7687652400.0,3955.0,218,3954.0,942
rb1805,20171130,20171129,210547000,3955.0,194078,2893702,7690262640.0,3955.0,188,3954.0,957
rb1805,20171130,20171129,210547500,3955.0,194182,2893618,7694375700.0,3955.0,144,3954.0,960
rb1805,20171130,20171129,210548000,3955.0,194576,2893446,7709958260.0,3956.0,489,3954.0,1012
rb1805,20171130,20171129,210548500,3955.0,194580,2893446,7710116480.0,3956.0,488,3955.0,13
rb1805,20171130,20171129,210549000,3955.0,194636,2893434,7712331280.0,3956.0,489,3955.0,49
rb1805,20171130,20171129,210549500,3956.0,195124,2893272,7731629520.0,3956.0,480,3955.0,5
rb1805,20171130,20171129,210550000,3956.0,195370,2893442,7741356680.0,3956.0,476,3955.0,1
rb1805,20171130,20171129,210550500,3954.0,195436,2893416,7743967020.0,3956.0,493,3954.0,948
rb1805,20171130,20171129,210551000,3955.0,195528,2893474,7747606180.0,3955.0,5,3954.0,969
rb1805,20171130,20171129,210551500,3956.0,195568,2893510,7749188400.0,3956.0,467,3955.0,184
rb1805,20171130,20171129,210552000,3955.0,195990,2893368,7765878620.0,3955.0,78,3954.0,1031
rb1805,20171130,20171129,210552500,3954.0,196134,2893324,7771573800.0,3955.0,31,3954.0,1037
rb1805,20171130,20171129,210553000,3955.0,196224,2893258,7775133300.0,3955.0,6,3954.0,1042
rb1805,20171130,20171129,210553500,3955.0,196324,2893250,7779088320.0,3956.0,484,3955.0,17
rb1805,20171130,20171129,210554000,3955.0,196990,2893092,7805422860.0,3955.0,10,3954.0,754
rb1805,20171130,20171129,210554500,3954.0,197014,2893104,7806371900.0,3955.0,12,3954.0,729
rb1805,20171130,20171129,210555000,3955.0,197104,2893066,7809931140.0,3956.0,434,3955.0,286
rb1805,20171130,20171129,210555500,3955.0,197252,2892950,7815784620.0,3956.0,435,3955.0,262
rb1805,20171130,20171129,210556000,3955.0,197398,2892830,7821559000.0,3956.0,432,3955.0,284
rb1805,20171130,20171129,210556500,3955.0,197654,2892836,7831684040.0,3956.0,436,3955.0,226
rb1805,20171130,20171129,210557000,3956.0,197676,2892836,7832554220.0,3956.0,433,3955.0,247
rb1805,20171130,20171129,210557500,3956.0,197834,2892862,7838803820.0,3956.0,400,3955.0,220
rb1805,20171130,20171129,210558000,3955.0,197872,2892862,7840306740.0,3956.0,404,3955.0,208
rb1805,20171130,20171129,210558500,3955.0,197952,2892840,7843470900.0,3956.0,440,3955.0,201
rb1805,20171130,20171129,210559000,3955.0,198046,2892908,7847188800.0,3956.0,438,3955.0,189
rb1805,20171130,20171129,210559500,3955.0,198096,2892926,7849166380.0,3956.0,433,3955.0,178
rb1805,20171130,20171129,210600000,3955.0,198136,2892940,7850748500.0,3956.0,451,3955.0,179
rb1805,20171130,20171129,210600500,3955.0,198186,2892932,7852726220.0,3956.0,441,3955.0,170
rb1805,20171130,20171129,210601000,3955.0,198222,2892962,7854150040.0,3956.0,442,3955.0,202
rb1805,20171130,20171129,210601500,3956.0,198234,2892964,7854624660.0,3956.0,475,3955.0,205
rb1805,20171130,20171129,210602000,3956.0,198286,2892958,7856681340.0,3956.0,486,3955.0,194
rb1805,20171130,20171129,210602500,3956.0,198434,2892954,7862536060.0,3956.0,463,3955.0,188
rb1805,20171130,20171129,210603000,3955.0,198522,2892942,7866016540.0,3956.0,485,3955.0,158
rb1805,20171130,20171129,210603500,3956.0,198636,2892934,7870525780.0,3956.0,480,3955.0,133
rb1805,20171130,20171129,210604000,3956.0,198724,2892866,7874007000.0,3956.0,439,3955.0,133
rb1805,20171130,20171129,210604500,3956.0,198850,2892810,7878991460.0,3956.0,443,3955.0,135
rb1805,20171130,20171129,210605000,3956.0,198938,2892812,7882472060.0,3956.0,435,3955.0,129
rb1805,20171130,20171129,210605500,3955.0,199004,2892788,7885082780.0,3956.0,392,3955.0,175
rb1805,20171130,20171129,210606000,3956.0,199086,2892772,7888326120.0,3956.0,429,3955.0,192
rb1805,20171130,20171129,210606500,3956.0,199210,2892836,7893230480.0,3956.0,422,3955.0,160
rb1805,20171130,20171129,210607000,3955.0,199228,2892850,7893942400.0,3956.0,420,3955.0,164
rb1805,20171130,20171129,210607500,3955.0,199296,2892904,7896631920.0,3956.0,413,3955.0,153
rb1805,20171130,20171129,210608000,3955.0,199360,2892930,7899163500.0,3956.0,396,3955.0,154
rb1805,20171130,20171129,210608500,3955.0,199414,2892962,7901299480.0,3956.0,366,3955.0,120
rb1805,20171130,20171129,210609000,3956.0,199612,2893086,7909130860.0,3956.0,360,3955.0,47
rb1805,20171130,20171129,210609500,3956.0,199830,2893064,7917751680.0,3956.0,301,3955.0,10
rb1805,20171130,20171129,210610000,3955.0,200086,2892928,7927878740.0,3955.0,15,3954.0,961
rb1805,20171130,20171129,210610500,3956.0,200206,2892898,7932624960.0,3956.0,153,3955.0,83
rb1805,20171130,20171129,210611000,3956.0,200234,2892908,7933732540.0,3956.0,135,3955.0,190
rb1805,20171130,20171129,210611500,3956.0,200334,2892840,7937688400.0,3956.0,63,3955.0,309
rb1805,20171130,20171129,210612000,3956.0,200514,2892864,7944808960.0,3956.0,32,3955.0,363
rb1805,20171130,20171129,210612500,3956.0,200660,2892744,7950584600.0,3957.0,56,3955.0,382
rb1805,20171130,20171129,210613000,3957.0,200696,2892740,7952008500.0,3957.0,58,3956.0,13
rb1805,20171130,20171129,210613500,3958.0,200938,2892782,7961584180.0,3958.0,456,3957.0,15
rb1805,20171130,20171129,210614000,3957.0,201196,2892776,7971795700.0,3958.0,331,3957.0,32
rb1805,20171130,20171129,210614500,3957.0,201334,2892830,7977256340.0,3957.0,74,3956.0,134
rb1805,20171130,20171129,210615000,3957.0,201360,2892826,7978285000.0,3957.0,93,3956.0,130
rb1805,20171130,20171129,210615500,3956.0,201402,2892826,7979946640.0,3957.0,92,3956.0,118
rb1805,20171130,20171129,210616000,3957.0,201462,2892786,7982320740.0,3957.0,102,3956.0,113
rb1805,20171130,20171129,210616500,3957.0,201548,2892742,7985723700.0,3957.0,63,3956.0,116
rb1805,20171130,20171129,210617000,3957.0,201604,2892688,7987939620.0,3957.0,48,3956.0,116
rb1805,20171130,20171129,210617500,3957.0,201680,2892740,7990946920.0,3957.0,19,3956.0,142
rb1805,20171130,20171129,210618000,3957.0,201730,2892716,7992925420.0,3957.0,25,3956.0,143
rb1805,20171130,20171129,210618500,3957.0,201740,2892712,7993321100.0,3957.0,41,3956.0,154
rb1805,20171130,20171129,210619000,3957.0,201788,2892698,7995220300.0,3957.0,48,3956.0,155
rb1805,20171130,20171129,210619500,3957.0,201964,2892644,8002184400.0,3958.0,467,3957.0,32
rb1805,20171130,20171129,210620000,3958.0,201990,2892618,8003213280.0,3958.0,464,3957.0,49
rb1805,20171130,20171129,210620500,3957.0,202006,2892614,8003846460.0,3958.0,462,3957.0,58
rb1805,20171130,20171129,210621000,3957.0,202016,2892610,8004242220.0,3958.0,459,3957.0,67
rb1805,20171130,20171129,210621500,3957.0,202060,2892598,8005983680.0,3958.0,430,3957.0,78
rb1805,20171130,20171129,210622000,3958.0,202070,2892594,8006379420.0,3958.0,429,3957.0,87
rb1805,20171130,20171129,210622500,3958.0,202286,2892590,8014928560.0,3958.0,329,3957.0,81
rb1805,20171130,20171129,210623000,3958.0,202340,2892546,8017065780.0,3958.0,312,3957.0,92
rb1805,20171130,20171129,210623500,3958.0,202452,2892518,8021498540.0,3958.0,266,3957.0,87
rb1805,20171130,20171129,210624000,3958.0,202482,2892508,8022685820.0,3958.0,258,3957.0,90
rb1805,20171130,20171129,210624500,3957.0,202494,2892508,8023160760.0,3958.0,261,3957.0,96
rb1805,20171130,20171129,210625000,3957.0,202542,2892510,8025060340.0,3958.0,251,3957.0,98
rb1805,20171130,20171129,210625500,3958.0,202586,2892488,8026801780.0,3958.0,259,3957.0,101
rb1805,20171130,20171129,210626000,3958.0,202598,2892486,8027276720.0,3958.0,260,3957.0,104
rb1805,20171130,20171129,210626500,3957.0,202612,2892488,8027830820.0,3958.0,257,3957.0,105
rb1805,20171130,20171129,210627000,3958.0,202626,2892488,8028384920.0,3958.0,302,3957.0,107
rb1805,20171130,20171129,210627500,3958.0,202630,2892490,8028543240.0,3958.0,306,3957.0,113
rb1805,20171130,20171129,210628000,3958.0,202652,2892502,8029413960.0,3958.0,299,3957.0,115
rb1805,20171130,20171129,210628500,3958.0,202712,2892468,8031788720.0,3958.0,272,3957.0,128
rb1805,20171130,20171129,210629000,3958.0,202764,2892472,8033846820.0,3958.0,257,3957.0,141
rb1805,20171130,20171129,210629500,3958.0,202800,2892472,8035271480.0,3958.0,253,3957.0,132
rb1805,20171130,20171129,210630000,3958.0,202832,2892488,8036538020.0,3958.0,242,3957.0,142
rb1805,20171130,20171129,210630500,3958.0,202852,2892494,8037329540.0,3958.0,237,3957.0,141
rb1805,20171130,20171129,210631000,3958.0,202876,2892500,8038279400.0,3958.0,239,3957.0,163
rb1805,20171130,20171129,210631500,3958.0,203358,2892776,8057356960.0,3959.0,711,3958.0,11
rb1805,20171130,20171129,210632000,3959.0,203398,2892792,8058940140.0,3959.0,716,3957.0,156
rb1805,20171130,20171129,210632500,3957.0,203410,2892788,8059415180.0,3958.0,28,3957.0,215
rb1805,20171130,20171129,210633000,3957.0,203538,2892694,8064481420.0,3958.0,7,3957.0,221
rb1805,20171130,20171129,210633500,3958.0,203582,2892684,8066222860.0,3958.0,66,3957.0,230
rb1805,20171130,20171129,210634000,3958.0,203624,2892674,8067885200.0,3958.0,74,3957.0,232
rb1805,20171130,20171129,210634500,3958.0,203652,2892656,8068993420.0,3958.0,233,3957.0,233
rb1805,20171130,20171129,210635000,3958.0,203666,2892652,8069547540.0,3958.0,326,3957.0,237
rb1805,20171130,20171129,210635500,3958.0,203694,2892630,8070655740.0,3958.0,373,3957.0,236
rb1805,20171130,20171129,210636000,3958.0,203748,2892632,8072793060.0,3958.0,351,3957.0,237
rb1805,20171130,20171129,210636500,3958.0,203774,2892614,8073822100.0,3958.0,341,3957.0,231
rb1805,20171130,20171129,210637000,3958.0,203982,2892634,8082054720.0,3958.0,240,3957.0,252
rb1805,20171130,20171129,210637500,3958.0,203996,2892632,8082608820.0,3958.0,315,3957.0,269
rb1805,20171130,20171129,210638000,3958.0,203998,2892632,8082687980.0,3958.0,316,3957.0,293
rb1805,20171130,20171129,210638500,3957.0,204084,2892640,8086091040.0,3958.0,316,3957.0,253
rb1805,20171130,20171129,210639000,3958.0,204112,2892642,8087199180.0,3958.0,309,3957.0,248
rb1805,20171130,20171129,210639500,3957.0,204132,2892646,8087990720.0,3958.0,313,3957.0,246
rb1805,20171130,20171129,210640000,3958.0,204204,2892580,8090840460.0,3958.0,280,3957.0,250
rb1805,20171130,20171129,210640500,3958.0,204304,2892560,8094798320.0,3958.0,244,3957.0,244
rb1805,20171130,20171129,210641000,3958.0,204516,2892704,8103187260.0,3958.0,260,3957.0,150
rb1805,20171130,20171129,210641500,3958.0,204522,2892704,8103424720.0,3958.0,259,3957.0,158
rb1805,20171130,20171129,210642000,3958.0,204540,2892720,8104137140.0,3958.0,254,3957.0,159
rb1805,20171130,20171129,210642500,3958.0,204548,2892728,8104453780.0,3958.0,254,3957.0,161
rb1805,20171130,20171129,210643000,3958.0,204580,2892746,8105720180.0,3958.0,248,3957.0,358
rb1805,20171130,20171129,210643500,3957.0,204598,2892760,8106432560.0,3958.0,248,3957.0,356
rb1805,20171130,20171129,210644000,3958.0,204614,2892772,8107065780.0,3958.0,244,3957.0,356
rb1805,20171130,20171129,210644500,3957.0,204626,2892784,8107540680.0,3958.0,246,3957.0,356
rb1805,20171130,20171129,210645000,3958.0,204656,2892810,8108728060.0,3958.0,344,3957.0,358
rb1805,20171130,20171129,210645500,3957.0,204686,2892840,8109915220.0,3958.0,385,3957.0,397
rb1805,20171130,20171129,210646000,3958.0,205226,2892706,8131284200.0,3958.0,337,3957.0,190
rb1805,20171130,20171129,210646500,3957.0,205254,2892706,8132392380.0,3958.0,328,3957.0,187
rb1805,20171130,20171129,210647000,3958.0,205258,2892704,8132550700.0,3958.0,326,3957.0,201
rb1805,20171130,20171129,210647500,3957.0,205276,2892706,8133263080.0,3958.0,324,3957.0,198
rb1805,20171130,20171129,210648000,3957.0,205296,2892704,8134054540.0,3958.0,321,3957.0,192
rb1805,20171130,20171129,210648500,3958.0,205316,2892714,8134846100.0,3958.0,333,3957.0,191
rb1805,20171130,20171129,210649000,3958.0,205326,2892720,8135241880.0,3958.0,382,3957.0,195
rb1805,20171130,20171129,210649500,3958.0,205334,2892726,8135558520.0,3958.0,411,3957.0,196
rb1805,20171130,20171129,210650000,3958.0,205362,2892746,8136666700.0,3958.0,400,3957.0,193
rb1805,20171130,20171129,210650500,3958.0,205392,2892762,8137854060.0,3958.0,418,3957.0,192
rb1805,20171130,20171129,210651000,3957.0,205420,2892778,8138962180.0,3958.0,412,3957.0,198
rb1805,20171130,20171129,210651500,3957.0,205484,2892806,8141495120.0,3958.0,389,3957.0,212
rb1805,20171130,20171129,210652000,3957.0,205504,2892816,8142286660.0,3958.0,383,3957.0,209
rb1805,20171130,20171129,210652500,3958.0,205556,2892832,8144344780.0,3958.0,361,3957.0,215
rb1805,20171130,20171129,210653000,3958.0,205598,2892824,8146007060.0,3958.0,346,3957.0,215
rb1805,20171130,20171129,210653500,3957.0,205614,2892818,8146640200.0,3958.0,348,3957.0,218
rb1805,20171130,20171129,210654000,3958.0,205646,2892838,8147906680.0,3958.0,349,3957.0,215
rb1805,20171130,20171129,210654500,3958.0,205654,2892842,8148223320.0,3958.0,362,3957.0,221
rb1805,20171130,20171129,210655000,3957.0,205666,2892838,8148698200.0,3958.0,360,3957.0,239
rb1805,20171130,20171129,210655500,3958.0,205688,2892838,8149568960.0,3958.0,352,3957.0,241
rb1805,20171130,20171129,210656000,3958.0,206060,2892618,8164292580.0,3958.0,178,3957.0,239
rb1805,20171130,20171129,210656500,3957.0,206070,2892614,8164688340.0,3958.0,175,3957.0,270
rb1805,20171130,20171129,210657000,3958.0,206144,2892608,8167617220.0,3958.0,155,3957.0,272
rb1805,20171130,20171129,210657500,3958.0,206318,2892612,8174503740.0,3958.0,123,3957.0,259
rb1805,20171130,20171129,210658000,3957.0,206330,2892616,8174978660.0,3958.0,120,3957.0,259
rb1805,20171130,20171129,210658500,3958.0,206382,2892572,8177036340.0,3958.0,119,3957.0,238
rb1805,20171130,20171129,210659000,3958.0,207082,2892308,8204738120.0,3959.0,626,3958.0,68
rb1805,20171130,20171129,210659500,3958.0,207172,2892304,8208300460.0,3959.0,640,3958.0,70
rb1805,20171130,20171129,210700000,3958.0,207194,2892324,8209171220.0,3959.0,650,3958.0,111
rb1805,20171130,20171129,210700500,3959.0,208050,2892292,8243051180.0,3959.0,470,3956.0,392
rb1805,20171130,20171129,210701000,3958.0,208314,2892528,8253502820.0,3958.0,3,3957.0,170
rb1805,20171130,20171129,210701500,3958.0,208422,2892578,8257777480.0,3958.0,38,3957.0,179
rb1805,20171130,20171129,210702000,3957.0,208440,2892584,8258489860.0,3958.0,34,3957.0,176
rb1805,20171130,20171129,210702500,3957.0,208794,2892368,8272497660.0,3957.0,45,3956.0,400
rb1805,20171130,20171129,210703000,3957.0,208928,2892312,8277800080.0,3958.0,59,3957.0,5
rb1805,20171130,20171129,210703500,3957.0,208966,2892314,8279304020.0,3958.0,79,3957.0,6
rb1805,20171130,20171129,210704000,3958.0,208974,2892316,8279620620.0,3958.0,78,3957.0,116
rb1805,20171130,20171129,210704500,3957.0,209036,2892346,8282074520.0,3958.0,37,3957.0,173
rb1805,20171130,20171129,210705000,3957.0,209044,2892350,8282391120.0,3958.0,27,3957.0,173
rb1805,20171130,20171129,210705500,3958.0,209056,2892348,8282866000.0,3958.0,48,3957.0,172
rb1805,20171130,20171129,210706000,3957.0,209738,2892694,8309852720.0,3957.0,87,3956.0,496
rb1805,20171130,20171129,210706500,3957.0,209850,2892804,8314284560.0,3957.0,37,3956.0,499
rb1805,20171130,20171129,210707000,3957.0,209864,2892816,8314838540.0,3957.0,27,3956.0,519
rb1805,20171130,20171129,210707500,3957.0,209892,2892822,8315946500.0,3957.0,20,3956.0,524
rb1805,20171130,20171129,210708000,3958.0,209952,2892832,8318320720.0,3957.0,20,3956.0,523
rb1805,20171130,20171129,210708500,3957.0,209970,2892844,8319032880.0,3957.0,28,3956.0,518
rb1805,20171130,20171129,210709000,3957.0,210444,2892822,8337784760.0,3957.0,13,3956.0,303
rb1805,20171130,20171129,210709500,3957.0,210522,2892838,8340870700.0,3957.0,22,3956.0,277
rb1805,20171130,20171129,210710000,3957.0,210978,2892732,8358910600.0,3957.0,46,3956.0,78
rb1805,20171130,20171129,210710500,3956.0,211180,2892726,8366901740.0,3956.0,48,3955.0,875
rb1805,20171130,20171129,210711000,3956.0,211280,2892682,8370857340.0,3956.0,22,3955.0,858
rb1805,20171130,20171129,210711500,3957.0,211372,2892636,8374496900.0,3957.0,116,3956.0,20
rb1805,20171130,20171129,210712000,3956.0,211388,2892628,8375129980.0,3957.0,131,3956.0,62
rb1805,20171130,20171129,210712500,3956.0,211540,2892524,8381143200.0,3957.0,128,3956.0,2
rb1805,20171130,20171129,210713000,3956.0,211592,2892548,8383200300.0,3956.0,287,3955.0,851
rb1805,20171130,20171129,210713500,3956.0,211612,2892552,8383991380.0,3956.0,269,3955.0,846
rb1805,20171130,20171129,210714000,3955.0,212018,2892678,8400052720.0,3956.0,72,3955.0,852
rb1805,20171130,20171129,210714500,3955.0,212034,2892684,8400685540.0,3956.0,59,3955.0,900
rb1805,20171130,20171129,210715000,3955.0,212070,2892694,8402109360.0,3956.0,114,3955.0,883
rb1805,20171130,20171129,210715500,3955.0,212084,2892702,8402663100.0,3956.0,179,3955.0,878
rb1805,20171130,20171129,210716000,3956.0,212228,2892776,8408358740.0,3956.0,158,3955.0,830
rb1805,20171130,20171129,210716500,3956.0,212656,2892954,8425290420.0,3957.0,203,3956.0,315
rb1805,20171130,20171129,210717000,3957.0,212842,2893044,8432650100.0,3957.0,97,3956.0,312
rb1805,20171130,20171129,210717500,3956.0,213036,2893030,8440326540.0,3957.0,19,3956.0,354
rb1805,20171130,20171129,210718000,3957.0,213090,2893012,8442463320.0,3958.0,117,3957.0,8
rb1805,20171130,20171129,210718500,3957.0,213302,2893026,8450850320.0,3958.0,121,3956.0,273
rb1805,20171130,20171129,210719000,3956.0,213368,2893026,8453461280.0,3957.0,2,3956.0,453
rb1805,20171130,20171129,210719500,3957.0,213780,2892662,8469760280.0,3958.0,130,3957.0,8
rb1805,20171130,20171129,210720000,3957.0,213976,2892526,8477515440.0,3957.0,27,3956.0,258
rb1805,20171130,20171129,210720500,3957.0,214070,2892518,8481234240.0,3957.0,43,3956.0,219
rb1805,20171130,20171129,210721000,3957.0,214070,2892518,8481234240.0,3957.0,42,3956.0,220
rb1805,20171130,20171129,210721500,3956.0,214084,2892520,8481788200.0,3957.0,59,3956.0,263
rb1805,20171130,20171129,210722000,3957.0,214128,2892556,8483529280.0,3957.0,25,3956.0,286
rb1805,20171130,20171129,210722500,3956.0,214560,2892520,8500619460.0,3957.0,26,3956.0,91
rb1805,20171130,20171129,210723000,3956.0,214574,2892512,8501173360.0,3957.0,53,3956.0,91
rb1805,20171130,20171129,210723500,3956.0,214772,2892362,8509006260.0,3956.0,19,3955.0,856
rb1805,20171130,20171129,210724000,3956.0,214826,2892382,8511142440.0,3956.0,9,3955.0,859
rb1805,20171130,20171129,210724500,3956.0,214836,2892382,8511537960.0,3956.0,43,3955.0,849
rb1805,20171130,20171129,210725000,3957.0,214970,2892386,8516839140.0,3957.0,138,3955.0,841
rb1805,20171130,20171129,210725500,3955.0,215064,2892396,8520556940.0,3957.0,155,3956.0,5
rb1805,20171130,20171129,210726000,3956.0,215110,2892380,8522376680.0,3956.0,144,3955.0,796
rb1805,20171130,20171129,210726500,3956.0,215188,2892400,8525461640.0,3956.0,137,3955.0,764
rb1805,20171130,20171129,210727000,3956.0,215224,2892396,8526885800.0,3956.0,119,3955.0,771
rb1805,20171130,20171129,210727500,3956.0,215234,2892402,8527281340.0,3956.0,67,3955.0,764
rb1805,20171130,20171129,210728000,3955.0,215242,2892402,8527597780.0,3956.0,84,3955.0,764
rb1805,20171130,20171129,210728500,3955.0,215330,2892416,8531078980.0,3956.0,44,3955.0,760
rb1805,20171130,20171129,210729000,3956.0,215342,2892408,8531553680.0,3956.0,46,3955.0,759
rb1805,20171130,20171129,210729500,3956.0,215358,2892406,8532186620.0,3956.0,44,3955.0,763
rb1805,20171130,20171129,210730000,3955.0,215370,2892408,8532661280.0,3956.0,58,3955.0,766
rb1805,20171130,20171129,210730500,3955.0,215446,2892374,8535667120.0,3956.0,58,3955.0,752
rb1805,20171130,20171129,210731000,3956.0,215456,2892376,8536062700.0,3956.0,55,3955.0,761
rb1805,20171130,20171129,210731500,3955.0,215472,2892380,8536695500.0,3956.0,162,3955.0,756
rb1805,20171130,20171129,210732000,3956.0,215488,2892390,8537328400.0,3956.0,180,3955.0,755
rb1805,20171130,20171129,210732500,3956.0,215522,2892380,8538673420.0,3956.0,178,3955.0,754
rb1805,20171130,20171129,210733000,3955.0,215544,2892396,8539543560.0,3956.0,177,3955.0,746
rb1805,20171130,20171129,210733500,3955.0,215608,2892452,8542074800.0,3956.0,225,3955.0,717
rb1805,20171130,20171129,210734000,3956.0,216508,2892510,8577670220.0,3956.0,238,3955.0,290
rb1805,20171130,20171129,210734500,3954.0,217194,2892608,8604801020.0,3955.0,55,3954.0,824
rb1805,20171130,20171129,210735000,3955.0,217352,2892624,8611048580.0,3955.0,381,3954.0,764
rb1805,20171130,20171129,210735500,3954.0,217356,2892622,8611206760.0,3955.0,397,3954.0,798
rb1805,20171130,20171129,210736000,3954.0,217392,2892624,8612630280.0,3955.0,393,3954.0,845
rb1805,20171130,20171129,210736500,3955.0,217420,2892618,8613737620.0,3955.0,405,3954.0,839
rb1805,20171130,20171129,210737000,3954.0,217654,2892624,8622990220.0,3955.0,397,3954.0,734
rb1805,20171130,20171129,210737500,3954.0,217736,2892666,8626232620.0,3955.0,393,3954.0,719
rb1805,20171130,20171129,210738000,3954.0,217794,2892680,8628526140.0,3955.0,384,3954.0,700
rb1805,20171130,20171129,210738500,3954.0,217882,2892696,8632006340.0,3955.0,352,3954.0,697
rb1805,20171130,20171129,210739000,3954.0,217882,2892696,8632006340.0,3955.0,353,3954.0,715
rb1805,20171130,20171129,210739500,3954.0,217902,2892708,8632797160.0,3955.0,353,3954.0,707
rb1805,20171130,20171129,210740000,3954.0,217922,2892714,8633587960.0,3955.0,354,3954.0,698
rb1805,20171130,20171129,210740500,3955.0,217926,2892710,8633746160.0,3955.0,403,3954.0,704
rb1805,20171130,20171129,210741000,3954.0,217980,2892692,8635881460.0,3955.0,431,3954.0,685
rb1805,20171130,20171129,210741500,3954.0,218010,2892714,8637067800.0,3955.0,426,3954.0,680
rb1805,20171130,20171129,210742000,3954.0,218042,2892722,8638333100.0,3955.0,427,3954.0,666
rb1805,20171130,20171129,210742500,3954.0,218092,2892750,8640310140.0,3955.0,428,3954.0,663
rb1805,20171130,20171129,210743000,3954.0,218102,2892756,8640705560.0,3955.0,444,3954.0,665
rb1805,20171130,20171129,210743500,3955.0,218236,2892636,8646004020.0,3955.0,439,3954.0,604
rb1805,20171130,20171129,210744000,3954.0,219174,2892932,8683101120.0,3955.0,26,3954.0,564
rb1805,20171130,20171129,210744500,3955.0,219856,2892714,8710074260.0,3956.0,297,3955.0,47
rb1805,20171130,20171129,210745000,3955.0,219880,2892730,8711023460.0,3956.0,288,3955.0,137
rb1805,20171130,20171129,210745500,3955.0,220100,2892592,8719724480.0,3956.0,288,3955.0,122
rb1805,20171130,20171129,210746000,3955.0,220152,2892602,8721781100.0,3956.0,275,3955.0,129
rb1805,20171130,20171129,210746500,3955.0,220252,2892622,8725736460.0,3956.0,259,3955.0,109
rb1805,20171130,20171129,210747000,3955.0,220308,2892616,8727951280.0,3956.0,258,3955.0,202
rb1805,20171130,20171129,210747500,3955.0,220362,2892594,8730087000.0,3956.0,261,3955.0,199
rb1805,20171130,20171129,210748000,3955.0,220448,2892604,8733488300.0,3956.0,264,3955.0,244
rb1805,20171130,20171129,210748500,3955.0,220480,2892618,8734753900.0,3956.0,276,3955.0,235
rb1805,20171130,20171129,210749000,3955.0,220502,2892626,8735624120.0,3956.0,272,3955.0,252
rb1805,20171130,20171129,210749500,3955.0,220716,2892630,8744087880.0,3956.0,269,3955.0,206
rb1805,20171130,20171129,210750000,3955.0,220848,2892692,8749308520.0,3956.0,267,3955.0,154
rb1805,20171130,20171129,210750500,3955.0,221006,2892760,8755557420.0,3956.0,267,3955.0,83
rb1805,20171130,20171129,210751000,3955.0,221036,2892762,8756743920.0,3956.0,286,3955.0,70
rb1805,20171130,20171129,210751500,3955.0,221112,2892740,8759750020.0,3956.0,273,3955.0,56
rb1805,20171130,20171129,210752000,3955.0,221156,2892740,8761490620.0,3956.0,254,3955.0,58
rb1805,20171130,20171129,210752500,3955.0,221212,2892750,8763705500.0,3956.0,250,3955.0,56
rb1805,20171130,20171129,210753000,3955.0,221358,2892786,8769479800.0,3955.0,333,3954.0,589
rb1805,20171130,20171129,210753500,3955.0,221422,2892798,8772010960.0,3955.0,320,3954.0,588
rb1805,20171130,20171129,210754000,3954.0,221810,2893124,8787355900.0,3955.0,172,3954.0,565
rb1805,20171130,20171129,210754500,3955.0,222006,2893268,8795107700.0,3955.0,76,3954.0,566
rb1805,20171130,20171129,210755000,3955.0,222052,2893268,8796927000.0,3955.0,62,3954.0,571
rb1805,20171130,20171129,210755500,3955.0,222062,2893274,8797322500.0,3955.0,59,3954.0,577
rb1805,20171130,20171129,210756000,3954.0,222266,2893450,8805388680.0,3955.0,87,3954.0,477
rb1805,20171130,20171129,210756500,3954.0,222594,2893364,8818358960.0,3955.0,62,3954.0,371
rb1805,20171130,20171129,210757000,3954.0,222606,2893358,8818833520.0,3955.0,104,3954.0,369
rb1805,20171130,20171129,210757500,3954.0,222624,2893342,8819545280.0,3955.0,107,3954.0,366
rb1805,20171130,20171129,210758000,3954.0,222700,2893340,8822550460.0,3955.0,101,3954.0,336
rb1805,20171130,20171129,210758500,3954.0,223378,2893556,8849358600.0,3954.0,8,3953.0,1440
rb1805,20171130,20171129,210759000,3954.0,223386,2893548,8849674920.0,3954.0,18,3953.0,1441
rb1805,20171130,20171129,210759500,3954.0,223512,2893490,8854657740.0,3954.0,18,3953.0,1442
rb1805,20171130,20171129,210800000,3953.0,223564,2893490,8856713760.0,3954.0,1,3953.0,1440
rb1805,20171130,20171129,210800500,3953.0,223798,2893684,8865964760.0,3954.0,1,3953.0,1366
rb1805,20171130,20171129,210801000,3953.0,223866,2893662,8868652960.0,3954.0,38,3953.0,1340
rb1805,20171130,20171129,210801500,3954.0,223964,2893662,8872527400.0,3954.0,13,3953.0,1319
rb1805,20171130,20171129,210802000,3954.0,223972,2893658,8872843700.0,3954.0,17,3953.0,1321
rb1805,20171130,20171129,210802500,3954.0,224050,2893628,8875927280.0,3954.0,10,3953.0,1319
rb1805,20171130,20171129,210803000,3954.0,224128,2893686,8879011400.0,3955.0,244,3954.0,85
rb1805,20171130,20171129,210803500,3955.0,224436,2893834,8891192660.0,3955.0,98,3954.0,50
rb1805,20171130,20171129,210804000,3955.0,224740,2894062,8903215620.0,3956.0,466,3955.0,9
rb1805,20171130,20171129,210804500,3954.0,224854,2894100,8907724300.0,3956.0,456,3954.0,205
rb1805,20171130,20171129,210805000,3954.0,224932,2894150,8910808660.0,3955.0,11,3954.0,306
rb1805,20171130,20171129,210805500,3955.0,225138,2894004,8918955540.0,3955.0,2,3954.0,291
rb1805,20171130,20171129,210806000,3955.0,225206,2893984,8921644960.0,3956.0,453,3955.0,74
rb1805,20171130,20171129,210806500,3955.0,225248,2893988,8923306120.0,3956.0,448,3955.0,138
rb1805,20171130,20171129,210807000,3956.0,225276,2894012,8924413620.0,3956.0,433,3955.0,181
rb1805,20171130,20171129,210807500,3955.0,225294,2894024,8925125600.0,3956.0,431,3955.0,180
rb1805,20171130,20171129,210808000,3956.0,225308,2894032,8925679340.0,3956.0,431,3955.0,186
rb1805,20171130,20171129,210808500,3955.0,225378,2894010,8928447860.0,3956.0,442,3955.0,160
rb1805,20171130,20171129,210809000,3955.0,225486,2894054,8932719320.0,3956.0,439,3955.0,90
rb1805,20171130,20171129,210809500,3955.0,225696,2893918,8941024820.0,3955.0,166,3954.0,291
rb1805,20171130,20171129,210810000,3955.0,225762,2893890,8943635120.0,3955.0,159,3954.0,394
rb1805,20171130,20171129,210810500,3955.0,226102,2893620,8957082200.0,3956.0,438,3955.0,5
rb1805,20171130,20171129,210811000,3956.0,226152,2893610,8959059820.0,3956.0,436,3955.0,18
rb1805,20171130,20171129,210811500,3955.0,226162,2893618,8959455360.0,3956.0,444,3955.0,16
rb1805,20171130,20171129,210812000,3955.0,226202,2893640,8961037380.0,3956.0,448,3955.0,25
rb1805,20171130,20171129,210812500,3954.0,226266,2893646,8963568480.0,3955.0,4,3954.0,402
rb1805,20171130,20171129,210813000,3955.0,226286,2893650,8964359480.0,3955.0,18,3954.0,407
rb1805,20171130,20171129,210813500,3955.0,226306,2893650,8965150460.0,3955.0,130,3954.0,507
rb1805,20171130,20171129,210814000,3955.0,226356,2893686,8967127960.0,3955.0,148,3954.0,452
rb1805,20171130,20171129,210814500,3954.0,226376,2893702,8967918920.0,3955.0,201,3954.0,458
rb1805,20171130,20171129,210815000,3955.0,226390,2893714,8968472620.0,3955.0,200,3954.0,418
rb1805,20171130,20171129,210815500,3954.0,226464,2893720,8971398700.0,3955.0,197,3954.0,391
rb1805,20171130,20171129,210816000,3955.0,226486,2893736,8972268760.0,3955.0,298,3954.0,390
rb1805,20171130,20171129,210816500,3954.0,226510,2893740,8973217820.0,3955.0,293,3954.0,386
rb1805,20171130,20171129,210817000,3954.0,226522,2893752,8973692320.0,3955.0,295,3954.0,392
rb1805,20171130,20171129,210817500,3955.0,226882,2893622,8987926800.0,3955.0,299,3954.0,234
rb1805,20171130,20171129,210818000,3954.0,227396,2893584,9008250400.0,3954.0,69,3953.0,1414
rb1805,20171130,20171129,210818500,3954.0,227402,2893588,9008487640.0,3954.0,99,3953.0,1426
rb1805,20171130,20171129,210819000,3953.0,227484,2893620,9011729480.0,3954.0,107,3953.0,1404
rb1805,20171130,20171129,210819500,3954.0,227490,2893624,9011966720.0,3954.0,200,3953.0,1408
rb1805,20171130,20171129,210820000,3954.0,227532,2893662,9013627400.0,3954.0,206,3953.0,1412
rb1805,20171130,20171129,210820500,3954.0,227542,2893662,9014022780.0,3954.0,256,3953.0,1434
rb1805,20171130,20171129,210821000,3954.0,227570,2893666,9015129760.0,3954.0,244,3953.0,1427
rb1805,20171130,20171129,210821500,3953.0,227610,2893670,9016711320.0,3954.0,223,3953.0,1431
rb1805,20171130,20171129,210822000,3954.0,227634,2893666,9017660200.0,3954.0,147,3953.0,1442
rb1805,20171130,20171129,210822500,3954.0,227946,2893782,9029996620.0,3955.0,340,3954.0,3
rb1805,20171130,20171129,210823000,3953.0,228058,2893788,9034424460.0,3955.0,331,3953.0,1406
rb1805,20171130,20171129,210823500,3954.0,228120,2893800,9036876040.0,3955.0,325,3954.0,2
rb1805,20171130,20171129,210824000,3954.0,228124,2893802,9037034200.0,3955.0,326,3954.0,15
rb1805,20171130,20171129,210824500,3954.0,228132,2893810,9037350520.0,3955.0,340,3954.0,73
rb1805,20171130,20171129,210825000,3954.0,228544,2893492,9053638480.0,3955.0,362,3953.0,1310
rb1805,20171130,20171129,210825500,3954.0,228544,2893492,9053638480.0,3954.0,12,3953.0,1297
rb1805,20171130,20171129,210826000,3954.0,228588,2893476,9055378220.0,3955.0,329,3954.0,306
rb1805,20171130,20171129,210826500,3955.0,228680,2893480,9059015980.0,3955.0,330,3954.0,271
rb1805,20171130,20171129,210827000,3954.0,228798,2893480,9063682340.0,3955.0,312,3954.0,244
rb1805,20171130,20171129,210827500,3954.0,229122,2893174,9076493320.0,3955.0,315,3954.0,340
rb1805,20171130,20171129,210828000,3954.0,229226,2893118,9080606300.0,3955.0,274,3954.0,331
rb1805,20171130,20171129,210828500,3954.0,229914,2893158,9107809820.0,3955.0,273,3954.0,1
rb1805,20171130,20171129,210829000,3954.0,229980,2893174,9110419600.0,3954.0,109,3953.0,1270
rb1805,20171130,20171129,210829500,3954.0,230018,2893144,9111922120.0,3954.0,102,3953.0,1273
rb1805,20171130,20171129,210830000,3954.0,230288,2893032,9122597840.0,3955.0,273,3954.0,231
rb1805,20171130,20171129,210830500,3955.0,230294,2893032,9122835100.0,3955.0,285,3954.0,330
rb1805,20171130,20171129,210831000,3954.0,230312,2893024,9123546860.0,3955.0,287,3954.0,328
rb1805,20171130,20171129,210831500,3954.0,230340,2893020,9124654000.0,3955.0,286,3954.0,428
rb1805,20171130,20171129,210832000,3954.0,230346,2893018,9124891240.0,3955.0,292,3954.0,645
rb1805,20171130,20171129,210832500,3954.0,230648,2892768,9136835320.0,3955.0,143,3954.0,647
rb1805,20171130,20171129,210833000,3955.0,230956,2892746,9149016720.0,3956.0,708,3955.0,121
rb1805,20171130,20171129,210833500,3955.0,230990,2892754,9150361420.0,3956.0,706,3955.0,113
rb1805,20171130,20171129,210834000,3955.0,231028,2892772,9151864620.0,3956.0,692,3955.0,166
rb1805,20171130,20171129,210834500,3955.0,231062,2892800,9153209340.0,3956.0,691,3955.0,177
rb1805,20171130,20171129,210835000,3955.0,231082,2892818,9154000340.0,3956.0,691,3955.0,173
rb1805,20171130,20171129,210835500,3955.0,231130,2892822,9155899060.0,3956.0,676,3955.0,236
rb1805,20171130,20171129,210836000,3956.0,232020,2892786,9191107380.0,3956.0,236,3955.0,261
rb1805,20171130,20171129,210836500,3956.0,232674,2892906,9216980060.0,3957.0,265,3956.0,831
rb1805,20171130,20171129,210837000,3957.0,233222,2892558,9238664420.0,3958.0,498,3957.0,63
rb1805,20171130,20171129,210837500,3958.0,233268,2892560,9240484800.0,3958.0,470,3957.0,116
rb1805,20171130,20171129,210838000,3957.0,233318,2892530,9242463540.0,3958.0,462,3957.0,94
rb1805,20171130,20171129,210838500,3958.0,233332,2892530,9243017640.0,3958.0,484,3957.0,99
rb1805,20171130,20171129,210839000,3958.0,233572,2892404,9252514700.0,3958.0,471,3957.0,24
rb1805,20171130,20171129,210839500,3957.0,233762,2892446,9260033000.0,3957.0,63,3956.0,465
rb1805,20171130,20171129,210840000,3957.0,233938,2892390,9266997320.0,3957.0,119,3956.0,456
rb1805,20171130,20171129,210840500,3957.0,233954,2892386,9267630440.0,3957.0,150,3956.0,449
rb1805,20171130,20171129,210841000,3956.0,234148,2892406,9275305080.0,3957.0,283,3956.0,350
rb1805,20171130,20171129,210841500,3956.0,235004,2892954,9309168280.0,3956.0,30,3955.0,280
rb1805,20171130,20171129,210842000,3956.0,235010,2892956,9309405640.0,3956.0,43,3955.0,297
rb1805,20171130,20171129,210842500,3956.0,235014,2892958,9309563880.0,3956.0,41,3955.0,313
rb1805,20171130,20171129,210843000,3956.0,235122,2892954,9313836340.0,3956.0,44,3955.0,317
rb1805,20171130,20171129,210843500,3956.0,235132,2892962,9314231920.0,3956.0,42,3955.0,326
rb1805,20171130,20171129,210844000,3956.0,235240,2892982,9318504500.0,3957.0,456,3956.0,106
rb1805,20171130,20171129,210844500,3956.0,235242,2892984,9318583620.0,3957.0,470,3956.0,109
rb1805,20171130,20171129,210845000,3956.0,235242,2892984,9318583620.0,3957.0,507,3956.0,135
rb1805,20171130,20171129,210845500,3956.0,235264,2892986,9319453960.0,3957.0,435,3956.0,442
rb1805,20171130,20171129,210846000,3957.0,235272,2892988,9319770500.0,3957.0,436,3956.0,460
rb1805,20171130,20171129,210846500,3956.0,235334,2892946,9322223800.0,3957.0,409,3956.0,561
rb1805,20171130,20171129,210847000,3956.0,235372,2892964,9323727160.0,3957.0,408,3956.0,553
rb1805,20171130,20171129,210847500,3956.0,235390,2892980,9324439260.0,3957.0,409,3956.0,546
rb1805,20171130,20171129,210848000,3956.0,235886,2893414,9344061080.0,3957.0,408,3956.0,291
rb1805,20171130,20171129,210848500,3956.0,235986,2893414,9348017200.0,3957.0,402,3956.0,257
rb1805,20171130,20171129,210849000,3956.0,236522,2893652,9369221520.0,3957.0,403,3955.0,355
rb1805,20171130,20171129,210849500,3956.0,236534,2893656,9369696160.0,3956.0,285,3955.0,352
rb1805,20171130,20171129,210850000,3956.0,237166,2893638,9394692260.0,3956.0,428,3955.0,32
rb1805,20171130,20171129,210850500,3955.0,237270,2893676,9398805460.0,3955.0,428,3954.0,651
rb1805,20171130,20171129,210851000,3955.0,237344,2893728,9401732160.0,3955.0,396,3954.0,643
rb1805,20171130,20171129,210851500,3955.0,237362,2893716,9402444060.0,3955.0,387,3954.0,643
rb1805,20171130,20171129,210852000,3955.0,237418,2893700,9404658860.0,3955.0,360,3954.0,642
rb1805,20171130,20171129,210852500,3955.0,237624,2893758,9412806140.0,3955.0,258,3954.0,642
rb1805,20171130,20171129,210853000,3955.0,237948,2893438,9425620340.0,3955.0,96,3954.0,842
rb1805,20171130,20171129,210853500,3955.0,238148,2893342,9433530340.0,3956.0,297,3955.0,73
rb1805,20171130,20171129,210854000,3955.0,238176,2893334,9434637920.0,3956.0,288,3955.0,142
rb1805,20171130,20171129,210854500,3955.0,238206,2893308,9435824420.0,3956.0,288,3955.0,207
rb1805,20171130,20171129,210855000,3955.0,238234,2893308,9436931820.0,3956.0,288,3955.0,211
rb1805,20171130,20171129,210855500,3955.0,238240,2893304,9437169120.0,3956.0,289,3955.0,217
rb1805,20171130,20171129,210856000,3956.0,238348,2893230,9441440560.0,3956.0,287,3955.0,220
rb1805,20171130,20171129,210856500,3955.0,238370,2893216,9442310820.0,3956.0,282,3955.0,268
rb1805,20171130,20171129,210857000,3956.0,238378,2893216,9442627260.0,3956.0,340,3955.0,276
rb1805,20171130,20171129,210857500,3956.0,238410,2893232,9443892980.0,3956.0,324,3955.0,269
rb1805,20171130,20171129,210858000,3956.0,238636,2893172,9452833480.0,3956.0,216,3955.0,269
rb1805,20171130,20171129,210858500,3956.0,238712,2893174,9455839800.0,3956.0,156,3955.0,262
rb1805,20171130,20171129,210859000,3956.0,238742,2893176,9457026580.0,3956.0,190,3955.0,265
rb1805,20171130,20171129,210859500,3956.0,238956,2893226,9465490400.0,3956.0,188,3955.0,169
rb1805,20171130,20171129,210900000,3956.0,238982,2893238,9466518820.0,3956.0,185,3955.0,163
rb1805,20171130,20171129,210900500,3955.0,238988,2893238,9466756120.0,3956.0,185,3955.0,184
rb1805,20171130,20171129,210901000,3956.0,239000,2893246,9467230740.0,3956.0,200,3955.0,192
rb1805,20171130,20171129,210901500,3956.0,239010,2893244,9467626280.0,3956.0,187,3955.0,195
rb1805,20171130,20171129,210902000,3956.0,239126,2893276,9472215200.0,3956.0,144,3955.0,203
rb1805,20171130,20171129,210902500,3956.0,239382,2893408,9482342560.0,3956.0,16,3955.0,325
rb1805,20171130,20171129,210903000,3956.0,239490,2893362,9486615040.0,3957.0,334,3956.0,67
rb1805,20171130,20171129,210903500,3956.0,239492,2893360,9486694160.0,3957.0,335,3956.0,86
rb1805,20171130,20171129,210904000,3956.0,239524,2893336,9487960080.0,3957.0,339,3956.0,76
rb1805,20171130,20171129,210904500,3956.0,239644,2893282,9492707320.0,3957.0,335,3956.0,19
rb1805,20171130,20171129,210905000,3956.0,239650,2893288,9492944680.0,3957.0,335,3956.0,16
rb1805,20171130,20171129,210905500,3956.0,239696,2893288,9494764640.0,3957.0,325,3956.0,17
rb1805,20171130,20171129,210906000,3956.0,239716,2893278,9495555860.0,3957.0,333,3956.0,20
rb1805,20171130,20171129,210906500,3956.0,239732,2893276,9496188820.0,3957.0,333,3956.0,43
rb1805,20171130,20171129,210907000,3956.0,239764,2893282,9497454940.0,3957.0,323,3956.0,42
