instrument,tradingday,calendarday,time,lastp,volume,openinterest,turnover,ask1,asksz1,bid1,bidsz1
rb1805,20170721,20170720,183026500,3200.0,0,89340,0.0,0.0,0,0.0,0
rb1805,20170721,20170720,205900500,3202.0,28,89326,896560.0,3202.0,1,3200.0,6
rb1805,20170721,20170720,210000500,3205.0,40,89334,1281100.0,3204.0,8,3203.0,72
rb1805,20170721,20170720,210001000,3203.0,66,89354,2113940.0,3204.0,5,3203.0,67
rb1805,20170721,20170720,210001500,3204.0,98,89384,3139020.0,3204.0,4,3203.0,55
rb1805,20170721,20170720,210002000,3204.0,100,89382,3203100.0,3208.0,3,3204.0,2
rb1805,20170721,20170720,210002500,3203.0,104,89386,3331220.0,3207.0,4,3203.0,48
rb1805,20170721,20170720,210003500,3203.0,104,89386,3331220.0,3207.0,4,3204.0,2
rb1805,20170721,20170720,210004000,3203.0,104,89386,3331220.0,3207.0,4,3204.0,2
rb1805,20170721,20170720,210004500,3207.0,106,89386,3395360.0,3207.0,3,3203.0,48
rb1805,20170721,20170720,210005000,3203.0,112,89392,3587540.0,3207.0,3,3203.0,45
rb1805,20170721,20170720,210005500,3203.0,112,89392,3587540.0,3207.0,15,3203.0,45
rb1805,20170721,20170720,210006000,3203.0,112,89392,3587540.0,3207.0,15,3203.0,46
rb1805,20170721,20170720,210006500,3207.0,114,89392,3651680.0,3207.0,15,3203.0,46
rb1805,20170721,20170720,210007000,3207.0,114,89392,3651680.0,3207.0,16,3203.0,46
rb1805,20170721,20170720,210007500,3207.0,114,89392,3651680.0,3207.0,16,3203.0,46
rb1805,20170721,20170720,210008000,3207.0,114,89392,3651680.0,3207.0,16,3203.0,46
rb1805,20170721,20170720,210008500,3207.0,146,89420,4676720.0,3207.0,22,3203.0,31
rb1805,20170721,20170720,210009000,3207.0,148,89418,4740860.0,3207.0,14,3203.0,31
rb1805,20170721,20170720,210009500,3207.0,150,89418,4805000.0,3206.0,1,3203.0,32
rb1805,20170721,20170720,210010000,3207.0,160,89422,5125700.0,3207.0,13,3204.0,1
rb1805,20170721,20170720,210010500,3207.0,160,89422,5125700.0,3206.0,1,3204.0,1
rb1805,20170721,20170720,210011500,3207.0,160,89422,5125700.0,3206.0,1,3204.0,1
rb1805,20170721,20170720,210012000,3204.0,162,89420,5189780.0,3204.0,1,3203.0,30
rb1805,20170721,20170720,210012500,3207.0,170,89420,5446260.0,3204.0,2,3203.0,31
rb1805,20170721,20170720,210013000,3207.0,170,89420,5446260.0,3204.0,2,3203.0,31
rb1805,20170721,20170720,210013500,3207.0,170,89420,5446260.0,3204.0,2,3203.0,31
rb1805,20170721,20170720,210014000,3204.0,172,89422,5510340.0,3204.0,1,3203.0,30
rb1805,20170721,20170720,210014500,3203.0,200,89450,6407180.0,3204.0,1,3203.0,16
rb1805,20170721,20170720,210015000,3204.0,206,89456,6599380.0,3207.0,9,3204.0,1
rb1805,20170721,20170720,210015500,3204.0,206,89456,6599380.0,3207.0,16,3204.0,1
rb1805,20170721,20170720,210016000,3204.0,206,89456,6599380.0,3206.0,1,3204.0,4
rb1805,20170721,20170720,210016500,3204.0,206,89456,6599380.0,3206.0,1,3205.0,2
rb1805,20170721,20170720,210017000,3204.0,206,89456,6599380.0,3206.0,1,3205.0,2
rb1805,20170721,20170720,210017500,3204.0,206,89456,6599380.0,3206.0,1,3205.0,2
rb1805,20170721,20170720,210018000,3205.0,210,89456,6727600.0,3207.0,11,3205.0,1
rb1805,20170721,20170720,210018500,3205.0,210,89456,6727600.0,3207.0,9,3205.0,2
rb1805,20170721,20170720,210019000,3205.0,210,89456,6727600.0,3207.0,9,3205.0,2
rb1805,20170721,20170720,210019500,3205.0,212,89456,6791700.0,3207.0,9,3205.0,1
rb1805,20170721,20170720,210020000,3205.0,212,89456,6791700.0,3206.0,2,3205.0,1
rb1805,20170721,20170720,210020500,3206.0,216,89452,6919940.0,3207.0,9,3206.0,3
rb1805,20170721,20170720,210021000,3205.0,224,89444,7176460.0,3207.0,6,3204.0,7
rb1805,20170721,20170720,210021500,3205.0,224,89444,7176460.0,3206.0,5,3204.0,7
rb1805,20170721,20170720,210022000,3206.0,236,89432,7561180.0,3207.0,6,3204.0,7
rb1805,20170721,20170720,210022500,3206.0,236,89432,7561180.0,3207.0,9,3204.0,7
rb1805,20170721,20170720,210023000,3206.0,236,89432,7561180.0,3207.0,9,3204.0,7
rb1805,20170721,20170720,210023500,3206.0,236,89432,7561180.0,3207.0,9,3204.0,10
rb1805,20170721,20170720,210024000,3206.0,236,89432,7561180.0,3207.0,9,3204.0,14
rb1805,20170721,20170720,210024500,3207.0,238,89430,7625320.0,3207.0,8,3206.0,2
rb1805,20170721,20170720,210025000,3206.0,240,89430,7689440.0,3207.0,8,3206.0,1
rb1805,20170721,20170720,210026000,3206.0,240,89430,7689440.0,3207.0,8,3206.0,1
rb1805,20170721,20170720,210026500,3206.0,240,89430,7689440.0,3207.0,8,3206.0,1
rb1805,20170721,20170720,210027000,3208.0,262,89424,8395040.0,3210.0,3,3207.0,4
rb1805,20170721,20170720,210027500,3208.0,262,89424,8395040.0,3210.0,3,3207.0,6
rb1805,20170721,20170720,210028000,3207.0,264,89424,8459180.0,3210.0,3,3207.0,4
rb1805,20170721,20170720,210028500,3210.0,270,89420,8651780.0,3211.0,1,3210.0,15
rb1805,20170721,20170720,210029000,3210.0,270,89420,8651780.0,3211.0,1,3210.0,16
rb1805,20170721,20170720,210029500,3210.0,274,89420,8780180.0,3211.0,1,3210.0,14
rb1805,20170721,20170720,210030000,3211.0,276,89420,8844400.0,3212.0,3,3210.0,14
rb1805,20170721,20170720,210030500,3211.0,276,89420,8844400.0,3212.0,3,3210.0,15
rb1805,20170721,20170720,210031000,3211.0,276,89420,8844400.0,3212.0,3,3210.0,14
rb1805,20170721,20170720,210031500,3211.0,276,89420,8844400.0,3212.0,3,3210.0,14
rb1805,20170721,20170720,210032000,3211.0,276,89420,8844400.0,3212.0,3,3210.0,14
rb1805,20170721,20170720,210032500,3211.0,276,89420,8844400.0,3212.0,3,3210.0,14
rb1805,20170721,20170720,210033000,3211.0,276,89420,8844400.0,3212.0,4,3210.0,14
rb1805,20170721,20170720,210033500,3211.0,276,89420,8844400.0,3212.0,4,3210.0,1
rb1805,20170721,20170720,210035000,3212.0,284,89416,9101360.0,3213.0,4,3212.0,9
rb1805,20170721,20170720,210035500,3212.0,300,89406,9615280.0,3213.0,5,3212.0,1
rb1805,20170721,20170720,210036000,3212.0,302,89406,9679520.0,3212.0,1,3210.0,1
rb1805,20170721,20170720,210036500,3212.0,302,89406,9679520.0,3213.0,5,3210.0,1
rb1805,20170721,20170720,210037000,3212.0,302,89406,9679520.0,3213.0,6,3210.0,1
rb1805,20170721,20170720,210037500,3212.0,302,89406,9679520.0,3212.0,2,3210.0,1
rb1805,20170721,20170720,210038000,3212.0,306,89406,9807960.0,3212.0,1,3209.0,1
rb1805,20170721,20170720,210038500,3212.0,306,89406,9807960.0,3213.0,5,3212.0,1
rb1805,20170721,20170720,210039000,3212.0,312,89406,10000720.0,3213.0,3,3210.0,1
rb1805,20170721,20170720,210039500,3212.0,312,89406,10000720.0,3213.0,3,3210.0,2
rb1805,20170721,20170720,210040000,3212.0,312,89406,10000720.0,3213.0,3,3210.0,1
rb1805,20170721,20170720,210040500,3213.0,314,89404,10064980.0,3213.0,2,3210.0,2
rb1805,20170721,20170720,210041000,3210.0,316,89406,10129180.0,3212.0,6,3210.0,1
rb1805,20170721,20170720,210041500,3210.0,316,89406,10129180.0,3212.0,6,3210.0,1
rb1805,20170721,20170720,210042000,3210.0,316,89406,10129180.0,3212.0,6,3210.0,1
rb1805,20170721,20170720,210042500,3210.0,316,89406,10129180.0,3212.0,6,3210.0,1
rb1805,20170721,20170720,210043000,3210.0,316,89406,10129180.0,3212.0,6,3210.0,1
rb1805,20170721,20170720,210043500,3212.0,318,89406,10193420.0,3212.0,5,3210.0,8
rb1805,20170721,20170720,210044000,3212.0,318,89406,10193420.0,3211.0,1,3210.0,7
rb1805,20170721,20170720,210044500,3211.0,320,89406,10257640.0,3212.0,5,3210.0,8
rb1805,20170721,20170720,210045000,3212.0,324,89406,10386120.0,3212.0,3,3210.0,7
rb1805,20170721,20170720,210045500,3212.0,324,89406,10386120.0,3212.0,3,3210.0,9
rb1805,20170721,20170720,210046000,3210.0,344,89402,11028220.0,3212.0,3,3210.0,4
rb1805,20170721,20170720,210046500,3212.0,350,89402,11220940.0,3213.0,4,3212.0,1
rb1805,20170721,20170720,210047000,3212.0,350,89402,11220940.0,3213.0,5,3210.0,4
rb1805,20170721,20170720,210047500,3212.0,350,89402,11220940.0,3212.0,1,3210.0,6
rb1805,20170721,20170720,210048000,3212.0,352,89402,11285180.0,3213.0,5,3212.0,2
rb1805,20170721,20170720,210048500,3213.0,362,89398,11606480.0,3214.0,2,3212.0,1
rb1805,20170721,20170720,210049000,3213.0,362,89398,11606480.0,3214.0,2,3212.0,1
rb1805,20170721,20170720,210049500,3213.0,362,89398,11606480.0,3214.0,2,3212.0,1
rb1805,20170721,20170720,210050000,3213.0,362,89398,11606480.0,3214.0,2,3212.0,1
rb1805,20170721,20170720,210050500,3213.0,362,89398,11606480.0,3214.0,2,3213.0,1
rb1805,20170721,20170720,210051000,3213.0,364,89398,11670740.0,3214.0,2,3212.0,6
rb1805,20170721,20170720,210051500,3213.0,364,89398,11670740.0,3214.0,2,3212.0,6
rb1805,20170721,20170720,210052000,3213.0,364,89398,11670740.0,3214.0,2,3213.0,1
rb1805,20170721,20170720,210052500,3214.0,372,89402,11927820.0,3215.0,11,3214.0,1
rb1805,20170721,20170720,210053000,3213.0,376,89404,12056360.0,3214.0,3,3212.0,6
rb1805,20170721,20170720,210053500,3213.0,376,89404,12056360.0,3214.0,1,3212.0,6
rb1805,20170721,20170720,210054500,3214.0,378,89404,12120640.0,3215.0,11,3212.0,6
rb1805,20170721,20170720,210055000,3215.0,386,89398,12377840.0,3215.0,7,3212.0,6
rb1805,20170721,20170720,210055500,3215.0,386,89398,12377840.0,3215.0,7,3212.0,6
rb1805,20170721,20170720,210056000,3215.0,386,89398,12377840.0,3215.0,7,3213.0,1
rb1805,20170721,20170720,210056500,3215.0,386,89398,12377840.0,3215.0,7,3213.0,1
rb1805,20170721,20170720,210057000,3215.0,386,89398,12377840.0,3215.0,7,3213.0,1
rb1805,20170721,20170720,210057500,3215.0,386,89398,12377840.0,3215.0,7,3213.0,1
rb1805,20170721,20170720,210058000,3215.0,400,89402,12827940.0,3216.0,4,3215.0,3
rb1805,20170721,20170720,210058500,3215.0,406,89408,13020840.0,3215.0,4,3213.0,1
rb1805,20170721,20170720,210059000,3213.0,408,89408,13085100.0,3216.0,5,3212.0,6
rb1805,20170721,20170720,210059500,3213.0,408,89408,13085100.0,3215.0,4,3212.0,6
rb1805,20170721,20170720,210100000,3213.0,408,89408,13085100.0,3215.0,4,3212.0,6
rb1805,20170721,20170720,210101000,3213.0,408,89408,13085100.0,3215.0,4,3212.0,6
rb1805,20170721,20170720,210101500,3213.0,408,89408,13085100.0,3215.0,2,3213.0,3
rb1805,20170721,20170720,210102000,3213.0,408,89408,13085100.0,3215.0,4,3213.0,10
rb1805,20170721,20170720,210102500,3213.0,408,89408,13085100.0,3215.0,4,3213.0,11
rb1805,20170721,20170720,210103000,3213.0,412,89408,13213660.0,3215.0,3,3213.0,10
rb1805,20170721,20170720,210103500,3213.0,412,89408,13213660.0,3215.0,8,3213.0,10
rb1805,20170721,20170720,210104500,3213.0,412,89408,13213660.0,3215.0,8,3213.0,10
rb1805,20170721,20170720,210105000,3215.0,424,89404,13599340.0,3215.0,8,3213.0,7
rb1805,20170721,20170720,210105500,3215.0,424,89404,13599340.0,3216.0,5,3213.0,12
rb1805,20170721,20170720,210106000,3215.0,424,89404,13599340.0,3216.0,6,3213.0,12
rb1805,20170721,20170720,210107000,3215.0,424,89404,13599340.0,3216.0,13,3213.0,7
rb1805,20170721,20170720,210107500,3215.0,424,89404,13599340.0,3216.0,10,3214.0,2
rb1805,20170721,20170720,210108500,3215.0,424,89404,13599340.0,3215.0,2,3214.0,7
rb1805,20170721,20170720,210109000,3215.0,430,89404,13792220.0,3216.0,5,3214.0,6
rb1805,20170721,20170720,210109500,3215.0,430,89404,13792220.0,3215.0,4,3214.0,1
rb1805,20170721,20170720,210110000,3215.0,432,89406,13856520.0,3215.0,3,3214.0,1
rb1805,20170721,20170720,210110500,3215.0,432,89406,13856520.0,3215.0,3,3214.0,1
rb1805,20170721,20170720,210111000,3215.0,436,89410,13985120.0,3215.0,1,3214.0,1
rb1805,20170721,20170720,210111500,3215.0,438,89412,14049420.0,3216.0,6,3214.0,1
rb1805,20170721,20170720,210112500,3215.0,438,89412,14049420.0,3216.0,6,3215.0,1
rb1805,20170721,20170720,210113000,3215.0,438,89412,14049420.0,3216.0,6,3215.0,1
rb1805,20170721,20170720,210113500,3215.0,438,89412,14049420.0,3216.0,6,3215.0,1
rb1805,20170721,20170720,210114000,3215.0,438,89412,14049420.0,3216.0,6,3215.0,1
rb1805,20170721,20170720,210114500,3215.0,438,89412,14049420.0,3216.0,7,3215.0,1
rb1805,20170721,20170720,210115000,3215.0,440,89414,14113720.0,3215.0,2,3214.0,2
rb1805,20170721,20170720,210115500,3215.0,440,89414,14113720.0,3216.0,14,3214.0,2
rb1805,20170721,20170720,210116000,3215.0,440,89414,14113720.0,3216.0,16,3214.0,2
rb1805,20170721,20170720,210116500,3215.0,440,89414,14113720.0,3215.0,10,3214.0,2
rb1805,20170721,20170720,210117000,3215.0,440,89414,14113720.0,3215.0,10,3214.0,2
rb1805,20170721,20170720,210117500,3215.0,440,89414,14113720.0,3215.0,10,3214.0,2
rb1805,20170721,20170720,210118000,3215.0,442,89416,14178020.0,3215.0,9,3214.0,2
rb1805,20170721,20170720,210119000,3215.0,442,89416,14178020.0,3215.0,12,3214.0,2
rb1805,20170721,20170720,210119500,3215.0,442,89416,14178020.0,3215.0,12,3214.0,3
rb1805,20170721,20170720,210120000,3215.0,444,89418,14242320.0,3215.0,11,3214.0,3
rb1805,20170721,20170720,210120500,3214.0,448,89414,14370880.0,3215.0,8,3214.0,1
rb1805,20170721,20170720,210121000,3214.0,448,89414,14370880.0,3215.0,8,3214.0,1
rb1805,20170721,20170720,210121500,3215.0,452,89418,14499480.0,3215.0,6,3214.0,1
rb1805,20170721,20170720,210122000,3215.0,452,89418,14499480.0,3215.0,6,3214.0,1
rb1805,20170721,20170720,210123000,3214.0,454,89420,14563760.0,3214.0,4,3213.0,12
rb1805,20170721,20170720,210123500,3214.0,454,89420,14563760.0,3214.0,4,3213.0,7
rb1805,20170721,20170720,210124000,3214.0,456,89422,14628040.0,3214.0,3,3213.0,7
rb1805,20170721,20170720,210124500,3214.0,456,89422,14628040.0,3214.0,5,3213.0,7
rb1805,20170721,20170720,210125000,3214.0,456,89422,14628040.0,3214.0,5,3213.0,7
rb1805,20170721,20170720,210126000,3214.0,456,89422,14628040.0,3214.0,5,3213.0,7
rb1805,20170721,20170720,210126500,3214.0,456,89422,14628040.0,3214.0,61,3213.0,7
rb1805,20170721,20170720,210128500,3213.0,458,89424,14692300.0,3214.0,61,3213.0,6
rb1805,20170721,20170720,210129500,3213.0,458,89424,14692300.0,3214.0,10,3213.0,6
rb1805,20170721,20170720,210130000,3213.0,458,89424,14692300.0,3214.0,10,3213.0,7
rb1805,20170721,20170720,210131000,3214.0,460,89426,14756580.0,3214.0,4,3213.0,12
rb1805,20170721,20170720,210131500,3214.0,468,89426,15013700.0,3215.0,7,3214.0,2
rb1805,20170721,20170720,210132000,3214.0,468,89426,15013700.0,3215.0,7,3214.0,1
rb1805,20170721,20170720,210132500,3214.0,470,89426,15077980.0,3215.0,7,3213.0,12
rb1805,20170721,20170720,210133000,3213.0,494,89424,15849100.0,3213.0,44,3212.0,10
rb1805,20170721,20170720,210133500,3213.0,582,89386,18676540.0,3215.0,7,3213.0,8
rb1805,20170721,20170720,210134000,3213.0,582,89386,18676540.0,3215.0,7,3213.0,3
rb1805,20170721,20170720,210134500,3213.0,582,89386,18676540.0,3215.0,7,3213.0,3
rb1805,20170721,20170720,210135000,3213.0,582,89386,18676540.0,3213.0,1,3212.0,10
rb1805,20170721,20170720,210135500,3213.0,582,89386,18676540.0,3213.0,1,3212.0,8
rb1805,20170721,20170720,210136000,3213.0,582,89386,18676540.0,3213.0,1,3212.0,5
rb1805,20170721,20170720,210136500,3213.0,582,89386,18676540.0,3213.0,1,3212.0,5
rb1805,20170721,20170720,210137000,3213.0,584,89386,18740800.0,3215.0,15,3213.0,6
rb1805,20170721,20170720,210137500,3214.0,588,89390,18869360.0,3214.0,5,3213.0,2
rb1805,20170721,20170720,210138000,3214.0,588,89390,18869360.0,3214.0,5,3213.0,2
rb1805,20170721,20170720,210138500,3214.0,588,89390,18869360.0,3214.0,1,3213.0,7
rb1805,20170721,20170720,210139000,3214.0,588,89390,18869360.0,3214.0,1,3213.0,7
rb1805,20170721,20170720,210139500,3214.0,588,89390,18869360.0,3214.0,1,3213.0,7
rb1805,20170721,20170720,210140000,3214.0,588,89390,18869360.0,3214.0,1,3213.0,7
rb1805,20170721,20170720,210140500,3214.0,588,89390,18869360.0,3214.0,1,3213.0,7
rb1805,20170721,20170720,210141000,3214.0,588,89390,18869360.0,3214.0,2,3213.0,8
rb1805,20170721,20170720,210141500,3214.0,588,89390,18869360.0,3214.0,2,3213.0,8
rb1805,20170721,20170720,210142000,3214.0,588,89390,18869360.0,3214.0,2,3213.0,8
rb1805,20170721,20170720,210142500,3214.0,592,89392,18997920.0,3215.0,18,3213.0,6
rb1805,20170721,20170720,210143000,3214.0,592,89392,18997920.0,3215.0,13,3213.0,9
rb1805,20170721,20170720,210143500,3214.0,592,89392,18997920.0,3215.0,10,3213.0,13
rb1805,20170721,20170720,210144000,3214.0,592,89392,18997920.0,3215.0,10,3214.0,3
rb1805,20170721,20170720,210144500,3214.0,592,89392,18997920.0,3215.0,10,3214.0,3
rb1805,20170721,20170720,210145000,3214.0,592,89392,18997920.0,3215.0,11,3214.0,3
rb1805,20170721,20170720,210145500,3214.0,592,89392,18997920.0,3215.0,11,3214.0,3
rb1805,20170721,20170720,210146000,3214.0,592,89392,18997920.0,3215.0,12,3214.0,3
rb1805,20170721,20170720,210146500,3214.0,592,89392,18997920.0,3215.0,12,3214.0,3
rb1805,20170721,20170720,210147000,3214.0,592,89392,18997920.0,3215.0,12,3214.0,3
rb1805,20170721,20170720,210147500,3214.0,592,89392,18997920.0,3215.0,12,3214.0,3
rb1805,20170721,20170720,210148000,3214.0,592,89392,18997920.0,3215.0,13,3214.0,3
rb1805,20170721,20170720,210148500,3214.0,592,89392,18997920.0,3215.0,13,3214.0,3
rb1805,20170721,20170720,210149000,3214.0,596,89394,19126500.0,3215.0,12,3214.0,2
rb1805,20170721,20170720,210149500,3214.0,596,89394,19126500.0,3215.0,12,3214.0,2
rb1805,20170721,20170720,210150000,3214.0,596,89394,19126500.0,3215.0,12,3214.0,2
rb1805,20170721,20170720,210150500,3214.0,596,89394,19126500.0,3215.0,12,3214.0,2
rb1805,20170721,20170720,210151000,3214.0,596,89394,19126500.0,3215.0,12,3214.0,2
rb1805,20170721,20170720,210151500,3214.0,596,89394,19126500.0,3215.0,12,3214.0,3
rb1805,20170721,20170720,210152000,3215.0,598,89394,19190800.0,3215.0,11,3214.0,3
rb1805,20170721,20170720,210152500,3215.0,598,89394,19190800.0,3215.0,11,3214.0,3
rb1805,20170721,20170720,210153000,3215.0,598,89394,19190800.0,3215.0,11,3214.0,13
rb1805,20170721,20170720,210153500,3215.0,598,89394,19190800.0,3215.0,11,3214.0,13
rb1805,20170721,20170720,210154000,3215.0,598,89394,19190800.0,3215.0,11,3214.0,13
rb1805,20170721,20170720,210154500,3215.0,598,89394,19190800.0,3215.0,11,3214.0,13
rb1805,20170721,20170720,210155000,3215.0,608,89402,19512300.0,3215.0,5,3214.0,13
rb1805,20170721,20170720,210155500,3215.0,608,89402,19512300.0,3215.0,5,3214.0,13
rb1805,20170721,20170720,210156000,3215.0,610,89402,19576600.0,3215.0,4,3214.0,13
rb1805,20170721,20170720,210156500,3215.0,610,89402,19576600.0,3215.0,4,3214.0,14
rb1805,20170721,20170720,210157000,3215.0,610,89402,19576600.0,3215.0,4,3214.0,13
rb1805,20170721,20170720,210157500,3215.0,616,89406,19769500.0,3215.0,1,3214.0,13
rb1805,20170721,20170720,210158000,3215.0,618,89408,19833800.0,3216.0,9,3215.0,8
rb1805,20170721,20170720,210158500,3215.0,618,89408,19833800.0,3216.0,4,3215.0,6
rb1805,20170721,20170720,210159000,3215.0,618,89408,19833800.0,3216.0,4,3215.0,6
rb1805,20170721,20170720,210159500,3215.0,618,89408,19833800.0,3216.0,4,3215.0,6
rb1805,20170721,20170720,210201000,3216.0,622,89412,19962440.0,3216.0,2,3215.0,6
rb1805,20170721,20170720,210201500,3215.0,624,89412,20026740.0,3216.0,2,3215.0,5
rb1805,20170721,20170720,210202000,3215.0,624,89412,20026740.0,3216.0,8,3214.0,11
rb1805,20170721,20170720,210203000,3215.0,624,89412,20026740.0,3216.0,11,3214.0,11
rb1805,20170721,20170720,210203500,3214.0,640,89422,20540980.0,3215.0,7,3214.0,3
rb1805,20170721,20170720,210204000,3214.0,648,89428,20798100.0,3214.0,2,3213.0,6
rb1805,20170721,20170720,210204500,3215.0,652,89428,20926680.0,3215.0,6,3213.0,6
rb1805,20170721,20170720,210205000,3215.0,652,89428,20926680.0,3215.0,6,3214.0,1
rb1805,20170721,20170720,210205500,3214.0,654,89428,20990960.0,3215.0,6,3213.0,6
rb1805,20170721,20170720,210206000,3214.0,654,89428,20990960.0,3215.0,6,3213.0,8
rb1805,20170721,20170720,210206500,3214.0,654,89428,20990960.0,3215.0,6,3213.0,7
rb1805,20170721,20170720,210207000,3214.0,654,89428,20990960.0,3215.0,8,3213.0,8
rb1805,20170721,20170720,210207500,3215.0,656,89430,21055260.0,3215.0,7,3213.0,8
rb1805,20170721,20170720,210208000,3215.0,656,89430,21055260.0,3215.0,7,3213.0,10
rb1805,20170721,20170720,210208500,3215.0,656,89430,21055260.0,3215.0,3,3213.0,10
rb1805,20170721,20170720,210209500,3215.0,656,89430,21055260.0,3215.0,3,3213.0,8
rb1805,20170721,20170720,210211500,3215.0,656,89430,21055260.0,3215.0,3,3213.0,19
rb1805,20170721,20170720,210212000,3215.0,658,89428,21119560.0,3215.0,2,3213.0,19
rb1805,20170721,20170720,210212500,3213.0,662,89428,21248080.0,3214.0,8,3213.0,17
rb1805,20170721,20170720,210213000,3214.0,672,89432,21569480.0,3214.0,3,3213.0,17
rb1805,20170721,20170720,210213500,3214.0,672,89432,21569480.0,3214.0,6,3213.0,17
rb1805,20170721,20170720,210214500,3214.0,672,89432,21569480.0,3214.0,6,3213.0,17
rb1805,20170721,20170720,210215500,3213.0,678,89432,21762260.0,3214.0,6,3213.0,14
rb1805,20170721,20170720,210216500,3213.0,684,89432,21955040.0,3214.0,11,3213.0,12
rb1805,20170721,20170720,210217000,3213.0,684,89432,21955040.0,3214.0,11,3213.0,12
rb1805,20170721,20170720,210217500,3213.0,704,89452,22597640.0,3214.0,11,3213.0,2
rb1805,20170721,20170720,210218000,3213.0,708,89454,22726160.0,3213.0,2,3212.0,5
rb1805,20170721,20170720,210218500,3213.0,708,89454,22726160.0,3213.0,5,3212.0,5
rb1805,20170721,20170720,210219000,3213.0,708,89454,22726160.0,3213.0,6,3212.0,5
rb1805,20170721,20170720,210219500,3213.0,710,89454,22790420.0,3213.0,5,3212.0,5
rb1805,20170721,20170720,210220000,3212.0,712,89452,22854660.0,3213.0,5,3212.0,4
rb1805,20170721,20170720,210220500,3213.0,718,89458,23047440.0,3213.0,1,3212.0,4
rb1805,20170721,20170720,210221000,3213.0,718,89458,23047440.0,3213.0,2,3212.0,4
rb1805,20170721,20170720,210221500,3212.0,726,89450,23304400.0,3212.0,6,3211.0,1
rb1805,20170721,20170720,210222000,3212.0,728,89448,23368640.0,3212.0,5,3211.0,1
rb1805,20170721,20170720,210222500,3212.0,728,89448,23368640.0,3212.0,5,3211.0,1
rb1805,20170721,20170720,210223000,3211.0,732,89450,23497100.0,3212.0,4,3210.0,6
rb1805,20170721,20170720,210223500,3211.0,732,89450,23497100.0,3212.0,5,3210.0,6
rb1805,20170721,20170720,210224000,3211.0,732,89450,23497100.0,3212.0,5,3210.0,8
rb1805,20170721,20170720,210224500,3211.0,732,89450,23497100.0,3212.0,5,3210.0,9
rb1805,20170721,20170720,210225000,3211.0,732,89450,23497100.0,3212.0,5,3210.0,9
rb1805,20170721,20170720,210225500,3212.0,742,89442,23818300.0,3213.0,5,3212.0,5
rb1805,20170721,20170720,210226000,3212.0,742,89442,23818300.0,3213.0,5,3212.0,1
rb1805,20170721,20170720,210227000,3212.0,742,89442,23818300.0,3213.0,5,3211.0,3
rb1805,20170721,20170720,210227500,3213.0,744,89442,23882560.0,3213.0,4,3211.0,3
rb1805,20170721,20170720,210228000,3213.0,744,89442,23882560.0,3213.0,4,3211.0,3
rb1805,20170721,20170720,210228500,3213.0,744,89442,23882560.0,3213.0,5,3211.0,8
rb1805,20170721,20170720,210229500,3213.0,744,89442,23882560.0,3213.0,5,3211.0,8
rb1805,20170721,20170720,210230000,3213.0,744,89442,23882560.0,3212.0,1,3211.0,8
rb1805,20170721,20170720,210230500,3213.0,746,89442,23946820.0,3213.0,5,3211.0,9
rb1805,20170721,20170720,210231000,3213.0,746,89442,23946820.0,3213.0,5,3211.0,9
rb1805,20170721,20170720,210231500,3213.0,746,89442,23946820.0,3213.0,5,3211.0,9
rb1805,20170721,20170720,210232500,3213.0,746,89442,23946820.0,3213.0,5,3211.0,9
rb1805,20170721,20170720,210233000,3213.0,746,89442,23946820.0,3213.0,6,3211.0,8
rb1805,20170721,20170720,210233500,3213.0,746,89442,23946820.0,3213.0,6,3211.0,3
rb1805,20170721,20170720,210234000,3213.0,746,89442,23946820.0,3213.0,7,3212.0,1
rb1805,20170721,20170720,210234500,3213.0,746,89442,23946820.0,3213.0,9,3212.0,1
rb1805,20170721,20170720,210235000,3213.0,746,89442,23946820.0,3213.0,9,3212.0,1
rb1805,20170721,20170720,210235500,3213.0,746,89442,23946820.0,3213.0,10,3212.0,1
rb1805,20170721,20170720,210236000,3213.0,746,89442,23946820.0,3213.0,11,3212.0,1
rb1805,20170721,20170720,210236500,3213.0,746,89442,23946820.0,3213.0,11,3212.0,1
rb1805,20170721,20170720,210237500,3213.0,746,89442,23946820.0,3213.0,11,3212.0,2
rb1805,20170721,20170720,210238000,3213.0,746,89442,23946820.0,3213.0,11,3212.0,2
rb1805,20170721,20170720,210238500,3213.0,746,89442,23946820.0,3213.0,11,3212.0,2
rb1805,20170721,20170720,210239500,3212.0,750,89440,24075300.0,3212.0,3,3211.0,2
rb1805,20170721,20170720,210240000,3212.0,758,89432,24332260.0,3212.0,30,3211.0,3
rb1805,20170721,20170720,210240500,3212.0,758,89432,24332260.0,3212.0,30,3211.0,5
rb1805,20170721,20170720,210241000,3212.0,758,89432,24332260.0,3212.0,30,3211.0,4
rb1805,20170721,20170720,210241500,3212.0,760,89432,24396500.0,3212.0,30,3211.0,2
rb1805,20170721,20170720,210242000,3212.0,760,89432,24396500.0,3212.0,30,3211.0,2
rb1805,20170721,20170720,210242500,3212.0,762,89434,24460740.0,3212.0,29,3211.0,2
rb1805,20170721,20170720,210243000,3212.0,762,89434,24460740.0,3212.0,29,3211.0,2
rb1805,20170721,20170720,210243500,3212.0,764,89436,24524980.0,3212.0,28,3211.0,2
rb1805,20170721,20170720,210244000,3212.0,764,89436,24524980.0,3212.0,28,3211.0,2
rb1805,20170721,20170720,210244500,3212.0,772,89442,24781940.0,3212.0,24,3211.0,1
rb1805,20170721,20170720,210245000,3212.0,778,89442,24974660.0,3212.0,21,3211.0,1
rb1805,20170721,20170720,210245500,3212.0,792,89456,25424340.0,3212.0,14,3211.0,1
rb1805,20170721,20170720,210246000,3212.0,792,89456,25424340.0,3212.0,14,3211.0,1
rb1805,20170721,20170720,210246500,3212.0,792,89456,25424340.0,3211.0,1,3210.0,12
rb1805,20170721,20170720,210247000,3211.0,794,89456,25488560.0,3212.0,14,3211.0,3
rb1805,20170721,20170720,210247500,3211.0,794,89456,25488560.0,3212.0,14,3210.0,8
rb1805,20170721,20170720,210248000,3211.0,794,89456,25488560.0,3212.0,14,3210.0,9
rb1805,20170721,20170720,210248500,3211.0,794,89456,25488560.0,3211.0,1,3210.0,9
rb1805,20170721,20170720,210249000,3211.0,796,89456,25552780.0,3212.0,14,3211.0,8
rb1805,20170721,20170720,210249500,3211.0,796,89456,25552780.0,3212.0,14,3211.0,6
rb1805,20170721,20170720,210250000,3212.0,800,89460,25681260.0,3212.0,12,3211.0,6
rb1805,20170721,20170720,210250500,3212.0,800,89460,25681260.0,3212.0,12,3211.0,6
rb1805,20170721,20170720,210251000,3212.0,802,89460,25745500.0,3212.0,11,3211.0,6
rb1805,20170721,20170720,210251500,3212.0,802,89460,25745500.0,3212.0,11,3211.0,6
rb1805,20170721,20170720,210252000,3212.0,802,89460,25745500.0,3212.0,11,3211.0,6
rb1805,20170721,20170720,210252500,3212.0,804,89460,25809740.0,3212.0,10,3211.0,6
rb1805,20170721,20170720,210253000,3212.0,804,89460,25809740.0,3212.0,10,3211.0,6
rb1805,20170721,20170720,210253500,3212.0,804,89460,25809740.0,3212.0,10,3211.0,6
rb1805,20170721,20170720,210254000,3212.0,804,89460,25809740.0,3212.0,10,3211.0,6
rb1805,20170721,20170720,210254500,3212.0,804,89460,25809740.0,3212.0,10,3211.0,7
rb1805,20170721,20170720,210255000,3212.0,804,89460,25809740.0,3212.0,10,3211.0,7
rb1805,20170721,20170720,210255500,3212.0,812,89468,26066700.0,3212.0,6,3211.0,7
rb1805,20170721,20170720,210256000,3212.0,824,89480,26452140.0,3213.0,16,3212.0,5
rb1805,20170721,20170720,210256500,3212.0,824,89480,26452140.0,3213.0,16,3211.0,8
rb1805,20170721,20170720,210257000,3212.0,824,89480,26452140.0,3213.0,16,3211.0,6
rb1805,20170721,20170720,210257500,3212.0,824,89480,26452140.0,3213.0,16,3211.0,6
rb1805,20170721,20170720,210258000,3212.0,824,89480,26452140.0,3213.0,16,3211.0,6
rb1805,20170721,20170720,210258500,3212.0,824,89480,26452140.0,3213.0,16,3211.0,6
rb1805,20170721,20170720,210300000,3212.0,824,89480,26452140.0,3213.0,14,3211.0,6
rb1805,20170721,20170720,210300500,3212.0,824,89480,26452140.0,3213.0,14,3211.0,11
rb1805,20170721,20170720,210302000,3212.0,824,89480,26452140.0,3213.0,14,3211.0,11
rb1805,20170721,20170720,210303500,3212.0,824,89480,26452140.0,3213.0,14,3211.0,11
rb1805,20170721,20170720,210304000,3212.0,824,89480,26452140.0,3213.0,14,3211.0,11
rb1805,20170721,20170720,210304500,3212.0,824,89480,26452140.0,3213.0,12,3211.0,11
rb1805,20170721,20170720,210305000,3212.0,824,89480,26452140.0,3213.0,12,3211.0,11
rb1805,20170721,20170720,210305500,3212.0,824,89480,26452140.0,3213.0,12,3211.0,11
rb1805,20170721,20170720,210306000,3212.0,824,89480,26452140.0,3213.0,12,3211.0,11
rb1805,20170721,20170720,210306500,3212.0,824,89480,26452140.0,3213.0,12,3212.0,1
rb1805,20170721,20170720,210307500,3212.0,824,89480,26452140.0,3213.0,12,3212.0,1
rb1805,20170721,20170720,210308000,3212.0,824,89480,26452140.0,3213.0,12,3212.0,6
rb1805,20170721,20170720,210308500,3213.0,840,89480,26966220.0,3213.0,4,3212.0,6
rb1805,20170721,20170720,210309000,3213.0,848,89474,27223260.0,3214.0,2,3212.0,6
rb1805,20170721,20170720,210309500,3212.0,850,89474,27287500.0,3214.0,2,3212.0,5
rb1805,20170721,20170720,210310000,3212.0,850,89474,27287500.0,3214.0,2,3212.0,6
rb1805,20170721,20170720,210312000,3212.0,850,89474,27287500.0,3214.0,2,3213.0,4
rb1805,20170721,20170720,210312500,3212.0,850,89474,27287500.0,3214.0,2,3213.0,4
rb1805,20170721,20170720,210313000,3212.0,850,89474,27287500.0,3214.0,2,3213.0,5
rb1805,20170721,20170720,210313500,3212.0,850,89474,27287500.0,3214.0,2,3213.0,5
rb1805,20170721,20170720,210314000,3212.0,850,89474,27287500.0,3214.0,2,3213.0,9
rb1805,20170721,20170720,210314500,3212.0,850,89474,27287500.0,3214.0,2,3213.0,9
rb1805,20170721,20170720,210315000,3212.0,850,89474,27287500.0,3214.0,2,3213.0,9
rb1805,20170721,20170720,210316000,3212.0,850,89474,27287500.0,3214.0,2,3213.0,9
rb1805,20170721,20170720,210316500,3212.0,850,89474,27287500.0,3215.0,8,3213.0,9
rb1805,20170721,20170720,210317000,3213.0,852,89474,27351760.0,3215.0,8,3213.0,8
rb1805,20170721,20170720,210317500,3213.0,852,89474,27351760.0,3215.0,8,3213.0,8
rb1805,20170721,20170720,210318000,3213.0,852,89474,27351760.0,3215.0,8,3214.0,1
rb1805,20170721,20170720,210319000,3213.0,852,89474,27351760.0,3215.0,3,3214.0,1
rb1805,20170721,20170720,210319500,3213.0,852,89474,27351760.0,3215.0,3,3214.0,1
rb1805,20170721,20170720,210320000,3213.0,852,89474,27351760.0,3215.0,3,3214.0,1
rb1805,20170721,20170720,210321000,3213.0,852,89474,27351760.0,3215.0,4,3214.0,1
rb1805,20170721,20170720,210321500,3213.0,852,89474,27351760.0,3215.0,4,3214.0,1
rb1805,20170721,20170720,210323000,3213.0,852,89474,27351760.0,3215.0,6,3214.0,1
rb1805,20170721,20170720,210323500,3213.0,852,89474,27351760.0,3215.0,6,3214.0,1
rb1805,20170721,20170720,210324000,3213.0,852,89474,27351760.0,3215.0,7,3214.0,1
rb1805,20170721,20170720,210324500,3213.0,852,89474,27351760.0,3215.0,7,3214.0,1
rb1805,20170721,20170720,210325000,3213.0,852,89474,27351760.0,3215.0,7,3214.0,1
rb1805,20170721,20170720,210325500,3213.0,852,89474,27351760.0,3215.0,7,3214.0,3
rb1805,20170721,20170720,210326000,3213.0,852,89474,27351760.0,3215.0,7,3214.0,3
rb1805,20170721,20170720,210327000,3213.0,852,89474,27351760.0,3215.0,7,3214.0,3
rb1805,20170721,20170720,210327500,3214.0,858,89474,27544600.0,3214.0,4,3213.0,19
rb1805,20170721,20170720,210328000,3215.0,860,89476,27608900.0,3215.0,12,3213.0,15
rb1805,20170721,20170720,210329000,3215.0,862,89476,27673200.0,3215.0,11,3213.0,15
rb1805,20170721,20170720,210329500,3215.0,862,89476,27673200.0,3215.0,11,3213.0,16
rb1805,20170721,20170720,210330000,3215.0,862,89476,27673200.0,3215.0,12,3214.0,10
rb1805,20170721,20170720,210330500,3215.0,862,89476,27673200.0,3215.0,15,3214.0,12
rb1805,20170721,20170720,210331500,3215.0,862,89476,27673200.0,3215.0,11,3214.0,12
rb1805,20170721,20170720,210332000,3215.0,862,89476,27673200.0,3215.0,11,3214.0,12
rb1805,20170721,20170720,210332500,3215.0,862,89476,27673200.0,3215.0,12,3214.0,17
rb1805,20170721,20170720,210333000,3215.0,862,89476,27673200.0,3215.0,12,3214.0,17
rb1805,20170721,20170720,210334500,3215.0,862,89476,27673200.0,3215.0,12,3214.0,17
rb1805,20170721,20170720,210335500,3214.0,864,89478,27737480.0,3215.0,12,3214.0,16
rb1805,20170721,20170720,210336500,3214.0,864,89478,27737480.0,3215.0,12,3214.0,16
rb1805,20170721,20170720,210337000,3214.0,864,89478,27737480.0,3215.0,12,3214.0,16
rb1805,20170721,20170720,210337500,3214.0,864,89478,27737480.0,3215.0,12,3214.0,16
rb1805,20170721,20170720,210338000,3215.0,876,89478,28123280.0,3215.0,6,3214.0,16
rb1805,20170721,20170720,210338500,3215.0,876,89478,28123280.0,3215.0,6,3214.0,16
rb1805,20170721,20170720,210339000,3215.0,876,89478,28123280.0,3215.0,6,3214.0,11
rb1805,20170721,20170720,210339500,3215.0,878,89480,28187580.0,3215.0,5,3214.0,11
rb1805,20170721,20170720,210340000,3215.0,880,89482,28251880.0,3215.0,4,3214.0,11
rb1805,20170721,20170720,210340500,3215.0,880,89482,28251880.0,3215.0,9,3214.0,11
rb1805,20170721,20170720,210341000,3215.0,880,89482,28251880.0,3215.0,9,3214.0,11
rb1805,20170721,20170720,210341500,3215.0,880,89482,28251880.0,3215.0,4,3214.0,11
rb1805,20170721,20170720,210342000,3215.0,882,89484,28316180.0,3215.0,3,3214.0,11
rb1805,20170721,20170720,210343000,3215.0,886,89484,28444780.0,3215.0,1,3214.0,11
rb1805,20170721,20170720,210345500,3215.0,886,89484,28444780.0,3215.0,1,3214.0,11
rb1805,20170721,20170720,210346000,3215.0,888,89486,28509080.0,3216.0,3,3215.0,2
rb1805,20170721,20170720,210347000,3215.0,888,89486,28509080.0,3216.0,3,3215.0,2
rb1805,20170721,20170720,210347500,3215.0,888,89486,28509080.0,3216.0,3,3215.0,3
rb1805,20170721,20170720,210348000,3215.0,888,89486,28509080.0,3216.0,3,3215.0,4
rb1805,20170721,20170720,210349000,3215.0,888,89486,28509080.0,3216.0,3,3215.0,5
rb1805,20170721,20170720,210350500,3216.0,890,89486,28573400.0,3216.0,2,3215.0,5
rb1805,20170721,20170720,210352000,3216.0,890,89486,28573400.0,3216.0,3,3215.0,5
rb1805,20170721,20170720,210353000,3216.0,890,89486,28573400.0,3216.0,3,3215.0,6
rb1805,20170721,20170720,210353500,3216.0,890,89486,28573400.0,3216.0,3,3215.0,6
rb1805,20170721,20170720,210354000,3216.0,890,89486,28573400.0,3216.0,3,3215.0,6
rb1805,20170721,20170720,210355000,3216.0,890,89486,28573400.0,3216.0,3,3215.0,6
rb1805,20170721,20170720,210355500,3216.0,892,89484,28637720.0,3216.0,2,3215.0,6
rb1805,20170721,20170720,210356000,3216.0,896,89486,28766360.0,3217.0,1,3216.0,1
rb1805,20170721,20170720,210356500,3216.0,898,89486,28830680.0,3216.0,2,3215.0,6
rb1805,20170721,20170720,210357000,3216.0,898,89486,28830680.0,3217.0,4,3215.0,6
rb1805,20170721,20170720,210358000,3216.0,898,89486,28830680.0,3216.0,3,3215.0,6
rb1805,20170721,20170720,210358500,3216.0,898,89486,28830680.0,3216.0,8,3215.0,7
rb1805,20170721,20170720,210359000,3216.0,898,89486,28830680.0,3216.0,4,3215.0,7
rb1805,20170721,20170720,210359500,3215.0,912,89484,29280780.0,3215.0,6,3214.0,11
rb1805,20170721,20170720,210400000,3215.0,912,89484,29280780.0,3216.0,10,3214.0,11
rb1805,20170721,20170720,210400500,3216.0,932,89486,29923980.0,3217.0,6,3214.0,11
rb1805,20170721,20170720,210401000,3216.0,932,89486,29923980.0,3216.0,3,3214.0,16
rb1805,20170721,20170720,210402000,3216.0,932,89486,29923980.0,3216.0,3,3214.0,16
rb1805,20170721,20170720,210402500,3216.0,932,89486,29923980.0,3216.0,3,3214.0,17
rb1805,20170721,20170720,210403500,3216.0,934,89488,29988300.0,3216.0,2,3214.0,17
rb1805,20170721,20170720,210404500,3216.0,934,89488,29988300.0,3216.0,2,3214.0,20
rb1805,20170721,20170720,210405500,3216.0,934,89488,29988300.0,3216.0,2,3214.0,19
rb1805,20170721,20170720,210406000,3216.0,936,89488,30052620.0,3217.0,6,3216.0,2
rb1805,20170721,20170720,210406500,3216.0,936,89488,30052620.0,3217.0,3,3216.0,2
rb1805,20170721,20170720,210407500,3216.0,938,89488,30116940.0,3217.0,3,3216.0,1
rb1805,20170721,20170720,210408000,3216.0,938,89488,30116940.0,3217.0,3,3216.0,2
rb1805,20170721,20170720,210409000,3216.0,938,89488,30116940.0,3217.0,4,3216.0,2
rb1805,20170721,20170720,210409500,3216.0,938,89488,30116940.0,3217.0,4,3216.0,2
rb1805,20170721,20170720,210410000,3216.0,938,89488,30116940.0,3217.0,4,3216.0,2
rb1805,20170721,20170720,210410500,3216.0,940,89490,30181260.0,3217.0,4,3216.0,1
rb1805,20170721,20170720,210411000,3216.0,940,89490,30181260.0,3217.0,4,3216.0,1
rb1805,20170721,20170720,210411500,3217.0,942,89492,30245600.0,3217.0,3,3216.0,1
rb1805,20170721,20170720,210413000,3217.0,942,89492,30245600.0,3217.0,5,3216.0,2
rb1805,20170721,20170720,210413500,3217.0,942,89492,30245600.0,3217.0,5,3216.0,2
rb1805,20170721,20170720,210414000,3217.0,942,89492,30245600.0,3217.0,2,3216.0,7
rb1805,20170721,20170720,210415000,3217.0,946,89488,30374280.0,3218.0,5,3216.0,7
rb1805,20170721,20170720,210415500,3217.0,946,89488,30374280.0,3217.0,6,3216.0,6
rb1805,20170721,20170720,210416500,3216.0,948,89490,30438600.0,3217.0,6,3216.0,5
rb1805,20170721,20170720,210417000,3217.0,950,89490,30502940.0,3217.0,5,3216.0,5
rb1805,20170721,20170720,210417500,3217.0,950,89490,30502940.0,3217.0,7,3215.0,3
rb1805,20170721,20170720,210418000,3217.0,950,89490,30502940.0,3217.0,7,3215.0,11
rb1805,20170721,20170720,210418500,3217.0,950,89490,30502940.0,3217.0,10,3215.0,4
rb1805,20170721,20170720,210419000,3217.0,950,89490,30502940.0,3217.0,10,3215.0,4
rb1805,20170721,20170720,210419500,3215.0,952,89488,30567240.0,3217.0,19,3215.0,6
rb1805,20170721,20170720,210420000,3215.0,952,89488,30567240.0,3217.0,19,3215.0,11
rb1805,20170721,20170720,210421000,3215.0,952,89488,30567240.0,3217.0,20,3215.0,11
rb1805,20170721,20170720,210422000,3217.0,958,89482,30760260.0,3217.0,18,3215.0,3
rb1805,20170721,20170720,210422500,3217.0,958,89482,30760260.0,3216.0,2,3215.0,2
rb1805,20170721,20170720,210423000,3217.0,958,89482,30760260.0,3216.0,2,3215.0,2
rb1805,20170721,20170720,210423500,3215.0,960,89482,30824560.0,3216.0,2,3215.0,1
rb1805,20170721,20170720,210424000,3215.0,960,89482,30824560.0,3216.0,4,3215.0,1
rb1805,20170721,20170720,210424500,3215.0,960,89482,30824560.0,3216.0,2,3215.0,1
rb1805,20170721,20170720,210426500,3215.0,962,89482,30888860.0,3216.0,2,3214.0,17
rb1805,20170721,20170720,210427000,3215.0,962,89482,30888860.0,3216.0,8,3214.0,17
rb1805,20170721,20170720,210427500,3215.0,962,89482,30888860.0,3216.0,10,3214.0,17
rb1805,20170721,20170720,210428000,3215.0,962,89482,30888860.0,3216.0,10,3214.0,17
rb1805,20170721,20170720,210429000,3215.0,962,89482,30888860.0,3216.0,8,3214.0,18
rb1805,20170721,20170720,210429500,3215.0,962,89482,30888860.0,3216.0,8,3215.0,3
rb1805,20170721,20170720,210430500,3215.0,962,89482,30888860.0,3216.0,8,3215.0,3
rb1805,20170721,20170720,210431500,3216.0,964,89482,30953180.0,3216.0,7,3215.0,3
rb1805,20170721,20170720,210434500,3216.0,964,89482,30953180.0,3216.0,8,3214.0,18
rb1805,20170721,20170720,210435500,3216.0,964,89482,30953180.0,3216.0,8,3214.0,18
rb1805,20170721,20170720,210436000,3216.0,964,89482,30953180.0,3216.0,8,3214.0,18
rb1805,20170721,20170720,210436500,3216.0,964,89482,30953180.0,3216.0,7,3214.0,18
rb1805,20170721,20170720,210437500,3216.0,964,89482,30953180.0,3216.0,7,3214.0,18
rb1805,20170721,20170720,210438000,3216.0,966,89480,31017500.0,3216.0,6,3214.0,18
rb1805,20170721,20170720,210439000,3216.0,966,89480,31017500.0,3216.0,6,3215.0,3
rb1805,20170721,20170720,210439500,3216.0,966,89480,31017500.0,3216.0,6,3215.0,3
rb1805,20170721,20170720,210440000,3216.0,966,89480,31017500.0,3216.0,6,3215.0,3
rb1805,20170721,20170720,210440500,3216.0,966,89480,31017500.0,3216.0,6,3215.0,3
rb1805,20170721,20170720,210441500,3216.0,966,89480,31017500.0,3216.0,6,3215.0,3
rb1805,20170721,20170720,210442500,3216.0,966,89480,31017500.0,3216.0,6,3215.0,3
rb1805,20170721,20170720,210443000,3216.0,966,89480,31017500.0,3216.0,6,3215.0,1
rb1805,20170721,20170720,210443500,3216.0,966,89480,31017500.0,3216.0,7,3215.0,1
rb1805,20170721,20170720,210444000,3216.0,966,89480,31017500.0,3216.0,6,3215.0,1
rb1805,20170721,20170720,210444500,3216.0,966,89480,31017500.0,3216.0,6,3215.0,4
rb1805,20170721,20170720,210445500,3216.0,966,89480,31017500.0,3216.0,6,3215.0,5
rb1805,20170721,20170720,210446000,3216.0,966,89480,31017500.0,3216.0,7,3215.0,5
rb1805,20170721,20170720,210446500,3216.0,966,89480,31017500.0,3216.0,7,3215.0,6
rb1805,20170721,20170720,210447000,3216.0,966,89480,31017500.0,3216.0,8,3215.0,11
rb1805,20170721,20170720,210447500,3216.0,966,89480,31017500.0,3216.0,8,3215.0,10
rb1805,20170721,20170720,210448000,3215.0,968,89480,31081800.0,3216.0,8,3215.0,9
rb1805,20170721,20170720,210450000,3215.0,968,89480,31081800.0,3216.0,8,3215.0,9
rb1805,20170721,20170720,210451500,3215.0,968,89480,31081800.0,3216.0,8,3215.0,4
rb1805,20170721,20170720,210452000,3215.0,968,89480,31081800.0,3216.0,8,3215.0,4
rb1805,20170721,20170720,210452500,3215.0,968,89480,31081800.0,3216.0,8,3215.0,10
rb1805,20170721,20170720,210454000,3215.0,968,89480,31081800.0,3216.0,10,3215.0,10
rb1805,20170721,20170720,210454500,3215.0,968,89480,31081800.0,3216.0,10,3215.0,10
rb1805,20170721,20170720,210455000,3216.0,970,89480,31146120.0,3216.0,9,3215.0,10
rb1805,20170721,20170720,210455500,3216.0,982,89468,31532040.0,3216.0,3,3215.0,10
rb1805,20170721,20170720,210456000,3216.0,982,89468,31532040.0,3216.0,3,3215.0,10
rb1805,20170721,20170720,210456500,3216.0,982,89468,31532040.0,3216.0,4,3215.0,5
rb1805,20170721,20170720,210457500,3216.0,982,89468,31532040.0,3216.0,4,3215.0,2
rb1805,20170721,20170720,210458000,3215.0,984,89468,31596340.0,3216.0,4,3215.0,1
rb1805,20170721,20170720,210458500,3215.0,986,89468,31660640.0,3216.0,4,3214.0,18
rb1805,20170721,20170720,210459000,3216.0,990,89470,31789280.0,3216.0,2,3215.0,1
rb1805,20170721,20170720,210459500,3216.0,990,89470,31789280.0,3216.0,7,3215.0,1
rb1805,20170721,20170720,210500000,3215.0,992,89468,31853580.0,3216.0,7,3214.0,13
rb1805,20170721,20170720,210500500,3215.0,992,89468,31853580.0,3216.0,7,3215.0,1
rb1805,20170721,20170720,210501000,3215.0,992,89468,31853580.0,3216.0,4,3215.0,6
rb1805,20170721,20170720,210501500,3215.0,992,89468,31853580.0,3216.0,2,3215.0,9
rb1805,20170721,20170720,210502500,3216.0,996,89470,31982220.0,3217.0,29,3215.0,9
rb1805,20170721,20170720,210503000,3216.0,996,89470,31982220.0,3217.0,31,3215.0,1
rb1805,20170721,20170720,210503500,3216.0,996,89470,31982220.0,3217.0,31,3215.0,9
rb1805,20170721,20170720,210504000,3216.0,996,89470,31982220.0,3217.0,28,3215.0,9
rb1805,20170721,20170720,210505000,3215.0,998,89470,32046520.0,3217.0,26,3215.0,8
rb1805,20170721,20170720,210505500,3217.0,1004,89466,32239540.0,3217.0,23,3215.0,8
rb1805,20170721,20170720,210506000,3217.0,1004,89466,32239540.0,3217.0,25,3215.0,8
rb1805,20170721,20170720,210506500,3217.0,1004,89466,32239540.0,3217.0,23,3216.0,2
rb1805,20170721,20170720,210507000,3217.0,1004,89466,32239540.0,3217.0,23,3216.0,7
rb1805,20170721,20170720,210507500,3216.0,1006,89464,32303860.0,3217.0,23,3216.0,6
rb1805,20170721,20170720,210508000,3216.0,1006,89464,32303860.0,3217.0,23,3216.0,6
rb1805,20170721,20170720,210508500,3216.0,1006,89464,32303860.0,3217.0,24,3216.0,1
rb1805,20170721,20170720,210509000,3216.0,1006,89464,32303860.0,3217.0,23,3216.0,1
rb1805,20170721,20170720,210509500,3216.0,1006,89464,32303860.0,3217.0,23,3215.0,8
rb1805,20170721,20170720,210511000,3217.0,1010,89464,32432540.0,3217.0,21,3215.0,9
rb1805,20170721,20170720,210511500,3216.0,1012,89462,32496860.0,3217.0,21,3215.0,9
rb1805,20170721,20170720,210512000,3216.0,1012,89462,32496860.0,3217.0,22,3216.0,3
rb1805,20170721,20170720,210512500,3216.0,1012,89462,32496860.0,3217.0,22,3216.0,3
rb1805,20170721,20170720,210513000,3216.0,1012,89462,32496860.0,3217.0,22,3216.0,3
rb1805,20170721,20170720,210514000,3216.0,1012,89462,32496860.0,3217.0,22,3216.0,3
rb1805,20170721,20170720,210514500,3217.0,1032,89478,33140260.0,3217.0,18,3216.0,2
rb1805,20170721,20170720,210515000,3217.0,1034,89476,33204600.0,3217.0,17,3215.0,25
rb1805,20170721,20170720,210515500,3217.0,1034,89476,33204600.0,3217.0,16,3216.0,3
rb1805,20170721,20170720,210516000,3217.0,1034,89476,33204600.0,3217.0,11,3216.0,3
rb1805,20170721,20170720,210517000,3217.0,1034,89476,33204600.0,3217.0,11,3216.0,4
rb1805,20170721,20170720,210517500,3217.0,1034,89476,33204600.0,3217.0,11,3216.0,4
rb1805,20170721,20170720,210518000,3217.0,1034,89476,33204600.0,3217.0,11,3216.0,4
rb1805,20170721,20170720,210518500,3216.0,1036,89476,33268920.0,3217.0,11,3215.0,25
rb1805,20170721,20170720,210519000,3217.0,1038,89476,33333260.0,3217.0,10,3215.0,25
rb1805,20170721,20170720,210519500,3217.0,1038,89476,33333260.0,3217.0,10,3215.0,25
rb1805,20170721,20170720,210520500,3217.0,1038,89476,33333260.0,3217.0,10,3215.0,25
rb1805,20170721,20170720,210521000,3217.0,1038,89476,33333260.0,3217.0,10,3215.0,25
rb1805,20170721,20170720,210521500,3217.0,1038,89476,33333260.0,3217.0,15,3215.0,25
rb1805,20170721,20170720,210522000,3217.0,1038,89476,33333260.0,3217.0,15,3216.0,1
rb1805,20170721,20170720,210522500,3217.0,1048,89480,33654960.0,3217.0,11,3216.0,1
rb1805,20170721,20170720,210524000,3217.0,1048,89480,33654960.0,3217.0,14,3216.0,1
rb1805,20170721,20170720,210524500,3216.0,1050,89482,33719280.0,3216.0,4,3215.0,22
rb1805,20170721,20170720,210525000,3216.0,1050,89482,33719280.0,3216.0,4,3215.0,17
rb1805,20170721,20170720,210526000,3216.0,1050,89482,33719280.0,3216.0,4,3215.0,17
rb1805,20170721,20170720,210527500,3216.0,1050,89482,33719280.0,3216.0,4,3215.0,17
rb1805,20170721,20170720,210528000,3216.0,1050,89482,33719280.0,3216.0,5,3215.0,17
rb1805,20170721,20170720,210529000,3215.0,1074,89482,34490880.0,3216.0,8,3215.0,5
rb1805,20170721,20170720,210529500,3216.0,1076,89484,34555200.0,3216.0,7,3215.0,5
rb1805,20170721,20170720,210531000,3216.0,1080,89488,34683840.0,3216.0,5,3215.0,5
rb1805,20170721,20170720,210532500,3216.0,1080,89488,34683840.0,3216.0,5,3215.0,5
rb1805,20170721,20170720,210533000,3215.0,1086,89488,34876740.0,3216.0,5,3215.0,2
rb1805,20170721,20170720,210534500,3215.0,1086,89488,34876740.0,3216.0,5,3215.0,2
rb1805,20170721,20170720,210535000,3215.0,1090,89488,35005360.0,3216.0,4,3215.0,1
rb1805,20170721,20170720,210536500,3215.0,1090,89488,35005360.0,3216.0,4,3215.0,2
rb1805,20170721,20170720,210537000,3215.0,1090,89488,35005360.0,3216.0,4,3215.0,2
rb1805,20170721,20170720,210537500,3215.0,1090,89488,35005360.0,3216.0,4,3215.0,2
rb1805,20170721,20170720,210538000,3216.0,1092,89490,35069680.0,3216.0,3,3215.0,2
rb1805,20170721,20170720,210539500,3216.0,1094,89492,35134000.0,3216.0,2,3215.0,2
rb1805,20170721,20170720,210540000,3215.0,1098,89496,35262600.0,3215.0,1,3214.0,15
rb1805,20170721,20170720,210540500,3215.0,1100,89496,35326900.0,3216.0,3,3215.0,1
rb1805,20170721,20170720,210541000,3215.0,1100,89496,35326900.0,3216.0,3,3215.0,1
rb1805,20170721,20170720,210542500,3215.0,1102,89496,35391200.0,3216.0,3,3214.0,10
rb1805,20170721,20170720,210543000,3215.0,1102,89496,35391200.0,3216.0,3,3214.0,10
rb1805,20170721,20170720,210543500,3215.0,1102,89496,35391200.0,3215.0,4,3214.0,10
rb1805,20170721,20170720,210544000,3214.0,1110,89504,35648320.0,3215.0,5,3214.0,6
rb1805,20170721,20170720,210544500,3214.0,1118,89512,35905440.0,3215.0,5,3214.0,2
rb1805,20170721,20170720,210545000,3214.0,1118,89512,35905440.0,3215.0,5,3214.0,2
rb1805,20170721,20170720,210546500,3214.0,1118,89512,35905440.0,3215.0,5,3214.0,2
rb1805,20170721,20170720,210547000,3214.0,1122,89512,36034000.0,3214.0,4,3213.0,11
rb1805,20170721,20170720,210547500,3213.0,1128,89516,36226780.0,3214.0,14,3213.0,8
rb1805,20170721,20170720,210548000,3213.0,1144,89532,36740860.0,3213.0,5,3212.0,1
rb1805,20170721,20170720,210548500,3213.0,1144,89532,36740860.0,3214.0,5,3212.0,1
rb1805,20170721,20170720,210549000,3213.0,1144,89532,36740860.0,3214.0,11,3212.0,2
rb1805,20170721,20170720,210549500,3213.0,1144,89532,36740860.0,3213.0,2,3212.0,1
rb1805,20170721,20170720,210550000,3212.0,1146,89532,36805100.0,3212.0,10,3211.0,4
rb1805,20170721,20170720,210550500,3212.0,1148,89530,36869340.0,3212.0,4,3211.0,5
rb1805,20170721,20170720,210551000,3212.0,1148,89530,36869340.0,3213.0,7,3211.0,5
rb1805,20170721,20170720,210551500,3212.0,1148,89530,36869340.0,3212.0,3,3211.0,5
rb1805,20170721,20170720,210552000,3212.0,1148,89530,36869340.0,3213.0,7,3211.0,5
rb1805,20170721,20170720,210552500,3212.0,1148,89530,36869340.0,3213.0,10,3211.0,5
rb1805,20170721,20170720,210553000,3212.0,1148,89530,36869340.0,3213.0,2,3211.0,11
rb1805,20170721,20170720,210554000,3212.0,1148,89530,36869340.0,3213.0,2,3211.0,11
rb1805,20170721,20170720,210555000,3212.0,1148,89530,36869340.0,3213.0,2,3211.0,11
rb1805,20170721,20170720,210555500,3212.0,1148,89530,36869340.0,3213.0,5,3211.0,11
rb1805,20170721,20170720,210556000,3212.0,1148,89530,36869340.0,3213.0,10,3211.0,6
rb1805,20170721,20170720,210556500,3212.0,1148,89530,36869340.0,3213.0,10,3211.0,6
rb1805,20170721,20170720,210558500,3212.0,1148,89530,36869340.0,3212.0,1,3211.0,12
rb1805,20170721,20170720,210559000,3212.0,1148,89530,36869340.0,3212.0,1,3211.0,12
rb1805,20170721,20170720,210559500,3212.0,1150,89532,36933580.0,3213.0,3,3211.0,12
rb1805,20170721,20170720,210600000,3213.0,1158,89540,37190620.0,3214.0,5,3213.0,2
rb1805,20170721,20170720,210600500,3213.0,1162,89544,37319140.0,3214.0,3,3211.0,11
rb1805,20170721,20170720,210601000,3213.0,1162,89544,37319140.0,3213.0,11,3212.0,2
rb1805,20170721,20170720,210601500,3213.0,1172,89536,37640440.0,3214.0,3,3212.0,10
rb1805,20170721,20170720,210602000,3213.0,1172,89536,37640440.0,3215.0,6,3212.0,10
rb1805,20170721,20170720,210603000,3215.0,1178,89534,37833340.0,3216.0,3,3214.0,4
rb1805,20170721,20170720,210603500,3215.0,1180,89534,37897640.0,3216.0,3,3214.0,8
rb1805,20170721,20170720,210604000,3215.0,1180,89534,37897640.0,3216.0,3,3214.0,5
rb1805,20170721,20170720,210604500,3215.0,1180,89534,37897640.0,3216.0,1,3215.0,2
rb1805,20170721,20170720,210605000,3215.0,1180,89534,37897640.0,3216.0,4,3215.0,2
rb1805,20170721,20170720,210605500,3215.0,1182,89536,37961940.0,3216.0,2,3215.0,1
rb1805,20170721,20170720,210606000,3215.0,1182,89536,37961940.0,3216.0,2,3215.0,9
rb1805,20170721,20170720,210606500,3216.0,1186,89534,38090580.0,3217.0,7,3216.0,2
rb1805,20170721,20170720,210607000,3216.0,1188,89532,38154900.0,3216.0,2,3215.0,1
rb1805,20170721,20170720,210607500,3215.0,1190,89534,38219200.0,3216.0,2,3214.0,8
rb1805,20170721,20170720,210609500,3215.0,1190,89534,38219200.0,3216.0,8,3213.0,4
rb1805,20170721,20170720,210610000,3215.0,1190,89534,38219200.0,3215.0,2,3213.0,12
rb1805,20170721,20170720,210610500,3215.0,1190,89534,38219200.0,3215.0,2,3213.0,8
rb1805,20170721,20170720,210611000,3215.0,1190,89534,38219200.0,3216.0,8,3213.0,8
rb1805,20170721,20170720,210611500,3215.0,1190,89534,38219200.0,3215.0,4,3213.0,8
rb1805,20170721,20170720,210612000,3215.0,1190,89534,38219200.0,3215.0,4,3213.0,9
rb1805,20170721,20170720,210613000,3215.0,1190,89534,38219200.0,3215.0,4,3213.0,9
rb1805,20170721,20170720,210613500,3215.0,1190,89534,38219200.0,3214.0,2,3213.0,1
rb1805,20170721,20170720,210614000,3215.0,1190,89534,38219200.0,3214.0,2,3213.0,1
rb1805,20170721,20170720,210614500,3215.0,1190,89534,38219200.0,3214.0,2,3213.0,1
rb1805,20170721,20170720,210615500,3214.0,1192,89536,38283480.0,3214.0,1,3213.0,1
rb1805,20170721,20170720,210616000,3214.0,1192,89536,38283480.0,3215.0,10,3213.0,1
rb1805,20170721,20170720,210616500,3214.0,1192,89536,38283480.0,3215.0,9,3213.0,1
rb1805,20170721,20170720,210617000,3214.0,1192,89536,38283480.0,3215.0,9,3214.0,1
rb1805,20170721,20170720,210617500,3214.0,1192,89536,38283480.0,3215.0,2,3214.0,1
rb1805,20170721,20170720,210618000,3214.0,1192,89536,38283480.0,3215.0,2,3214.0,1
rb1805,20170721,20170720,210618500,3214.0,1192,89536,38283480.0,3215.0,2,3214.0,1
rb1805,20170721,20170720,210619000,3214.0,1192,89536,38283480.0,3215.0,3,3214.0,1
rb1805,20170721,20170720,210619500,3214.0,1192,89536,38283480.0,3215.0,4,3214.0,1
rb1805,20170721,20170720,210621000,3214.0,1192,89536,38283480.0,3215.0,4,3214.0,2
rb1805,20170721,20170720,210622000,3214.0,1192,89536,38283480.0,3215.0,4,3214.0,2
rb1805,20170721,20170720,210624000,3214.0,1192,89536,38283480.0,3215.0,4,3214.0,2
rb1805,20170721,20170720,210624500,3214.0,1192,89536,38283480.0,3215.0,4,3214.0,2
rb1805,20170721,20170720,210625000,3214.0,1194,89536,38347760.0,3215.0,4,3214.0,1
rb1805,20170721,20170720,210625500,3214.0,1194,89536,38347760.0,3215.0,4,3214.0,1
rb1805,20170721,20170720,210626000,3214.0,1200,89536,38540600.0,3214.0,23,3213.0,7
rb1805,20170721,20170720,210626500,3214.0,1200,89536,38540600.0,3214.0,6,3213.0,7
rb1805,20170721,20170720,210627000,3214.0,1200,89536,38540600.0,3214.0,10,3213.0,2
rb1805,20170721,20170720,210627500,3213.0,1202,89538,38604860.0,3214.0,7,3213.0,1
rb1805,20170721,20170720,210628000,3213.0,1202,89538,38604860.0,3214.0,7,3213.0,1
rb1805,20170721,20170720,210628500,3213.0,1202,89538,38604860.0,3214.0,12,3213.0,1
rb1805,20170721,20170720,210629500,3213.0,1202,89538,38604860.0,3214.0,11,3213.0,1
rb1805,20170721,20170720,210630000,3213.0,1202,89538,38604860.0,3214.0,11,3213.0,1
rb1805,20170721,20170720,210630500,3213.0,1202,89538,38604860.0,3214.0,1,3213.0,1
rb1805,20170721,20170720,210631000,3213.0,1202,89538,38604860.0,3214.0,1,3213.0,1
rb1805,20170721,20170720,210632000,3213.0,1202,89538,38604860.0,3214.0,1,3213.0,1
rb1805,20170721,20170720,210633000,3213.0,1202,89538,38604860.0,3215.0,4,3213.0,4
rb1805,20170721,20170720,210633500,3213.0,1202,89538,38604860.0,3215.0,4,3213.0,4
rb1805,20170721,20170720,210634000,3213.0,1202,89538,38604860.0,3215.0,9,3213.0,4
rb1805,20170721,20170720,210635500,3213.0,1210,89530,38861900.0,3213.0,21,3212.0,5
rb1805,20170721,20170720,210636000,3213.0,1220,89530,39183200.0,3213.0,44,3212.0,5
rb1805,20170721,20170720,210636500,3213.0,1220,89530,39183200.0,3213.0,44,3212.0,5
rb1805,20170721,20170720,210637000,3213.0,1220,89530,39183200.0,3213.0,44,3212.0,5
rb1805,20170721,20170720,210637500,3213.0,1228,89522,39440240.0,3213.0,40,3212.0,5
rb1805,20170721,20170720,210638500,3213.0,1228,89522,39440240.0,3213.0,40,3212.0,5
rb1805,20170721,20170720,210640500,3213.0,1228,89522,39440240.0,3213.0,40,3212.0,6
rb1805,20170721,20170720,210641000,3213.0,1228,89522,39440240.0,3213.0,40,3212.0,1
rb1805,20170721,20170720,210642500,3213.0,1228,89522,39440240.0,3213.0,40,3212.0,1
rb1805,20170721,20170720,210643000,3213.0,1228,89522,39440240.0,3213.0,40,3212.0,1
rb1805,20170721,20170720,210643500,3212.0,1230,89524,39504480.0,3212.0,9,3211.0,7
rb1805,20170721,20170720,210644000,3212.0,1230,89524,39504480.0,3212.0,9,3211.0,7
rb1805,20170721,20170720,210645500,3212.0,1232,89526,39568720.0,3212.0,8,3211.0,7
rb1805,20170721,20170720,210647000,3212.0,1232,89526,39568720.0,3212.0,8,3211.0,7
rb1805,20170721,20170720,210647500,3212.0,1232,89526,39568720.0,3212.0,8,3211.0,8
rb1805,20170721,20170720,210648500,3211.0,1234,89526,39632940.0,3212.0,8,3211.0,7
rb1805,20170721,20170720,210649500,3211.0,1236,89528,39697160.0,3212.0,8,3211.0,6
rb1805,20170721,20170720,210652000,3212.0,1246,89538,40018360.0,3212.0,3,3211.0,6
rb1805,20170721,20170720,210657000,3212.0,1246,89538,40018360.0,3212.0,3,3211.0,6
rb1805,20170721,20170720,210657500,3212.0,1246,89538,40018360.0,3212.0,9,3211.0,5
rb1805,20170721,20170720,210658000,3212.0,1246,89538,40018360.0,3212.0,9,3211.0,5
rb1805,20170721,20170720,210658500,3211.0,1256,89542,40339460.0,3212.0,9,3210.0,12
rb1805,20170721,20170720,210659000,3211.0,1256,89542,40339460.0,3212.0,9,3210.0,8
rb1805,20170721,20170720,210700500,3211.0,1256,89542,40339460.0,3212.0,12,3210.0,8
rb1805,20170721,20170720,210701000,3211.0,1258,89542,40403680.0,3212.0,9,3210.0,10
rb1805,20170721,20170720,210702500,3212.0,1260,89542,40467920.0,3212.0,11,3210.0,10
rb1805,20170721,20170720,210703000,3212.0,1262,89544,40532160.0,3212.0,10,3211.0,1
rb1805,20170721,20170720,210703500,3210.0,1274,89550,40917380.0,3211.0,2,3210.0,4
rb1805,20170721,20170720,210704000,3209.0,1284,89544,41238340.0,3212.0,10,3209.0,11
rb1805,20170721,20170720,210704500,3209.0,1286,89542,41302520.0,3212.0,10,3209.0,15
rb1805,20170721,20170720,210706000,3209.0,1286,89542,41302520.0,3212.0,10,3209.0,15
rb1805,20170721,20170720,210706500,3209.0,1286,89542,41302520.0,3211.0,2,3209.0,15
rb1805,20170721,20170720,210707000,3209.0,1286,89542,41302520.0,3211.0,2,3209.0,15
rb1805,20170721,20170720,210707500,3209.0,1286,89542,41302520.0,3211.0,2,3209.0,15
rb1805,20170721,20170720,210708000,3212.0,1292,89544,41495200.0,3212.0,9,3209.0,15
rb1805,20170721,20170720,210710000,3209.0,1302,89544,41816100.0,3212.0,9,3209.0,10
rb1805,20170721,20170720,210710500,3209.0,1306,89544,41944460.0,3212.0,10,3209.0,8
rb1805,20170721,20170720,210712000,3209.0,1306,89544,41944460.0,3212.0,10,3209.0,8
rb1805,20170721,20170720,210713000,3209.0,1306,89544,41944460.0,3212.0,10,3210.0,1
rb1805,20170721,20170720,210715500,3209.0,1306,89544,41944460.0,3211.0,3,3210.0,2
rb1805,20170721,20170720,210717500,3209.0,1306,89544,41944460.0,3211.0,3,3210.0,2
rb1805,20170721,20170720,210718000,3210.0,1310,89548,42072860.0,3211.0,3,3210.0,1
rb1805,20170721,20170720,210718500,3210.0,1312,89548,42137060.0,3211.0,9,3209.0,8
rb1805,20170721,20170720,210719000,3210.0,1312,89548,42137060.0,3211.0,9,3209.0,3
rb1805,20170721,20170720,210719500,3209.0,1318,89548,42329600.0,3209.0,1,3208.0,2
rb1805,20170721,20170720,210720000,3209.0,1318,89548,42329600.0,3209.0,5,3208.0,2
rb1805,20170721,20170720,210721000,3209.0,1318,89548,42329600.0,3209.0,5,3208.0,2
rb1805,20170721,20170720,210722000,3209.0,1320,89548,42393780.0,3209.0,12,3208.0,2
rb1805,20170721,20170720,210722500,3209.0,1320,89548,42393780.0,3209.0,8,3208.0,2
rb1805,20170721,20170720,210723000,3209.0,1320,89548,42393780.0,3209.0,8,3208.0,2
rb1805,20170721,20170720,210723500,3208.0,1324,89550,42522120.0,3209.0,4,3208.0,1
rb1805,20170721,20170720,210724000,3209.0,1326,89550,42586300.0,3209.0,3,3208.0,1
rb1805,20170721,20170720,210724500,3209.0,1328,89550,42650480.0,3209.0,2,3208.0,6
rb1805,20170721,20170720,210725000,3209.0,1332,89550,42778840.0,3210.0,3,3209.0,2
rb1805,20170721,20170720,210725500,3209.0,1332,89550,42778840.0,3209.0,19,3208.0,6
rb1805,20170721,20170720,210726000,3209.0,1332,89550,42778840.0,3209.0,5,3208.0,6
rb1805,20170721,20170720,210726500,3209.0,1332,89550,42778840.0,3210.0,1,3209.0,3
rb1805,20170721,20170720,210727000,3209.0,1332,89550,42778840.0,3210.0,3,3208.0,1
rb1805,20170721,20170720,210727500,3209.0,1334,89550,42843020.0,3210.0,7,3208.0,1
rb1805,20170721,20170720,210728000,3209.0,1334,89550,42843020.0,3210.0,7,3208.0,1
rb1805,20170721,20170720,210728500,3209.0,1334,89550,42843020.0,3210.0,7,3208.0,1
rb1805,20170721,20170720,210729000,3209.0,1334,89550,42843020.0,3210.0,7,3208.0,1
rb1805,20170721,20170720,210729500,3209.0,1334,89550,42843020.0,3210.0,7,3208.0,2
rb1805,20170721,20170720,210730500,3209.0,1334,89550,42843020.0,3210.0,7,3209.0,1
rb1805,20170721,20170720,210731000,3209.0,1336,89550,42907200.0,3210.0,7,3208.0,2
rb1805,20170721,20170720,210731500,3209.0,1336,89550,42907200.0,3209.0,18,3208.0,2
rb1805,20170721,20170720,210732000,3209.0,1336,89550,42907200.0,3209.0,8,3208.0,2
rb1805,20170721,20170720,210732500,3209.0,1336,89550,42907200.0,3209.0,8,3208.0,2
rb1805,20170721,20170720,210733000,3209.0,1338,89552,42971380.0,3209.0,4,3208.0,7
rb1805,20170721,20170720,210733500,3209.0,1340,89554,43035560.0,3210.0,7,3209.0,3
rb1805,20170721,20170720,210734000,3209.0,1346,89554,43228100.0,3209.0,1,3208.0,7
rb1805,20170721,20170720,210734500,3209.0,1348,89552,43292280.0,3210.0,3,3209.0,9
rb1805,20170721,20170720,210735000,3209.0,1348,89552,43292280.0,3211.0,5,3208.0,7
rb1805,20170721,20170720,210735500,3209.0,1348,89552,43292280.0,3211.0,8,3209.0,2
rb1805,20170721,20170720,210736000,3209.0,1348,89552,43292280.0,3211.0,8,3209.0,2
rb1805,20170721,20170720,210736500,3209.0,1348,89552,43292280.0,3211.0,8,3209.0,2
rb1805,20170721,20170720,210737000,3209.0,1348,89552,43292280.0,3210.0,1,3209.0,2
rb1805,20170721,20170720,210737500,3209.0,1348,89552,43292280.0,3210.0,1,3209.0,2
rb1805,20170721,20170720,210738000,3209.0,1348,89552,43292280.0,3210.0,1,3209.0,2
rb1805,20170721,20170720,210738500,3209.0,1348,89552,43292280.0,3210.0,1,3209.0,2
rb1805,20170721,20170720,210739000,3209.0,1348,89552,43292280.0,3210.0,1,3209.0,2
rb1805,20170721,20170720,210740000,3209.0,1348,89552,43292280.0,3210.0,2,3209.0,2
rb1805,20170721,20170720,210740500,3209.0,1348,89552,43292280.0,3210.0,6,3209.0,2
rb1805,20170721,20170720,210741000,3209.0,1348,89552,43292280.0,3210.0,7,3209.0,2
rb1805,20170721,20170720,210742000,3210.0,1354,89558,43484880.0,3211.0,8,3209.0,7
rb1805,20170721,20170720,210742500,3210.0,1354,89558,43484880.0,3211.0,3,3210.0,1
rb1805,20170721,20170720,210743000,3210.0,1354,89558,43484880.0,3211.0,3,3209.0,8
rb1805,20170721,20170720,210743500,3210.0,1354,89558,43484880.0,3211.0,3,3209.0,8
rb1805,20170721,20170720,210744000,3210.0,1354,89558,43484880.0,3211.0,3,3209.0,8
rb1805,20170721,20170720,210745000,3210.0,1354,89558,43484880.0,3212.0,5,3209.0,8
rb1805,20170721,20170720,210745500,3210.0,1354,89558,43484880.0,3211.0,3,3209.0,8
rb1805,20170721,20170720,210746000,3210.0,1354,89558,43484880.0,3211.0,3,3209.0,10
rb1805,20170721,20170720,210747000,3211.0,1360,89552,43677540.0,3212.0,5,3211.0,3
rb1805,20170721,20170720,210747500,3209.0,1372,89546,44062740.0,3211.0,14,3209.0,7
rb1805,20170721,20170720,210748000,3209.0,1372,89546,44062740.0,3211.0,5,3210.0,1
rb1805,20170721,20170720,210748500,3209.0,1372,89546,44062740.0,3211.0,5,3210.0,2
rb1805,20170721,20170720,210749000,3209.0,1372,89546,44062740.0,3211.0,5,3210.0,2
rb1805,20170721,20170720,210749500,3209.0,1372,89546,44062740.0,3211.0,9,3210.0,2
rb1805,20170721,20170720,210750000,3209.0,1372,89546,44062740.0,3211.0,5,3210.0,2
rb1805,20170721,20170720,210751500,3210.0,1376,89544,44191140.0,3210.0,7,3209.0,10
rb1805,20170721,20170720,210752000,3210.0,1376,89544,44191140.0,3211.0,2,3209.0,10
rb1805,20170721,20170720,210752500,3210.0,1376,89544,44191140.0,3211.0,5,3209.0,10
rb1805,20170721,20170720,210753500,3210.0,1376,89544,44191140.0,3211.0,10,3209.0,10
rb1805,20170721,20170720,210754000,3210.0,1376,89544,44191140.0,3211.0,5,3209.0,11
rb1805,20170721,20170720,210754500,3210.0,1376,89544,44191140.0,3211.0,5,3210.0,1
rb1805,20170721,20170720,210755000,3210.0,1376,89544,44191140.0,3211.0,5,3210.0,1
rb1805,20170721,20170720,210757500,3210.0,1378,89544,44255340.0,3210.0,3,3209.0,8
rb1805,20170721,20170720,210758000,3210.0,1378,89544,44255340.0,3210.0,6,3209.0,8
rb1805,20170721,20170720,210758500,3210.0,1378,89544,44255340.0,3210.0,6,3209.0,4
rb1805,20170721,20170720,210759000,3210.0,1378,89544,44255340.0,3210.0,6,3209.0,4
rb1805,20170721,20170720,210759500,3210.0,1378,89544,44255340.0,3210.0,9,3209.0,4
rb1805,20170721,20170720,210800000,3210.0,1378,89544,44255340.0,3210.0,6,3209.0,5
rb1805,20170721,20170720,210800500,3210.0,1378,89544,44255340.0,3210.0,6,3209.0,5
rb1805,20170721,20170720,210802500,3210.0,1380,89546,44319540.0,3210.0,5,3209.0,5
rb1805,20170721,20170720,210804500,3210.0,1380,89546,44319540.0,3210.0,2,3209.0,5
rb1805,20170721,20170720,210805000,3210.0,1380,89546,44319540.0,3211.0,2,3210.0,4
rb1805,20170721,20170720,210805500,3210.0,1380,89546,44319540.0,3211.0,2,3209.0,10
rb1805,20170721,20170720,210806500,3209.0,1386,89542,44512080.0,3210.0,3,3209.0,7
rb1805,20170721,20170720,210807000,3209.0,1386,89542,44512080.0,3210.0,3,3209.0,7
rb1805,20170721,20170720,210807500,3209.0,1386,89542,44512080.0,3210.0,5,3209.0,2
rb1805,20170721,20170720,210808000,3209.0,1386,89542,44512080.0,3210.0,1,3209.0,2
rb1805,20170721,20170720,210810000,3209.0,1386,89542,44512080.0,3210.0,1,3209.0,2
rb1805,20170721,20170720,210810500,3209.0,1386,89542,44512080.0,3210.0,1,3209.0,2
rb1805,20170721,20170720,210811500,3209.0,1386,89542,44512080.0,3210.0,4,3209.0,2
rb1805,20170721,20170720,210812000,3210.0,1388,89544,44576280.0,3210.0,3,3209.0,2
rb1805,20170721,20170720,210812500,3210.0,1388,89544,44576280.0,3210.0,3,3209.0,2
rb1805,20170721,20170720,210813000,3210.0,1388,89544,44576280.0,3210.0,3,3209.0,2
rb1805,20170721,20170720,210813500,3209.0,1392,89542,44704640.0,3209.0,3,3208.0,10
rb1805,20170721,20170720,210814000,3209.0,1396,89538,44833000.0,3209.0,1,3208.0,14
rb1805,20170721,20170720,210814500,3209.0,1398,89536,44897180.0,3210.0,3,3209.0,1
rb1805,20170721,20170720,210815000,3209.0,1398,89536,44897180.0,3210.0,3,3208.0,14
rb1805,20170721,20170720,210815500,3209.0,1398,89536,44897180.0,3211.0,3,3208.0,14
rb1805,20170721,20170720,210816500,3209.0,1398,89536,44897180.0,3211.0,3,3208.0,14
rb1805,20170721,20170720,210817000,3209.0,1398,89536,44897180.0,3211.0,8,3208.0,14
rb1805,20170721,20170720,210819000,3209.0,1398,89536,44897180.0,3211.0,10,3209.0,1
rb1805,20170721,20170720,210819500,3209.0,1398,89536,44897180.0,3210.0,3,3209.0,1
rb1805,20170721,20170720,210820000,3209.0,1398,89536,44897180.0,3211.0,10,3209.0,1
rb1805,20170721,20170720,210820500,3209.0,1398,89536,44897180.0,3211.0,10,3209.0,1
rb1805,20170721,20170720,210821500,3209.0,1398,89536,44897180.0,3211.0,10,3209.0,1
rb1805,20170721,20170720,210822000,3209.0,1398,89536,44897180.0,3211.0,3,3209.0,10
rb1805,20170721,20170720,210823000,3209.0,1398,89536,44897180.0,3211.0,3,3210.0,5
rb1805,20170721,20170720,210826000,3209.0,1398,89536,44897180.0,3211.0,3,3210.0,6
rb1805,20170721,20170720,210826500,3210.0,1410,89544,45282380.0,3210.0,4,3209.0,11
rb1805,20170721,20170720,210827000,3210.0,1410,89544,45282380.0,3211.0,3,3209.0,6
rb1805,20170721,20170720,210827500,3210.0,1410,89544,45282380.0,3210.0,3,3209.0,6
rb1805,20170721,20170720,210828000,3211.0,1412,89544,45346600.0,3211.0,5,3209.0,6
rb1805,20170721,20170720,210828500,3211.0,1412,89544,45346600.0,3211.0,5,3209.0,3
rb1805,20170721,20170720,210829000,3211.0,1412,89544,45346600.0,3211.0,5,3209.0,3
rb1805,20170721,20170720,210829500,3211.0,1412,89544,45346600.0,3211.0,5,3209.0,8
rb1805,20170721,20170720,210831500,3211.0,1412,89544,45346600.0,3210.0,2,3209.0,8
rb1805,20170721,20170720,210832000,3211.0,1412,89544,45346600.0,3210.0,2,3209.0,4
rb1805,20170721,20170720,210832500,3209.0,1414,89546,45410780.0,3211.0,10,3209.0,3
rb1805,20170721,20170720,210833500,3209.0,1414,89546,45410780.0,3211.0,5,3209.0,11
rb1805,20170721,20170720,210834500,3209.0,1414,89546,45410780.0,3211.0,5,3210.0,2
rb1805,20170721,20170720,210835500,3210.0,1418,89548,45539180.0,3210.0,2,3209.0,8
rb1805,20170721,20170720,210836000,3210.0,1418,89548,45539180.0,3210.0,4,3209.0,9
rb1805,20170721,20170720,210836500,3210.0,1418,89548,45539180.0,3210.0,4,3209.0,9
rb1805,20170721,20170720,210838500,3210.0,1418,89548,45539180.0,3210.0,4,3209.0,4
rb1805,20170721,20170720,210839000,3210.0,1418,89548,45539180.0,3210.0,4,3209.0,4
rb1805,20170721,20170720,210839500,3210.0,1418,89548,45539180.0,3210.0,4,3209.0,4
rb1805,20170721,20170720,210841000,3210.0,1418,89548,45539180.0,3210.0,9,3209.0,4
rb1805,20170721,20170720,210841500,3210.0,1426,89544,45795980.0,3211.0,5,3210.0,2
rb1805,20170721,20170720,210842000,3210.0,1426,89544,45795980.0,3211.0,5,3210.0,2
rb1805,20170721,20170720,210843000,3210.0,1426,89544,45795980.0,3211.0,5,3210.0,2
rb1805,20170721,20170720,210844000,3211.0,1438,89536,46181220.0,3211.0,3,3209.0,4
rb1805,20170721,20170720,210844500,3211.0,1442,89536,46309660.0,3211.0,1,3209.0,12
rb1805,20170721,20170720,210847000,3211.0,1442,89536,46309660.0,3211.0,1,3210.0,1
rb1805,20170721,20170720,210848000,3211.0,1442,89536,46309660.0,3211.0,1,3210.0,7
rb1805,20170721,20170720,210848500,3211.0,1442,89536,46309660.0,3211.0,1,3210.0,8
rb1805,20170721,20170720,210849000,3211.0,1442,89536,46309660.0,3211.0,1,3210.0,8
rb1805,20170721,20170720,210850000,3211.0,1444,89534,46373880.0,3212.0,4,3211.0,1
rb1805,20170721,20170720,210850500,3211.0,1446,89534,46438100.0,3211.0,4,3210.0,8
rb1805,20170721,20170720,210851000,3211.0,1446,89534,46438100.0,3212.0,4,3210.0,8
rb1805,20170721,20170720,210851500,3211.0,1446,89534,46438100.0,3212.0,4,3210.0,12
rb1805,20170721,20170720,210852000,3211.0,1446,89534,46438100.0,3212.0,9,3210.0,7
rb1805,20170721,20170720,210853500,3211.0,1446,89534,46438100.0,3212.0,9,3210.0,7
rb1805,20170721,20170720,210854500,3211.0,1446,89534,46438100.0,3212.0,9,3210.0,13
rb1805,20170721,20170720,210855000,3211.0,1446,89534,46438100.0,3211.0,4,3210.0,8
rb1805,20170721,20170720,210855500,3211.0,1446,89534,46438100.0,3211.0,4,3210.0,8
rb1805,20170721,20170720,210856000,3211.0,1446,89534,46438100.0,3211.0,4,3210.0,8
rb1805,20170721,20170720,210856500,3211.0,1446,89534,46438100.0,3211.0,4,3210.0,8
rb1805,20170721,20170720,210857000,3211.0,1446,89534,46438100.0,3211.0,4,3210.0,8
rb1805,20170721,20170720,210858000,3211.0,1452,89540,46630760.0,3211.0,1,3210.0,8
rb1805,20170721,20170720,210859000,3211.0,1452,89540,46630760.0,3211.0,1,3210.0,8
rb1805,20170721,20170720,210859500,3211.0,1452,89540,46630760.0,3211.0,1,3210.0,8
rb1805,20170721,20170720,210900000,3211.0,1452,89540,46630760.0,3211.0,1,3210.0,7
rb1805,20170721,20170720,210902000,3211.0,1452,89540,46630760.0,3211.0,1,3210.0,8
rb1805,20170721,20170720,210902500,3211.0,1452,89540,46630760.0,3212.0,11,3210.0,8
rb1805,20170721,20170720,210903000,3211.0,1454,89542,46694980.0,3212.0,12,3211.0,4
rb1805,20170721,20170720,210903500,3211.0,1464,89542,47016080.0,3211.0,17,3210.0,8
rb1805,20170721,20170720,210904000,3211.0,1466,89542,47080300.0,3211.0,2,3210.0,8
rb1805,20170721,20170720,210906000,3211.0,1466,89542,47080300.0,3212.0,10,3210.0,8
rb1805,20170721,20170720,210906500,3211.0,1466,89542,47080300.0,3212.0,10,3211.0,2
rb1805,20170721,20170720,210907000,3211.0,1470,89538,47208740.0,3211.0,14,3210.0,8
rb1805,20170721,20170720,210907500,3211.0,1470,89538,47208740.0,3212.0,10,3210.0,8
rb1805,20170721,20170720,210908500,3211.0,1470,89538,47208740.0,3212.0,10,3210.0,9
rb1805,20170721,20170720,210909000,3210.0,1488,89528,47786540.0,3210.0,14,3209.0,9
rb1805,20170721,20170720,210909500,3210.0,1506,89532,48364340.0,3211.0,23,3209.0,6
rb1805,20170721,20170720,210910000,3210.0,1506,89532,48364340.0,3211.0,23,3209.0,6
rb1805,20170721,20170720,210910500,3210.0,1506,89532,48364340.0,3211.0,20,3209.0,6
rb1805,20170721,20170720,210911000,3210.0,1506,89532,48364340.0,3211.0,20,3209.0,6
rb1805,20170721,20170720,210911500,3211.0,1516,89538,48685300.0,3211.0,19,3209.0,3
rb1805,20170721,20170720,210912500,3211.0,1516,89538,48685300.0,3211.0,19,3209.0,8
rb1805,20170721,20170720,210913500,3211.0,1516,89538,48685300.0,3211.0,19,3209.0,8
rb1805,20170721,20170720,210914000,3211.0,1516,89538,48685300.0,3210.0,1,3209.0,8
rb1805,20170721,20170720,210914500,3211.0,1516,89538,48685300.0,3210.0,1,3209.0,3
rb1805,20170721,20170720,210915000,3211.0,1516,89538,48685300.0,3210.0,1,3209.0,4
rb1805,20170721,20170720,210915500,3211.0,1516,89538,48685300.0,3210.0,1,3209.0,4
rb1805,20170721,20170720,210917500,3211.0,1516,89538,48685300.0,3210.0,1,3209.0,4
rb1805,20170721,20170720,210918000,3210.0,1518,89538,48749500.0,3211.0,20,3209.0,4
rb1805,20170721,20170720,210918500,3209.0,1520,89538,48813680.0,3211.0,20,3209.0,3
rb1805,20170721,20170720,210919000,3209.0,1520,89538,48813680.0,3211.0,20,3209.0,3
rb1805,20170721,20170720,210919500,3209.0,1520,89538,48813680.0,3211.0,20,3210.0,8
rb1805,20170721,20170720,210920000,3208.0,1546,89558,49648140.0,3210.0,6,3208.0,14
rb1805,20170721,20170720,210920500,3208.0,1546,89558,49648140.0,3211.0,20,3209.0,3
rb1805,20170721,20170720,210921000,3208.0,1546,89558,49648140.0,3211.0,21,3210.0,1
rb1805,20170721,20170720,210921500,3210.0,1548,89558,49712340.0,3210.0,6,3209.0,9
rb1805,20170721,20170720,210922000,3210.0,1548,89558,49712340.0,3211.0,21,3209.0,9
rb1805,20170721,20170720,210922500,3209.0,1560,89564,50097420.0,3211.0,22,3209.0,8
rb1805,20170721,20170720,210923000,3209.0,1560,89564,50097420.0,3211.0,22,3209.0,12
rb1805,20170721,20170720,210924000,3209.0,1560,89564,50097420.0,3211.0,22,3209.0,12
rb1805,20170721,20170720,210924500,3209.0,1560,89564,50097420.0,3211.0,22,3209.0,13
rb1805,20170721,20170720,210925000,3209.0,1560,89564,50097420.0,3211.0,23,3209.0,13
rb1805,20170721,20170720,210925500,3209.0,1560,89564,50097420.0,3211.0,26,3209.0,13
rb1805,20170721,20170720,210926500,3209.0,1560,89564,50097420.0,3211.0,27,3209.0,13
rb1805,20170721,20170720,210927000,3209.0,1580,89564,50739220.0,3211.0,27,3209.0,3
rb1805,20170721,20170720,210927500,3209.0,1580,89564,50739220.0,3211.0,30,3209.0,3
rb1805,20170721,20170720,210928500,3208.0,1590,89566,51060080.0,3211.0,30,3208.0,12
rb1805,20170721,20170720,210929000,3208.0,1590,89566,51060080.0,3210.0,2,3208.0,12
rb1805,20170721,20170720,210929500,3208.0,1590,89566,51060080.0,3209.0,20,3208.0,12
rb1805,20170721,20170720,210930000,3209.0,1602,89560,51445160.0,3209.0,14,3208.0,9
rb1805,20170721,20170720,210930500,3209.0,1610,89560,51701880.0,3209.0,10,3208.0,9
rb1805,20170721,20170720,210931500,3209.0,1610,89560,51701880.0,3209.0,10,3208.0,9
rb1805,20170721,20170720,210932000,3209.0,1610,89560,51701880.0,3209.0,10,3208.0,9
rb1805,20170721,20170720,210934500,3209.0,1610,89560,51701880.0,3209.0,10,3208.0,9
rb1805,20170721,20170720,210935000,3209.0,1610,89560,51701880.0,3209.0,10,3208.0,9
rb1805,20170721,20170720,210935500,3209.0,1612,89560,51766060.0,3209.0,9,3208.0,9
rb1805,20170721,20170720,210937000,3209.0,1630,89542,52343680.0,3210.0,2,3209.0,41
rb1805,20170721,20170720,210937500,3209.0,1636,89538,52536220.0,3210.0,2,3209.0,38
rb1805,20170721,20170720,210938000,3209.0,1636,89538,52536220.0,3210.0,2,3209.0,40
rb1805,20170721,20170720,210941000,3209.0,1636,89538,52536220.0,3210.0,2,3209.0,40
rb1805,20170721,20170720,210941500,3209.0,1636,89538,52536220.0,3210.0,2,3209.0,40
rb1805,20170721,20170720,210942000,3209.0,1636,89538,52536220.0,3210.0,7,3209.0,40
rb1805,20170721,20170720,210942500,3209.0,1666,89538,53498920.0,3210.0,10,3209.0,25
rb1805,20170721,20170720,210943500,3209.0,1706,89538,54782520.0,3210.0,10,3209.0,5
rb1805,20170721,20170720,210944000,3209.0,1706,89538,54782520.0,3210.0,30,3209.0,5
rb1805,20170721,20170720,210944500,3210.0,1708,89540,54846720.0,3210.0,29,3209.0,5
rb1805,20170721,20170720,210945000,3210.0,1708,89540,54846720.0,3210.0,28,3209.0,5
rb1805,20170721,20170720,210945500,3210.0,1708,89540,54846720.0,3210.0,28,3209.0,5
rb1805,20170721,20170720,210946500,3210.0,1708,89540,54846720.0,3210.0,28,3209.0,6
rb1805,20170721,20170720,210947000,3210.0,1708,89540,54846720.0,3210.0,35,3209.0,6
rb1805,20170721,20170720,210947500,3210.0,1708,89540,54846720.0,3210.0,35,3209.0,9
rb1805,20170721,20170720,210948000,3209.0,1726,89550,55424340.0,3209.0,4,3208.0,9
rb1805,20170721,20170720,210948500,3209.0,1726,89550,55424340.0,3209.0,34,3208.0,9
rb1805,20170721,20170720,210949000,3208.0,1732,89548,55616820.0,3209.0,36,3208.0,6
rb1805,20170721,20170720,210949500,3207.0,1748,89556,56130060.0,3207.0,1,3206.0,5
rb1805,20170721,20170720,210950000,3207.0,1748,89556,56130060.0,3207.0,5,3206.0,5
rb1805,20170721,20170720,210950500,3207.0,1748,89556,56130060.0,3207.0,5,3206.0,5
rb1805,20170721,20170720,210951000,3206.0,1752,89560,56258300.0,3207.0,5,3206.0,3
rb1805,20170721,20170720,210952000,3207.0,1764,89564,56643140.0,3208.0,4,3206.0,3
rb1805,20170721,20170720,210952500,3206.0,1770,89570,56835500.0,3206.0,4,3205.0,2
rb1805,20170721,20170720,210953000,3206.0,1770,89570,56835500.0,3206.0,2,3205.0,2
rb1805,20170721,20170720,210953500,3206.0,1770,89570,56835500.0,3206.0,1,3205.0,2
rb1805,20170721,20170720,210954000,3205.0,1772,89570,56899600.0,3206.0,1,3205.0,1
rb1805,20170721,20170720,210954500,3204.0,1778,89568,57091860.0,3205.0,2,3204.0,2
rb1805,20170721,20170720,210955000,3204.0,1782,89568,57220020.0,3206.0,1,3203.0,13
rb1805,20170721,20170720,210955500,3204.0,1782,89568,57220020.0,3206.0,6,3204.0,1
rb1805,20170721,20170720,210956000,3204.0,1782,89568,57220020.0,3206.0,9,3204.0,1
rb1805,20170721,20170720,210957000,3204.0,1782,89568,57220020.0,3205.0,1,3204.0,1
rb1805,20170721,20170720,210957500,3204.0,1784,89566,57284100.0,3204.0,1,3203.0,13
rb1805,20170721,20170720,210958000,3204.0,1784,89566,57284100.0,3204.0,1,3203.0,13
rb1805,20170721,20170720,210958500,3204.0,1784,89566,57284100.0,3205.0,1,3203.0,13
rb1805,20170721,20170720,210959000,3204.0,1784,89566,57284100.0,3204.0,5,3203.0,13
rb1805,20170721,20170720,210959500,3203.0,1786,89564,57348160.0,3204.0,5,3203.0,12
rb1805,20170721,20170720,211000000,3203.0,1810,89568,58116880.0,3203.0,2,3202.0,3
rb1805,20170721,20170720,211000500,3203.0,1810,89568,58116880.0,3203.0,1,3202.0,3
rb1805,20170721,20170720,211001000,3202.0,1812,89568,58180920.0,3203.0,9,3202.0,2
rb1805,20170721,20170720,211001500,3202.0,1816,89570,58309000.0,3202.0,5,3201.0,2
rb1805,20170721,20170720,211002000,3202.0,1816,89570,58309000.0,3202.0,2,3201.0,2
rb1805,20170721,20170720,211002500,3201.0,1822,89570,58501100.0,3203.0,6,3201.0,1
rb1805,20170721,20170720,211003000,3201.0,1824,89572,58565120.0,3203.0,10,3200.0,91
rb1805,20170721,20170720,211003500,3201.0,1826,89572,58629140.0,3201.0,2,3200.0,95
rb1805,20170721,20170720,211004000,3203.0,1834,89568,58885300.0,3204.0,8,3201.0,11
rb1805,20170721,20170720,211004500,3203.0,1834,89568,58885300.0,3203.0,11,3201.0,22
rb1805,20170721,20170720,211005000,3203.0,1834,89568,58885300.0,3203.0,7,3201.0,22
rb1805,20170721,20170720,211005500,3203.0,1834,89568,58885300.0,3203.0,7,3201.0,23
rb1805,20170721,20170720,211006000,3203.0,1836,89568,58949360.0,3203.0,6,3201.0,20
rb1805,20170721,20170720,211006500,3203.0,1836,89568,58949360.0,3203.0,6,3202.0,1
rb1805,20170721,20170720,211007000,3203.0,1848,89570,59333720.0,3204.0,5,3202.0,14
rb1805,20170721,20170720,211007500,3203.0,1848,89570,59333720.0,3204.0,5,3203.0,1
rb1805,20170721,20170720,211008000,3203.0,1848,89570,59333720.0,3205.0,5,3203.0,14
rb1805,20170721,20170720,211008500,3203.0,1850,89572,59397780.0,3205.0,8,3203.0,13
rb1805,20170721,20170720,211009000,3203.0,1850,89572,59397780.0,3205.0,6,3203.0,18
rb1805,20170721,20170720,211009500,3203.0,1850,89572,59397780.0,3204.0,8,3203.0,21
rb1805,20170721,20170720,211010000,3204.0,1860,89562,59718180.0,3205.0,5,3204.0,12
rb1805,20170721,20170720,211010500,3204.0,1860,89562,59718180.0,3205.0,5,3204.0,13
rb1805,20170721,20170720,211011000,3205.0,1872,89562,60102780.0,3206.0,1,3205.0,3
rb1805,20170721,20170720,211011500,3205.0,1896,89546,60871980.0,3206.0,1,3205.0,4
rb1805,20170721,20170720,211012000,3205.0,1902,89542,61064280.0,3206.0,7,3205.0,1
rb1805,20170721,20170720,211012500,3205.0,1904,89540,61128380.0,3206.0,4,3205.0,2
rb1805,20170721,20170720,211013000,3205.0,1906,89538,61192480.0,3206.0,4,3205.0,1
rb1805,20170721,20170720,211013500,3205.0,1908,89538,61256580.0,3206.0,4,3204.0,1
rb1805,20170721,20170720,211014000,3205.0,1908,89538,61256580.0,3206.0,1,3204.0,4
rb1805,20170721,20170720,211014500,3205.0,1908,89538,61256580.0,3206.0,1,3204.0,4
rb1805,20170721,20170720,211015000,3205.0,1908,89538,61256580.0,3205.0,1,3204.0,4
rb1805,20170721,20170720,211015500,3205.0,1910,89538,61320680.0,3206.0,6,3204.0,8
rb1805,20170721,20170720,211016000,3205.0,1910,89538,61320680.0,3206.0,2,3204.0,9
rb1805,20170721,20170720,211016500,3205.0,1910,89538,61320680.0,3206.0,12,3204.0,9
rb1805,20170721,20170720,211017000,3205.0,1910,89538,61320680.0,3206.0,13,3204.0,8
rb1805,20170721,20170720,211017500,3205.0,1910,89538,61320680.0,3206.0,13,3205.0,5
rb1805,20170721,20170720,211018000,3206.0,1912,89538,61384800.0,3206.0,12,3205.0,9
rb1805,20170721,20170720,211018500,3204.0,1932,89538,62025780.0,3206.0,11,3204.0,9
rb1805,20170721,20170720,211019000,3204.0,1932,89538,62025780.0,3206.0,16,3205.0,3
rb1805,20170721,20170720,211019500,3206.0,1934,89540,62089900.0,3206.0,15,3204.0,4
rb1805,20170721,20170720,211020000,3206.0,1934,89540,62089900.0,3206.0,15,3204.0,4
rb1805,20170721,20170720,211020500,3206.0,1934,89540,62089900.0,3206.0,15,3204.0,3
rb1805,20170721,20170720,211021000,3206.0,1934,89540,62089900.0,3205.0,20,3204.0,2
rb1805,20170721,20170720,211021500,3206.0,1934,89540,62089900.0,3205.0,20,3204.0,2
rb1805,20170721,20170720,211022000,3206.0,1934,89540,62089900.0,3205.0,20,3204.0,3
rb1805,20170721,20170720,211023500,3206.0,1934,89540,62089900.0,3205.0,20,3204.0,8
rb1805,20170721,20170720,211024000,3206.0,1934,89540,62089900.0,3205.0,20,3204.0,7
rb1805,20170721,20170720,211024500,3206.0,1934,89540,62089900.0,3205.0,20,3204.0,8
rb1805,20170721,20170720,211025000,3206.0,1934,89540,62089900.0,3205.0,20,3204.0,4
rb1805,20170721,20170720,211025500,3205.0,1944,89540,62410400.0,3205.0,15,3204.0,4
rb1805,20170721,20170720,211026000,3205.0,1944,89540,62410400.0,3205.0,15,3204.0,3
rb1805,20170721,20170720,211027000,3205.0,1944,89540,62410400.0,3205.0,15,3204.0,4
rb1805,20170721,20170720,211027500,3205.0,1946,89542,62474500.0,3205.0,14,3204.0,4
rb1805,20170721,20170720,211028500,3205.0,1946,89542,62474500.0,3205.0,14,3204.0,4
rb1805,20170721,20170720,211029500,3205.0,1946,89542,62474500.0,3205.0,14,3204.0,3
rb1805,20170721,20170720,211030500,3205.0,1946,89542,62474500.0,3205.0,14,3204.0,3
rb1805,20170721,20170720,211031500,3205.0,1946,89542,62474500.0,3205.0,14,3204.0,3
rb1805,20170721,20170720,211032000,3205.0,1946,89542,62474500.0,3205.0,14,3204.0,3
rb1805,20170721,20170720,211034000,3205.0,1946,89542,62474500.0,3205.0,14,3204.0,2
rb1805,20170721,20170720,211034500,3205.0,1956,89542,62795000.0,3205.0,9,3204.0,2
rb1805,20170721,20170720,211035000,3205.0,1956,89542,62795000.0,3205.0,9,3204.0,2
rb1805,20170721,20170720,211035500,3204.0,1960,89540,62923160.0,3204.0,26,3203.0,1
rb1805,20170721,20170720,211036000,3204.0,1960,89540,62923160.0,3204.0,33,3203.0,3
rb1805,20170721,20170720,211036500,3204.0,1960,89540,62923160.0,3204.0,38,3203.0,4
rb1805,20170721,20170720,211037500,3204.0,1960,89540,62923160.0,3204.0,38,3203.0,4
rb1805,20170721,20170720,211038500,3204.0,1960,89540,62923160.0,3204.0,38,3203.0,4
rb1805,20170721,20170720,211039500,3204.0,1976,89538,63435800.0,3204.0,30,3203.0,4
rb1805,20170721,20170720,211041000,3204.0,1976,89538,63435800.0,3204.0,30,3203.0,5
rb1805,20170721,20170720,211044000,3204.0,1976,89538,63435800.0,3204.0,30,3203.0,5
rb1805,20170721,20170720,211044500,3204.0,1976,89538,63435800.0,3204.0,30,3203.0,5
rb1805,20170721,20170720,211045000,3204.0,1976,89538,63435800.0,3204.0,30,3203.0,5
rb1805,20170721,20170720,211045500,3204.0,1976,89538,63435800.0,3204.0,30,3203.0,4
rb1805,20170721,20170720,211046000,3204.0,1976,89538,63435800.0,3204.0,30,3203.0,5
rb1805,20170721,20170720,211046500,3204.0,1976,89538,63435800.0,3204.0,36,3203.0,4
rb1805,20170721,20170720,211047000,3204.0,1986,89528,63756200.0,3204.0,31,3203.0,4
rb1805,20170721,20170720,211048000,3204.0,1986,89528,63756200.0,3204.0,26,3203.0,4
rb1805,20170721,20170720,211049000,3204.0,1986,89528,63756200.0,3204.0,26,3203.0,4
rb1805,20170721,20170720,211050000,3204.0,1986,89528,63756200.0,3204.0,26,3203.0,4
rb1805,20170721,20170720,211051000,3204.0,1986,89528,63756200.0,3204.0,26,3203.0,4
rb1805,20170721,20170720,211052000,3204.0,1988,89528,63820280.0,3204.0,25,3203.0,4
rb1805,20170721,20170720,211053000,3204.0,1988,89528,63820280.0,3204.0,25,3203.0,4
rb1805,20170721,20170720,211053500,3204.0,1988,89528,63820280.0,3204.0,25,3203.0,4
rb1805,20170721,20170720,211054500,3204.0,1990,89526,63884360.0,3204.0,24,3203.0,4
rb1805,20170721,20170720,211055000,3204.0,1990,89526,63884360.0,3204.0,24,3203.0,8
rb1805,20170721,20170720,211057500,3204.0,1990,89526,63884360.0,3204.0,24,3203.0,9
rb1805,20170721,20170720,211058000,3204.0,1990,89526,63884360.0,3204.0,24,3203.0,14
rb1805,20170721,20170720,211058500,3204.0,1990,89526,63884360.0,3204.0,24,3203.0,14
rb1805,20170721,20170720,211059500,3204.0,1990,89526,63884360.0,3204.0,24,3203.0,14
rb1805,20170721,20170720,211100500,3204.0,1990,89526,63884360.0,3204.0,24,3203.0,14
rb1805,20170721,20170720,211101000,3204.0,1990,89526,63884360.0,3204.0,29,3203.0,11
rb1805,20170721,20170720,211101500,3204.0,1990,89526,63884360.0,3204.0,32,3203.0,11
rb1805,20170721,20170720,211102000,3204.0,2006,89510,64397000.0,3204.0,44,3203.0,11
rb1805,20170721,20170720,211103000,3203.0,2016,89510,64717300.0,3204.0,44,3203.0,19
rb1805,20170721,20170720,211103500,3203.0,2054,89548,65934440.0,3203.0,1,3202.0,11
rb1805,20170721,20170720,211104000,3203.0,2054,89548,65934440.0,3203.0,1,3202.0,5
rb1805,20170721,20170720,211105000,3203.0,2054,89548,65934440.0,3203.0,1,3202.0,6
rb1805,20170721,20170720,211105500,3203.0,2054,89548,65934440.0,3203.0,1,3202.0,5
rb1805,20170721,20170720,211107000,3203.0,2056,89550,65998500.0,3204.0,44,3202.0,7
rb1805,20170721,20170720,211108500,3202.0,2076,89560,66638900.0,3204.0,39,3202.0,2
rb1805,20170721,20170720,211109000,3202.0,2078,89558,66702940.0,3204.0,36,3202.0,2
rb1805,20170721,20170720,211109500,3202.0,2078,89558,66702940.0,3204.0,21,3203.0,1
rb1805,20170721,20170720,211110000,3202.0,2100,89554,67407380.0,3202.0,4,3200.0,91
rb1805,20170721,20170720,211110500,3202.0,2108,89554,67663540.0,3204.0,21,3203.0,9
rb1805,20170721,20170720,211111000,3202.0,2108,89554,67663540.0,3204.0,21,3203.0,9
rb1805,20170721,20170720,211111500,3202.0,2108,89554,67663540.0,3204.0,26,3203.0,5
rb1805,20170721,20170720,211112000,3202.0,2108,89554,67663540.0,3204.0,26,3203.0,5
rb1805,20170721,20170720,211112500,3202.0,2108,89554,67663540.0,3204.0,26,3202.0,6
rb1805,20170721,20170720,211114000,3202.0,2108,89554,67663540.0,3204.0,27,3202.0,6
rb1805,20170721,20170720,211114500,3202.0,2110,89554,67727580.0,3204.0,22,3202.0,5
rb1805,20170721,20170720,211115000,3202.0,2110,89554,67727580.0,3203.0,2,3202.0,5
rb1805,20170721,20170720,211115500,3203.0,2114,89558,67855700.0,3204.0,23,3203.0,8
rb1805,20170721,20170720,211116000,3203.0,2114,89558,67855700.0,3204.0,23,3203.0,9
rb1805,20170721,20170720,211119500,3204.0,2120,89558,68047940.0,3204.0,20,3203.0,6
rb1805,20170721,20170720,211120000,3204.0,2120,89558,68047940.0,3204.0,20,3203.0,6
rb1805,20170721,20170720,211120500,3203.0,2128,89556,68304180.0,3204.0,20,3203.0,2
rb1805,20170721,20170720,211121000,3203.0,2128,89556,68304180.0,3204.0,20,3203.0,2
rb1805,20170721,20170720,211121500,3203.0,2128,89556,68304180.0,3204.0,20,3203.0,2
rb1805,20170721,20170720,211122000,3203.0,2128,89556,68304180.0,3204.0,20,3203.0,2
rb1805,20170721,20170720,211122500,3203.0,2128,89556,68304180.0,3204.0,20,3203.0,2
rb1805,20170721,20170720,211123000,3203.0,2128,89556,68304180.0,3204.0,20,3203.0,3
rb1805,20170721,20170720,211123500,3204.0,2132,89552,68432340.0,3204.0,18,3203.0,1
rb1805,20170721,20170720,211124500,3203.0,2134,89552,68496400.0,3204.0,18,3202.0,6
rb1805,20170721,20170720,211125000,3203.0,2134,89552,68496400.0,3204.0,18,3203.0,4
rb1805,20170721,20170720,211125500,3204.0,2144,89550,68816800.0,3204.0,13,3203.0,4
rb1805,20170721,20170720,211126000,3204.0,2144,89550,68816800.0,3204.0,13,3203.0,4
rb1805,20170721,20170720,211126500,3204.0,2144,89550,68816800.0,3204.0,13,3203.0,4
rb1805,20170721,20170720,211127000,3204.0,2144,89550,68816800.0,3204.0,13,3203.0,4
rb1805,20170721,20170720,211127500,3204.0,2150,89544,69009040.0,3204.0,10,3203.0,4
rb1805,20170721,20170720,211128000,3204.0,2150,89544,69009040.0,3204.0,10,3203.0,4
rb1805,20170721,20170720,211129500,3204.0,2150,89544,69009040.0,3204.0,10,3203.0,4
rb1805,20170721,20170720,211130000,3204.0,2160,89534,69329440.0,3204.0,5,3203.0,4
rb1805,20170721,20170720,211130500,3204.0,2170,89528,69649840.0,3205.0,1,3203.0,4
rb1805,20170721,20170720,211131500,3204.0,2170,89528,69649840.0,3205.0,1,3204.0,1
rb1805,20170721,20170720,211132000,3204.0,2170,89528,69649840.0,3205.0,1,3204.0,1
rb1805,20170721,20170720,211133000,3204.0,2170,89528,69649840.0,3205.0,1,3204.0,1
rb1805,20170721,20170720,211136500,3205.0,2172,89530,69713940.0,3206.0,16,3204.0,1
rb1805,20170721,20170720,211137000,3205.0,2172,89530,69713940.0,3205.0,1,3204.0,1
rb1805,20170721,20170720,211137500,3205.0,2174,89532,69778040.0,3206.0,16,3205.0,2
rb1805,20170721,20170720,211138000,3206.0,2176,89532,69842160.0,3206.0,10,3204.0,1
rb1805,20170721,20170720,211138500,3206.0,2176,89532,69842160.0,3206.0,10,3205.0,2
rb1805,20170721,20170720,211139000,3205.0,2180,89536,69970360.0,3206.0,11,3204.0,1
rb1805,20170721,20170720,211139500,3205.0,2180,89536,69970360.0,3206.0,11,3204.0,1
rb1805,20170721,20170720,211140000,3205.0,2180,89536,69970360.0,3206.0,12,3204.0,1
rb1805,20170721,20170720,211141500,3205.0,2180,89536,69970360.0,3206.0,12,3204.0,3
rb1805,20170721,20170720,211142000,3205.0,2180,89536,69970360.0,3206.0,11,3204.0,3
rb1805,20170721,20170720,211142500,3205.0,2180,89536,69970360.0,3206.0,11,3204.0,3
rb1805,20170721,20170720,211143000,3205.0,2180,89536,69970360.0,3205.0,1,3204.0,3
rb1805,20170721,20170720,211145000,3205.0,2180,89536,69970360.0,3205.0,1,3204.0,3
rb1805,20170721,20170720,211146000,3205.0,2180,89536,69970360.0,3205.0,1,3204.0,4
rb1805,20170721,20170720,211146500,3206.0,2186,89538,70162700.0,3206.0,9,3205.0,22
rb1805,20170721,20170720,211147000,3206.0,2186,89538,70162700.0,3206.0,9,3205.0,8
rb1805,20170721,20170720,211147500,3205.0,2188,89540,70226800.0,3206.0,9,3205.0,7
rb1805,20170721,20170720,211148000,3205.0,2188,89540,70226800.0,3206.0,9,3205.0,1
rb1805,20170721,20170720,211149000,3205.0,2188,89540,70226800.0,3206.0,9,3205.0,1
rb1805,20170721,20170720,211149500,3205.0,2188,89540,70226800.0,3206.0,3,3205.0,1
rb1805,20170721,20170720,211150000,3205.0,2188,89540,70226800.0,3206.0,3,3205.0,1
rb1805,20170721,20170720,211150500,3205.0,2188,89540,70226800.0,3206.0,3,3205.0,1
rb1805,20170721,20170720,211151500,3206.0,2194,89538,70419160.0,3207.0,2,3206.0,7
rb1805,20170721,20170720,211152000,3206.0,2196,89536,70483280.0,3207.0,5,3205.0,1
rb1805,20170721,20170720,211153000,3206.0,2196,89536,70483280.0,3206.0,3,3205.0,2
rb1805,20170721,20170720,211153500,3206.0,2196,89536,70483280.0,3206.0,4,3205.0,2
rb1805,20170721,20170720,211154000,3206.0,2196,89536,70483280.0,3206.0,4,3205.0,2
rb1805,20170721,20170720,211154500,3206.0,2196,89536,70483280.0,3207.0,11,3205.0,2
rb1805,20170721,20170720,211155000,3205.0,2198,89536,70547380.0,3207.0,10,3205.0,1
rb1805,20170721,20170720,211155500,3205.0,2198,89536,70547380.0,3207.0,10,3205.0,1
rb1805,20170721,20170720,211156500,3205.0,2198,89536,70547380.0,3207.0,30,3205.0,1
rb1805,20170721,20170720,211157000,3205.0,2198,89536,70547380.0,3207.0,26,3206.0,1
rb1805,20170721,20170720,211158000,3205.0,2198,89536,70547380.0,3207.0,28,3206.0,1
rb1805,20170721,20170720,211158500,3205.0,2198,89536,70547380.0,3207.0,28,3206.0,1
rb1805,20170721,20170720,211159000,3205.0,2198,89536,70547380.0,3207.0,28,3206.0,1
rb1805,20170721,20170720,211159500,3205.0,2198,89536,70547380.0,3207.0,29,3206.0,1
rb1805,20170721,20170720,211200000,3206.0,2200,89536,70611500.0,3206.0,1,3205.0,2
rb1805,20170721,20170720,211200500,3206.0,2202,89536,70675620.0,3206.0,2,3205.0,2
rb1805,20170721,20170720,211201000,3206.0,2202,89536,70675620.0,3206.0,2,3205.0,2
rb1805,20170721,20170720,211201500,3206.0,2204,89536,70739740.0,3206.0,1,3205.0,2
rb1805,20170721,20170720,211202500,3206.0,2204,89536,70739740.0,3206.0,2,3205.0,2
rb1805,20170721,20170720,211203000,3206.0,2208,89534,70867980.0,3207.0,26,3205.0,2
rb1805,20170721,20170720,211203500,3206.0,2208,89534,70867980.0,3207.0,25,3205.0,5
rb1805,20170721,20170720,211204000,3206.0,2208,89534,70867980.0,3207.0,25,3205.0,5
rb1805,20170721,20170720,211205500,3206.0,2208,89534,70867980.0,3207.0,2,3205.0,5
rb1805,20170721,20170720,211207500,3207.0,2210,89534,70932120.0,3207.0,1,3205.0,5
rb1805,20170721,20170720,211208000,3207.0,2210,89534,70932120.0,3207.0,4,3205.0,5
rb1805,20170721,20170720,211208500,3207.0,2210,89534,70932120.0,3207.0,4,3205.0,5
rb1805,20170721,20170720,211209000,3207.0,2210,89534,70932120.0,3207.0,4,3205.0,6
rb1805,20170721,20170720,211209500,3208.0,2226,89528,71445320.0,3208.0,2,3205.0,6
rb1805,20170721,20170720,211210000,3208.0,2226,89528,71445320.0,3207.0,1,3205.0,8
rb1805,20170721,20170720,211210500,3208.0,2226,89528,71445320.0,3207.0,1,3205.0,7
rb1805,20170721,20170720,211211500,3208.0,2226,89528,71445320.0,3207.0,1,3205.0,6
rb1805,20170721,20170720,211212500,3208.0,2226,89528,71445320.0,3208.0,7,3205.0,6
rb1805,20170721,20170720,211213000,3208.0,2226,89528,71445320.0,3207.0,2,3205.0,8
rb1805,20170721,20170720,211213500,3208.0,2226,89528,71445320.0,3207.0,3,3205.0,8
rb1805,20170721,20170720,211214000,3208.0,2226,89528,71445320.0,3207.0,8,3205.0,8
rb1805,20170721,20170720,211214500,3208.0,2226,89528,71445320.0,3207.0,8,3205.0,6
rb1805,20170721,20170720,211215000,3208.0,2226,89528,71445320.0,3207.0,8,3205.0,6
rb1805,20170721,20170720,211216000,3208.0,2226,89528,71445320.0,3207.0,9,3205.0,3
rb1805,20170721,20170720,211216500,3208.0,2226,89528,71445320.0,3206.0,1,3205.0,3
rb1805,20170721,20170720,211218000,3206.0,2228,89530,71509440.0,3207.0,9,3205.0,3
rb1805,20170721,20170720,211218500,3206.0,2228,89530,71509440.0,3207.0,3,3205.0,6
rb1805,20170721,20170720,211219000,3206.0,2228,89530,71509440.0,3207.0,3,3205.0,6
rb1805,20170721,20170720,211219500,3206.0,2228,89530,71509440.0,3207.0,3,3205.0,6
rb1805,20170721,20170720,211221000,3206.0,2228,89530,71509440.0,3207.0,3,3206.0,1
rb1805,20170721,20170720,211221500,3206.0,2228,89530,71509440.0,3207.0,4,3206.0,1
rb1805,20170721,20170720,211222000,3206.0,2228,89530,71509440.0,3207.0,4,3206.0,1
rb1805,20170721,20170720,211222500,3206.0,2228,89530,71509440.0,3207.0,4,3206.0,2
rb1805,20170721,20170720,211223000,3206.0,2228,89530,71509440.0,3207.0,6,3206.0,2
rb1805,20170721,20170720,211223500,3206.0,2228,89530,71509440.0,3207.0,5,3206.0,2
rb1805,20170721,20170720,211224000,3206.0,2228,89530,71509440.0,3207.0,3,3206.0,2
rb1805,20170721,20170720,211225000,3206.0,2232,89530,71637680.0,3207.0,12,3205.0,4
rb1805,20170721,20170720,211225500,3206.0,2234,89530,71701800.0,3206.0,2,3205.0,2
rb1805,20170721,20170720,211226500,3206.0,2234,89530,71701800.0,3206.0,2,3205.0,2
rb1805,20170721,20170720,211227000,3206.0,2234,89530,71701800.0,3206.0,2,3205.0,2
rb1805,20170721,20170720,211228000,3206.0,2236,89530,71765920.0,3206.0,1,3205.0,2
rb1805,20170721,20170720,211229500,3206.0,2236,89530,71765920.0,3207.0,11,3205.0,2
rb1805,20170721,20170720,211230500,3206.0,2236,89530,71765920.0,3207.0,11,3205.0,2
rb1805,20170721,20170720,211231000,3206.0,2236,89530,71765920.0,3207.0,11,3205.0,2
rb1805,20170721,20170720,211231500,3206.0,2236,89530,71765920.0,3207.0,11,3205.0,2
rb1805,20170721,20170720,211232500,3206.0,2236,89530,71765920.0,3207.0,5,3206.0,1
rb1805,20170721,20170720,211233000,3206.0,2236,89530,71765920.0,3207.0,5,3206.0,1
rb1805,20170721,20170720,211233500,3206.0,2236,89530,71765920.0,3207.0,5,3206.0,1
rb1805,20170721,20170720,211235000,3206.0,2236,89530,71765920.0,3207.0,5,3206.0,1
rb1805,20170721,20170720,211235500,3206.0,2236,89530,71765920.0,3207.0,25,3206.0,1
rb1805,20170721,20170720,211236000,3206.0,2236,89530,71765920.0,3207.0,26,3206.0,1
rb1805,20170721,20170720,211236500,3206.0,2236,89530,71765920.0,3207.0,27,3206.0,1
rb1805,20170721,20170720,211237000,3206.0,2236,89530,71765920.0,3207.0,7,3206.0,1
rb1805,20170721,20170720,211237500,3207.0,2250,89528,72214900.0,3208.0,12,3207.0,9
rb1805,20170721,20170720,211238000,3207.0,2260,89528,72535600.0,3208.0,12,3206.0,1
rb1805,20170721,20170720,211238500,3207.0,2260,89528,72535600.0,3207.0,4,3206.0,1
rb1805,20170721,20170720,211239000,3207.0,2260,89528,72535600.0,3208.0,12,3206.0,1
rb1805,20170721,20170720,211239500,3207.0,2260,89528,72535600.0,3208.0,7,3206.0,5
rb1805,20170721,20170720,211240500,3207.0,2260,89528,72535600.0,3208.0,7,3206.0,6
rb1805,20170721,20170720,211241000,3207.0,2260,89528,72535600.0,3208.0,7,3206.0,4
rb1805,20170721,20170720,211241500,3206.0,2264,89532,72663840.0,3208.0,7,3206.0,2
rb1805,20170721,20170720,211242000,3208.0,2278,89518,73112960.0,3209.0,15,3208.0,3
rb1805,20170721,20170720,211242500,3208.0,2284,89512,73305440.0,3208.0,5,3206.0,1
rb1805,20170721,20170720,211243000,3208.0,2284,89512,73305440.0,3209.0,12,3206.0,4
rb1805,20170721,20170720,211243500,3208.0,2284,89512,73305440.0,3208.0,2,3206.0,1
rb1805,20170721,20170720,211244000,3208.0,2284,89512,73305440.0,3208.0,2,3206.0,1
rb1805,20170721,20170720,211245000,3208.0,2284,89512,73305440.0,3208.0,2,3205.0,4
rb1805,20170721,20170720,211245500,3208.0,2284,89512,73305440.0,3208.0,7,3206.0,3
rb1805,20170721,20170720,211246000,3208.0,2286,89514,73369600.0,3208.0,6,3206.0,3
rb1805,20170721,20170720,211247500,3208.0,2286,89514,73369600.0,3208.0,6,3206.0,3
rb1805,20170721,20170720,211248000,3208.0,2286,89514,73369600.0,3208.0,6,3206.0,3
rb1805,20170721,20170720,211248500,3208.0,2286,89514,73369600.0,3208.0,6,3206.0,6
rb1805,20170721,20170720,211249000,3208.0,2290,89514,73497920.0,3208.0,4,3207.0,3
rb1805,20170721,20170720,211249500,3208.0,2290,89514,73497920.0,3209.0,17,3208.0,10
rb1805,20170721,20170720,211250000,3208.0,2290,89514,73497920.0,3209.0,12,3208.0,10
rb1805,20170721,20170720,211250500,3208.0,2290,89514,73497920.0,3209.0,12,3208.0,10
rb1805,20170721,20170720,211251000,3208.0,2290,89514,73497920.0,3209.0,12,3208.0,10
rb1805,20170721,20170720,211251500,3208.0,2290,89514,73497920.0,3209.0,12,3207.0,1
rb1805,20170721,20170720,211252000,3208.0,2290,89514,73497920.0,3209.0,12,3207.0,6
rb1805,20170721,20170720,211253000,3208.0,2290,89514,73497920.0,3209.0,12,3207.0,7
rb1805,20170721,20170720,211254000,3209.0,2310,89494,74139720.0,3209.0,2,3207.0,7
rb1805,20170721,20170720,211254500,3209.0,2310,89494,74139720.0,3208.0,1,3207.0,7
rb1805,20170721,20170720,211255000,3208.0,2312,89492,74203880.0,3209.0,2,3208.0,7
rb1805,20170721,20170720,211255500,3208.0,2312,89492,74203880.0,3209.0,2,3207.0,8
rb1805,20170721,20170720,211256500,3208.0,2312,89492,74203880.0,3209.0,2,3207.0,8
rb1805,20170721,20170720,211258000,3208.0,2312,89492,74203880.0,3209.0,2,3208.0,1
rb1805,20170721,20170720,211258500,3208.0,2312,89492,74203880.0,3209.0,2,3208.0,1
rb1805,20170721,20170720,211259500,3208.0,2312,89492,74203880.0,3209.0,2,3208.0,2
rb1805,20170721,20170720,211300000,3208.0,2312,89492,74203880.0,3209.0,2,3208.0,2
rb1805,20170721,20170720,211301000,3208.0,2312,89492,74203880.0,3209.0,2,3208.0,1
rb1805,20170721,20170720,211301500,3208.0,2312,89492,74203880.0,3209.0,2,3208.0,2
rb1805,20170721,20170720,211302500,3208.0,2312,89492,74203880.0,3209.0,2,3208.0,1
rb1805,20170721,20170720,211303000,3208.0,2312,89492,74203880.0,3209.0,2,3208.0,2
rb1805,20170721,20170720,211303500,3208.0,2318,89496,74396360.0,3208.0,7,3207.0,7
rb1805,20170721,20170720,211304000,3209.0,2336,89498,74973840.0,3210.0,25,3209.0,1
rb1805,20170721,20170720,211304500,3209.0,2338,89500,75038020.0,3210.0,25,3208.0,4
rb1805,20170721,20170720,211305000,3209.0,2338,89500,75038020.0,3210.0,25,3208.0,12
rb1805,20170721,20170720,211305500,3209.0,2338,89500,75038020.0,3210.0,25,3208.0,12
rb1805,20170721,20170720,211306500,3209.0,2338,89500,75038020.0,3210.0,25,3208.0,10
rb1805,20170721,20170720,211307000,3209.0,2338,89500,75038020.0,3210.0,30,3209.0,10
rb1805,20170721,20170720,211307500,3209.0,2338,89500,75038020.0,3210.0,30,3209.0,10
rb1805,20170721,20170720,211308000,3209.0,2342,89496,75166380.0,3210.0,30,3209.0,8
rb1805,20170721,20170720,211308500,3209.0,2342,89496,75166380.0,3210.0,30,3209.0,8
rb1805,20170721,20170720,211309000,3209.0,2358,89496,75679820.0,3209.0,5,3208.0,2
rb1805,20170721,20170720,211309500,3209.0,2358,89496,75679820.0,3210.0,45,3209.0,3
rb1805,20170721,20170720,211310000,3209.0,2358,89496,75679820.0,3210.0,45,3208.0,3
rb1805,20170721,20170720,211310500,3209.0,2358,89496,75679820.0,3210.0,45,3208.0,3
rb1805,20170721,20170720,211311500,3209.0,2358,89496,75679820.0,3210.0,47,3208.0,2
rb1805,20170721,20170720,211312000,3209.0,2358,89496,75679820.0,3210.0,47,3208.0,3
rb1805,20170721,20170720,211312500,3209.0,2358,89496,75679820.0,3210.0,47,3208.0,3
rb1805,20170721,20170720,211313000,3209.0,2358,89496,75679820.0,3210.0,47,3209.0,3
rb1805,20170721,20170720,211314000,3209.0,2358,89496,75679820.0,3210.0,47,3209.0,3
rb1805,20170721,20170720,211315500,3209.0,2358,89496,75679820.0,3210.0,47,3209.0,3
rb1805,20170721,20170720,211316500,3209.0,2358,89496,75679820.0,3210.0,47,3209.0,3
rb1805,20170721,20170720,211317500,3209.0,2358,89496,75679820.0,3210.0,27,3209.0,3
rb1805,20170721,20170720,211318500,3209.0,2358,89496,75679820.0,3210.0,28,3209.0,3
rb1805,20170721,20170720,211319500,3209.0,2358,89496,75679820.0,3210.0,50,3209.0,3
rb1805,20170721,20170720,211320000,3209.0,2358,89496,75679820.0,3210.0,50,3209.0,3
rb1805,20170721,20170720,211320500,3209.0,2358,89496,75679820.0,3210.0,50,3209.0,3
rb1805,20170721,20170720,211321000,3210.0,2370,89502,76065020.0,3210.0,44,3209.0,3
rb1805,20170721,20170720,211321500,3209.0,2378,89504,76321800.0,3210.0,41,3209.0,2
rb1805,20170721,20170720,211322500,3209.0,2378,89504,76321800.0,3210.0,41,3209.0,2
rb1805,20170721,20170720,211324000,3210.0,2380,89506,76386000.0,3210.0,40,3209.0,2
rb1805,20170721,20170720,211325500,3210.0,2388,89514,76642800.0,3210.0,36,3209.0,2
rb1805,20170721,20170720,211326500,3210.0,2388,89514,76642800.0,3210.0,36,3209.0,2
rb1805,20170721,20170720,211327000,3210.0,2388,89514,76642800.0,3210.0,36,3209.0,3
rb1805,20170721,20170720,211328000,3210.0,2388,89514,76642800.0,3210.0,36,3209.0,3
rb1805,20170721,20170720,211328500,3210.0,2388,89514,76642800.0,3210.0,16,3209.0,3
rb1805,20170721,20170720,211329000,3209.0,2392,89514,76771160.0,3210.0,21,3209.0,1
rb1805,20170721,20170720,211330000,3209.0,2392,89514,76771160.0,3210.0,21,3209.0,1
rb1805,20170721,20170720,211330500,3209.0,2392,89514,76771160.0,3210.0,21,3209.0,2
rb1805,20170721,20170720,211331000,3209.0,2392,89514,76771160.0,3210.0,21,3209.0,2
rb1805,20170721,20170720,211332500,3209.0,2392,89514,76771160.0,3210.0,21,3209.0,9
rb1805,20170721,20170720,211333000,3210.0,2394,89514,76835360.0,3210.0,20,3209.0,10
rb1805,20170721,20170720,211334000,3210.0,2394,89514,76835360.0,3210.0,15,3209.0,10
rb1805,20170721,20170720,211335000,3210.0,2394,89514,76835360.0,3210.0,15,3209.0,10
