instrument,tradingday,calendarday,time,lastp,volume,openinterest,turnover,ask1,asksz1,bid1,bidsz1
rb1805,20170824,20170823,183207500,3648.0,0,252140,0.0,0.0,0,0.0,0
rb1805,20170824,20170823,205900500,3642.0,174,252086,6337080.0,3645.0,2,3642.0,27
rb1805,20170824,20170823,210000500,3645.0,356,252030,12968040.0,3645.0,28,3642.0,14
rb1805,20170824,20170823,210001000,3641.0,586,251998,21347300.0,3646.0,1,3640.0,36
rb1805,20170824,20170823,210001500,3640.0,840,252016,30593920.0,3640.0,1,3639.0,38
rb1805,20170824,20170823,210002000,3641.0,976,252094,35550780.0,3643.0,1,3641.0,4
rb1805,20170824,20170823,210002500,3643.0,1004,252086,36570700.0,3646.0,7,3643.0,5
rb1805,20170824,20170823,210003000,3643.0,1090,252078,39703300.0,3644.0,4,3643.0,3
rb1805,20170824,20170823,210003500,3643.0,1198,252042,43637360.0,3641.0,1,3640.0,34
rb1805,20170824,20170823,210004000,3640.0,1408,252052,51280740.0,3642.0,28,3637.0,5
rb1805,20170824,20170823,210004500,3641.0,1508,252088,54921260.0,3641.0,9,3640.0,2
rb1805,20170824,20170823,210005000,3637.0,1614,252088,58778540.0,3639.0,9,3637.0,6
rb1805,20170824,20170823,210005500,3639.0,1780,252106,64817440.0,3640.0,1,3637.0,3
rb1805,20170824,20170823,210006000,3639.0,1836,252156,66855720.0,3640.0,7,3639.0,3
rb1805,20170824,20170823,210006500,3643.0,1878,252162,68385220.0,3643.0,1,3642.0,1
rb1805,20170824,20170823,210007000,3642.0,1922,252168,69987680.0,3642.0,5,3641.0,3
rb1805,20170824,20170823,210007500,3642.0,2154,252248,78432680.0,3642.0,14,3641.0,4
rb1805,20170824,20170823,210008000,3642.0,2192,252254,79816240.0,3641.0,9,3640.0,10
rb1805,20170824,20170823,210008500,3641.0,2216,252246,80690080.0,3641.0,2,3640.0,9
rb1805,20170824,20170823,210009000,3642.0,2238,252254,81491240.0,3643.0,2,3642.0,9
rb1805,20170824,20170823,210009500,3644.0,2246,252260,81782640.0,3645.0,18,3642.0,12
rb1805,20170824,20170823,210010000,3643.0,2270,252282,82657000.0,3645.0,18,3643.0,5
rb1805,20170824,20170823,210010500,3645.0,2282,252290,83094240.0,3645.0,16,3643.0,8
rb1805,20170824,20170823,210011000,3645.0,2286,252294,83240060.0,3646.0,8,3645.0,16
rb1805,20170824,20170823,210011500,3643.0,2352,252270,85645640.0,3644.0,1,3643.0,7
rb1805,20170824,20170823,210012000,3645.0,2392,252292,87103520.0,3646.0,18,3645.0,1
rb1805,20170824,20170823,210012500,3646.0,2434,252288,88634580.0,3646.0,16,3644.0,3
rb1805,20170824,20170823,210013000,3645.0,2460,252292,89582260.0,3646.0,15,3644.0,8
rb1805,20170824,20170823,210013500,3645.0,2460,252292,89582260.0,3645.0,1,3644.0,9
rb1805,20170824,20170823,210014000,3646.0,2482,252282,90384240.0,3646.0,21,3644.0,15
rb1805,20170824,20170823,210014500,3645.0,2498,252282,90967400.0,3645.0,16,3644.0,3
rb1805,20170824,20170823,210015000,3645.0,2518,252288,91696260.0,3645.0,19,3643.0,11
rb1805,20170824,20170823,210015500,3645.0,2530,252288,92133660.0,3645.0,14,3644.0,1
rb1805,20170824,20170823,210016000,3645.0,2556,252304,93081280.0,3646.0,23,3645.0,1
rb1805,20170824,20170823,210016500,3645.0,2560,252300,93227080.0,3646.0,25,3644.0,5
rb1805,20170824,20170823,210017000,3646.0,2586,252324,94174800.0,3646.0,21,3645.0,1
rb1805,20170824,20170823,210017500,3646.0,2600,252332,94685240.0,3646.0,9,3645.0,10
rb1805,20170824,20170823,210018000,3645.0,2614,252324,95195660.0,3646.0,11,3645.0,9
rb1805,20170824,20170823,210018500,3646.0,2636,252308,95997780.0,3647.0,52,3646.0,28
rb1805,20170824,20170823,210019000,3646.0,2642,252310,96216540.0,3647.0,57,3646.0,8
rb1805,20170824,20170823,210019500,3647.0,2648,252312,96435340.0,3647.0,61,3646.0,9
rb1805,20170824,20170823,210020000,3647.0,2894,252182,105411620.0,3653.0,1,3647.0,1
rb1805,20170824,20170823,210020500,3647.0,2968,252220,108110280.0,3649.0,6,3648.0,16
rb1805,20170824,20170823,210021000,3649.0,3044,252202,110882900.0,3649.0,2,3645.0,11
rb1805,20170824,20170823,210021500,3648.0,3054,252198,111247700.0,3648.0,12,3647.0,1
rb1805,20170824,20170823,210022000,3647.0,3106,252214,113143240.0,3647.0,11,3646.0,1
rb1805,20170824,20170823,210022500,3644.0,3118,252212,113580660.0,3647.0,11,3644.0,4
rb1805,20170824,20170823,210023000,3646.0,3120,252214,113653580.0,3646.0,8,3644.0,8
rb1805,20170824,20170823,210023500,3646.0,3126,252220,113872340.0,3645.0,5,3644.0,19
rb1805,20170824,20170823,210024000,3646.0,3126,252220,113872340.0,3646.0,12,3645.0,7
rb1805,20170824,20170823,210024500,3645.0,3140,252206,114382640.0,3646.0,12,3645.0,22
rb1805,20170824,20170823,210025000,3646.0,3144,252210,114528480.0,3646.0,9,3645.0,23
rb1805,20170824,20170823,210025500,3646.0,3154,252220,114893080.0,3646.0,8,3645.0,23
rb1805,20170824,20170823,210026000,3645.0,3178,252202,115767900.0,3646.0,14,3645.0,11
rb1805,20170824,20170823,210026500,3645.0,3178,252202,115767900.0,3646.0,14,3645.0,12
rb1805,20170824,20170823,210027000,3645.0,3180,252202,115840800.0,3646.0,15,3645.0,51
rb1805,20170824,20170823,210027500,3646.0,3188,252202,116132440.0,3646.0,8,3645.0,51
rb1805,20170824,20170823,210028000,3646.0,3222,252188,117372080.0,3647.0,26,3646.0,32
rb1805,20170824,20170823,210028500,3646.0,3224,252186,117445000.0,3647.0,20,3646.0,16
rb1805,20170824,20170823,210029000,3646.0,3224,252186,117445000.0,3647.0,21,3646.0,42
rb1805,20170824,20170823,210029500,3647.0,3228,252186,117590880.0,3647.0,21,3646.0,42
rb1805,20170824,20170823,210030000,3646.0,3250,252190,118393180.0,3647.0,12,3646.0,40
rb1805,20170824,20170823,210030500,3647.0,3320,252152,120946080.0,3648.0,15,3647.0,17
rb1805,20170824,20170823,210031000,3647.0,3358,252152,122331940.0,3647.0,2,3646.0,39
rb1805,20170824,20170823,210031500,3647.0,3362,252156,122477820.0,3648.0,11,3647.0,15
rb1805,20170824,20170823,210032000,3646.0,3422,252152,124665720.0,3648.0,13,3647.0,15
rb1805,20170824,20170823,210032500,3648.0,3446,252170,125541240.0,3649.0,9,3648.0,10
rb1805,20170824,20170823,210033000,3648.0,3452,252176,125760120.0,3649.0,9,3648.0,7
rb1805,20170824,20170823,210033500,3648.0,3454,252176,125833080.0,3648.0,5,3647.0,15
rb1805,20170824,20170823,210034000,3648.0,3464,252176,126197860.0,3649.0,21,3648.0,1
rb1805,20170824,20170823,210034500,3648.0,3466,252176,126270820.0,3648.0,4,3647.0,15
rb1805,20170824,20170823,210035000,3648.0,3472,252174,126489700.0,3649.0,15,3648.0,5
rb1805,20170824,20170823,210035500,3648.0,3480,252180,126781560.0,3649.0,14,3648.0,11
rb1805,20170824,20170823,210036000,3649.0,3482,252182,126854540.0,3649.0,19,3648.0,6
rb1805,20170824,20170823,210036500,3649.0,3536,252190,128824600.0,3649.0,6,3648.0,20
rb1805,20170824,20170823,210037000,3649.0,3552,252194,129408440.0,3650.0,30,3649.0,11
rb1805,20170824,20170823,210037500,3650.0,3588,252192,130722300.0,3650.0,25,3649.0,5
rb1805,20170824,20170823,210038000,3650.0,3622,252188,131963280.0,3650.0,9,3649.0,7
rb1805,20170824,20170823,210038500,3649.0,3662,252206,133422920.0,3650.0,2,3649.0,3
rb1805,20170824,20170823,210039000,3650.0,3670,252206,133714900.0,3651.0,14,3650.0,1
rb1805,20170824,20170823,210039500,3650.0,3676,252208,133933900.0,3651.0,20,3650.0,19
rb1805,20170824,20170823,210040000,3650.0,3680,252206,134079900.0,3651.0,20,3650.0,17
rb1805,20170824,20170823,210040500,3650.0,3686,252206,134298900.0,3651.0,14,3650.0,14
rb1805,20170824,20170823,210041000,3650.0,3688,252204,134371900.0,3651.0,14,3650.0,13
rb1805,20170824,20170823,210041500,3650.0,3708,252196,135102060.0,3651.0,6,3650.0,12
rb1805,20170824,20170823,210042000,3651.0,3730,252194,135905360.0,3652.0,2,3651.0,24
rb1805,20170824,20170823,210042500,3651.0,3738,252194,136197440.0,3652.0,2,3651.0,26
rb1805,20170824,20170823,210043000,3651.0,3780,252226,137730900.0,3651.0,121,3650.0,14
rb1805,20170824,20170823,210043500,3652.0,4034,252376,147004560.0,3653.0,7,3652.0,30
rb1805,20170824,20170823,210044000,3656.0,4184,252304,152484940.0,3656.0,20,3653.0,5
rb1805,20170824,20170823,210044500,3653.0,4224,252280,153946680.0,3655.0,14,3653.0,11
rb1805,20170824,20170823,210045000,3653.0,4236,252280,154385240.0,3655.0,16,3653.0,13
rb1805,20170824,20170823,210045500,3653.0,4242,252280,154604420.0,3654.0,6,3653.0,10
rb1805,20170824,20170823,210046000,3654.0,4254,252272,155042880.0,3654.0,11,3653.0,10
rb1805,20170824,20170823,210046500,3654.0,4262,252272,155335200.0,3654.0,20,3653.0,6
rb1805,20170824,20170823,210047000,3653.0,4274,252262,155773560.0,3654.0,20,3652.0,1
rb1805,20170824,20170823,210047500,3654.0,4280,252258,155992800.0,3654.0,17,3653.0,10
rb1805,20170824,20170823,210048000,3654.0,4318,252242,157381340.0,3655.0,15,3654.0,10
rb1805,20170824,20170823,210048500,3654.0,4320,252242,157454420.0,3655.0,22,3654.0,2
rb1805,20170824,20170823,210049000,3654.0,4366,252214,159135700.0,3655.0,4,3654.0,7
rb1805,20170824,20170823,210049500,3656.0,4378,252210,159574340.0,3656.0,16,3655.0,9
rb1805,20170824,20170823,210050000,3654.0,4474,252226,163083160.0,3654.0,3,3653.0,4
rb1805,20170824,20170823,210050500,3654.0,4486,252234,163521660.0,3655.0,21,3654.0,15
rb1805,20170824,20170823,210051000,3655.0,4584,252168,167104440.0,3657.0,1,3655.0,24
rb1805,20170824,20170823,210051500,3656.0,4604,252154,167835780.0,3658.0,7,3656.0,5
rb1805,20170824,20170823,210052000,3655.0,4616,252150,168274480.0,3657.0,2,3655.0,116
rb1805,20170824,20170823,210052500,3659.0,4662,252166,169957240.0,3660.0,52,3659.0,14
rb1805,20170824,20170823,210053000,3659.0,4760,252188,173542600.0,3659.0,18,3657.0,1
rb1805,20170824,20170823,210053500,3659.0,4800,252168,175006100.0,3659.0,12,3658.0,1
rb1805,20170824,20170823,210054000,3659.0,4834,252160,176249760.0,3659.0,6,3656.0,1
rb1805,20170824,20170823,210054500,3659.0,4836,252162,176322940.0,3658.0,6,3657.0,1
rb1805,20170824,20170823,210055000,3657.0,4846,252164,176688640.0,3657.0,1,3656.0,6
rb1805,20170824,20170823,210055500,3657.0,4856,252154,177054340.0,3657.0,11,3656.0,6
rb1805,20170824,20170823,210056000,3657.0,4858,252154,177127480.0,3657.0,10,3656.0,6
rb1805,20170824,20170823,210056500,3656.0,4864,252148,177346880.0,3657.0,8,3656.0,5
rb1805,20170824,20170823,210057000,3657.0,4870,252142,177566300.0,3657.0,13,3656.0,5
rb1805,20170824,20170823,210057500,3656.0,4880,252142,177931900.0,3657.0,14,3655.0,116
rb1805,20170824,20170823,210058000,3655.0,4888,252146,178224340.0,3657.0,18,3655.0,113
rb1805,20170824,20170823,210058500,3655.0,4912,252130,179101980.0,3657.0,7,3655.0,112
rb1805,20170824,20170823,210059000,3657.0,4930,252124,179760240.0,3658.0,28,3657.0,8
rb1805,20170824,20170823,210059500,3657.0,4936,252124,179979660.0,3658.0,29,3657.0,14
rb1805,20170824,20170823,210100000,3657.0,4964,252118,181003620.0,3658.0,30,3657.0,31
rb1805,20170824,20170823,210100500,3655.0,5078,252168,185172020.0,3657.0,40,3655.0,110
rb1805,20170824,20170823,210101000,3655.0,5104,252168,186122320.0,3657.0,27,3656.0,16
rb1805,20170824,20170823,210101500,3655.0,5140,252176,187438480.0,3657.0,17,3655.0,96
rb1805,20170824,20170823,210102000,3657.0,5146,252180,187657880.0,3657.0,18,3656.0,36
rb1805,20170824,20170823,210102500,3656.0,5150,252182,187804120.0,3657.0,18,3656.0,40
rb1805,20170824,20170823,210103000,3656.0,5154,252186,187950360.0,3657.0,18,3656.0,38
rb1805,20170824,20170823,210103500,3657.0,5206,252164,189851880.0,3658.0,42,3657.0,30
rb1805,20170824,20170823,210104000,3657.0,5208,252162,189925020.0,3658.0,49,3657.0,39
rb1805,20170824,20170823,210104500,3657.0,5214,252162,190144440.0,3658.0,46,3657.0,40
rb1805,20170824,20170823,210105000,3657.0,5224,252162,190510140.0,3658.0,46,3657.0,36
rb1805,20170824,20170823,210105500,3657.0,5296,252120,193143180.0,3658.0,54,3657.0,2
rb1805,20170824,20170823,210106000,3657.0,5408,252200,197238440.0,3657.0,26,3656.0,5
rb1805,20170824,20170823,210106500,3657.0,5416,252200,197530960.0,3657.0,35,3656.0,3
rb1805,20170824,20170823,210107000,3657.0,5442,252202,198481540.0,3657.0,41,3656.0,12
rb1805,20170824,20170823,210107500,3656.0,5470,252194,199505220.0,3656.0,32,3655.0,88
rb1805,20170824,20170823,210108000,3656.0,5472,252196,199578340.0,3656.0,32,3655.0,88
rb1805,20170824,20170823,210108500,3655.0,5476,252200,199724560.0,3656.0,31,3655.0,87
rb1805,20170824,20170823,210109000,3655.0,5476,252200,199724560.0,3656.0,31,3655.0,96
rb1805,20170824,20170823,210109500,3655.0,5480,252200,199870760.0,3656.0,38,3655.0,94
rb1805,20170824,20170823,210110000,3656.0,5484,252202,200017000.0,3656.0,36,3655.0,87
rb1805,20170824,20170823,210110500,3656.0,5484,252202,200017000.0,3656.0,37,3655.0,87
rb1805,20170824,20170823,210111000,3656.0,5488,252204,200163240.0,3656.0,35,3655.0,87
rb1805,20170824,20170823,210111500,3656.0,5490,252204,200236360.0,3656.0,34,3655.0,87
rb1805,20170824,20170823,210112000,3655.0,5632,252136,205426460.0,3656.0,35,3655.0,16
rb1805,20170824,20170823,210112500,3655.0,5666,252132,206669160.0,3655.0,2,3654.0,7
rb1805,20170824,20170823,210113000,3655.0,5716,252152,208496660.0,3656.0,36,3655.0,50
rb1805,20170824,20170823,210113500,3656.0,5820,252086,212298740.0,3657.0,50,3656.0,342
rb1805,20170824,20170823,210114000,3656.0,5840,252068,213030100.0,3657.0,32,3656.0,340
rb1805,20170824,20170823,210114500,3656.0,5842,252068,213103220.0,3657.0,32,3656.0,339
rb1805,20170824,20170823,210115000,3657.0,5914,252048,215736180.0,3658.0,123,3657.0,9
rb1805,20170824,20170823,210115500,3657.0,5918,252046,215882460.0,3658.0,116,3657.0,7
rb1805,20170824,20170823,210116000,3657.0,5926,252046,216175020.0,3658.0,116,3657.0,3
rb1805,20170824,20170823,210116500,3657.0,5932,252046,216394440.0,3657.0,11,3656.0,336
rb1805,20170824,20170823,210117000,3657.0,5956,252068,217272120.0,3658.0,116,3657.0,14
rb1805,20170824,20170823,210117500,3657.0,5956,252068,217272120.0,3658.0,116,3657.0,14
rb1805,20170824,20170823,210118000,3657.0,5962,252072,217491540.0,3658.0,116,3657.0,11
rb1805,20170824,20170823,210118500,3657.0,5964,252072,217564680.0,3658.0,124,3657.0,16
rb1805,20170824,20170823,210119000,3657.0,5972,252078,217857260.0,3658.0,123,3657.0,13
rb1805,20170824,20170823,210119500,3657.0,5974,252078,217930400.0,3658.0,123,3657.0,16
rb1805,20170824,20170823,210120000,3657.0,5976,252080,218003540.0,3658.0,122,3657.0,15
rb1805,20170824,20170823,210120500,3657.0,5994,252080,218661940.0,3658.0,109,3657.0,13
rb1805,20170824,20170823,210121000,3658.0,5996,252080,218735100.0,3658.0,108,3657.0,13
rb1805,20170824,20170823,210121500,3658.0,5996,252080,218735100.0,3658.0,108,3657.0,13
rb1805,20170824,20170823,210122000,3658.0,6222,252102,227002180.0,3659.0,63,3658.0,15
rb1805,20170824,20170823,210122500,3659.0,6348,252072,231612520.0,3660.0,59,3659.0,29
rb1805,20170824,20170823,210123000,3659.0,6400,252064,233515420.0,3660.0,48,3659.0,16
rb1805,20170824,20170823,210123500,3660.0,6496,252036,237029020.0,3662.0,16,3659.0,14
rb1805,20170824,20170823,210124000,3663.0,6550,252026,239006580.0,3662.0,7,3660.0,8
rb1805,20170824,20170823,210124500,3662.0,6642,252030,242373960.0,3662.0,11,3659.0,31
rb1805,20170824,20170823,210125000,3662.0,6672,252032,243472560.0,3662.0,9,3660.0,9
rb1805,20170824,20170823,210125500,3664.0,6722,252066,245303600.0,3664.0,18,3660.0,2
rb1805,20170824,20170823,210126000,3663.0,6726,252066,245450120.0,3663.0,24,3662.0,20
rb1805,20170824,20170823,210126500,3662.0,6782,252092,247500600.0,3662.0,20,3660.0,11
rb1805,20170824,20170823,210127000,3662.0,6802,252112,248233000.0,3663.0,22,3662.0,8
rb1805,20170824,20170823,210127500,3662.0,6802,252112,248233000.0,3663.0,23,3662.0,11
rb1805,20170824,20170823,210128000,3663.0,6824,252132,249038840.0,3663.0,4,3662.0,10
rb1805,20170824,20170823,210128500,3662.0,6844,252144,249771440.0,3663.0,1,3662.0,7
rb1805,20170824,20170823,210129000,3662.0,6850,252144,249991180.0,3664.0,30,3662.0,11
rb1805,20170824,20170823,210129500,3662.0,6850,252144,249991180.0,3664.0,31,3663.0,4
rb1805,20170824,20170823,210130000,3663.0,6856,252144,250210960.0,3664.0,34,3663.0,1
rb1805,20170824,20170823,210130500,3664.0,6898,252168,251749840.0,3664.0,10,3663.0,9
rb1805,20170824,20170823,210131000,3664.0,6926,252178,252775760.0,3665.0,32,3664.0,4
rb1805,20170824,20170823,210131500,3665.0,6942,252172,253362060.0,3665.0,43,3663.0,9
rb1805,20170824,20170823,210132000,3665.0,6958,252164,253948340.0,3665.0,43,3664.0,1
rb1805,20170824,20170823,210132500,3664.0,6976,252166,254607960.0,3664.0,1,3663.0,7
rb1805,20170824,20170823,210133000,3663.0,7006,252158,255706940.0,3663.0,46,3662.0,44
rb1805,20170824,20170823,210133500,3663.0,7038,252148,256879100.0,3663.0,33,3662.0,37
rb1805,20170824,20170823,210134000,3663.0,7040,252148,256952360.0,3663.0,37,3662.0,37
rb1805,20170824,20170823,210134500,3663.0,7046,252146,257172120.0,3663.0,35,3662.0,27
rb1805,20170824,20170823,210135000,3662.0,7086,252146,258637100.0,3663.0,21,3662.0,23
rb1805,20170824,20170823,210135500,3662.0,7140,252158,260615160.0,3664.0,17,3662.0,34
rb1805,20170824,20170823,210136000,3663.0,7178,252130,262007440.0,3665.0,26,3663.0,15
rb1805,20170824,20170823,210136500,3663.0,7188,252132,262373740.0,3663.0,13,3662.0,24
rb1805,20170824,20170823,210137000,3663.0,7216,252106,263399380.0,3664.0,20,3663.0,9
rb1805,20170824,20170823,210137500,3664.0,7238,252104,264205460.0,3665.0,46,3664.0,324
rb1805,20170824,20170823,210138000,3664.0,7266,252110,265231580.0,3665.0,20,3664.0,320
rb1805,20170824,20170823,210138500,3665.0,7270,252108,265378160.0,3665.0,20,3664.0,319
rb1805,20170824,20170823,210139000,3665.0,7278,252108,265671320.0,3665.0,19,3664.0,317
rb1805,20170824,20170823,210139500,3664.0,7314,252130,266990640.0,3665.0,20,3664.0,313
rb1805,20170824,20170823,210140000,3665.0,7336,252126,267796920.0,3666.0,33,3665.0,8
rb1805,20170824,20170823,210140500,3665.0,7352,252120,268383400.0,3666.0,29,3665.0,5
rb1805,20170824,20170823,210141000,3665.0,7362,252122,268749900.0,3666.0,89,3665.0,4
rb1805,20170824,20170823,210141500,3664.0,7376,252112,269262980.0,3665.0,10,3664.0,314
rb1805,20170824,20170823,210142000,3665.0,7398,252120,270069280.0,3666.0,89,3664.0,314
rb1805,20170824,20170823,210142500,3665.0,7400,252120,270142580.0,3666.0,89,3665.0,1
rb1805,20170824,20170823,210143000,3666.0,7458,252108,272268580.0,3666.0,75,3664.0,314
rb1805,20170824,20170823,210143500,3666.0,7460,252110,272341900.0,3666.0,77,3665.0,50
rb1805,20170824,20170823,210144000,3665.0,7472,252108,272781780.0,3666.0,73,3665.0,49
rb1805,20170824,20170823,210144500,3665.0,7506,252094,274028140.0,3666.0,60,3665.0,46
rb1805,20170824,20170823,210145000,3666.0,7508,252092,274101460.0,3666.0,61,3665.0,46
rb1805,20170824,20170823,210145500,3666.0,7514,252092,274321400.0,3666.0,59,3665.0,45
rb1805,20170824,20170823,210146000,3665.0,7520,252090,274541340.0,3666.0,58,3665.0,44
rb1805,20170824,20170823,210146500,3666.0,7646,252092,279160420.0,3667.0,23,3665.0,51
rb1805,20170824,20170823,210147000,3666.0,7652,252090,279380380.0,3667.0,13,3666.0,5
rb1805,20170824,20170823,210147500,3666.0,7654,252088,279453700.0,3667.0,13,3666.0,7
rb1805,20170824,20170823,210148000,3667.0,7682,252076,280480460.0,3668.0,24,3667.0,2
rb1805,20170824,20170823,210148500,3667.0,7746,252114,282828020.0,3669.0,15,3667.0,10
rb1805,20170824,20170823,210149000,3669.0,7750,252114,282974740.0,3669.0,14,3667.0,17
rb1805,20170824,20170823,210149500,3670.0,7802,252122,284882760.0,3670.0,80,3669.0,195
rb1805,20170824,20170823,210150000,3670.0,8020,252178,292883100.0,3671.0,16,3670.0,5
rb1805,20170824,20170823,210150500,3672.0,8078,252164,295012180.0,3672.0,42,3670.0,4
rb1805,20170824,20170823,210151000,3672.0,8170,252150,298389960.0,3672.0,16,3670.0,3
rb1805,20170824,20170823,210151500,3669.0,8204,252138,299638260.0,3670.0,1,3669.0,215
rb1805,20170824,20170823,210152000,3669.0,8232,252132,300665720.0,3670.0,14,3669.0,179
rb1805,20170824,20170823,210152500,3669.0,8298,252124,303087640.0,3672.0,24,3669.0,167
rb1805,20170824,20170823,210153000,3669.0,8302,252126,303234420.0,3670.0,1,3669.0,166
rb1805,20170824,20170823,210153500,3670.0,8318,252114,303821620.0,3671.0,5,3670.0,13
rb1805,20170824,20170823,210154000,3670.0,8358,252082,305289640.0,3670.0,6,3669.0,191
rb1805,20170824,20170823,210154500,3669.0,8368,252082,305656600.0,3670.0,10,3669.0,164
rb1805,20170824,20170823,210155000,3670.0,8370,252080,305730000.0,3670.0,9,3669.0,165
rb1805,20170824,20170823,210155500,3670.0,8378,252080,306023600.0,3670.0,5,3669.0,164
rb1805,20170824,20170823,210156000,3671.0,8392,252086,306537440.0,3671.0,20,3670.0,1
rb1805,20170824,20170823,210156500,3670.0,8398,252088,306757620.0,3670.0,122,3669.0,163
rb1805,20170824,20170823,210157000,3669.0,8724,252074,318718560.0,3669.0,56,3668.0,3
rb1805,20170824,20170823,210157500,3669.0,8772,252092,320479140.0,3669.0,55,3667.0,15
rb1805,20170824,20170823,210158000,3669.0,8782,252094,320846000.0,3669.0,56,3668.0,13
rb1805,20170824,20170823,210158500,3668.0,8810,252096,321873040.0,3668.0,56,3667.0,15
rb1805,20170824,20170823,210159000,3669.0,8926,252050,326128060.0,3667.0,1,3666.0,26
rb1805,20170824,20170823,210159500,3667.0,8938,252046,326568100.0,3669.0,44,3667.0,46
rb1805,20170824,20170823,210200000,3667.0,8956,252042,327228160.0,3668.0,6,3667.0,36
rb1805,20170824,20170823,210200500,3668.0,8980,252024,328108300.0,3668.0,13,3667.0,19
rb1805,20170824,20170823,210201000,3667.0,9026,252058,329795080.0,3667.0,52,3666.0,7
rb1805,20170824,20170823,210201500,3668.0,9066,252054,331261780.0,3668.0,25,3667.0,5
rb1805,20170824,20170823,210202000,3665.0,9088,252046,332068380.0,3667.0,37,3665.0,14
rb1805,20170824,20170823,210202500,3665.0,9092,252048,332214980.0,3666.0,5,3665.0,9
rb1805,20170824,20170823,210203000,3666.0,9096,252046,332361620.0,3666.0,8,3665.0,4
rb1805,20170824,20170823,210203500,3664.0,9106,252052,332728100.0,3665.0,9,3664.0,19
rb1805,20170824,20170823,210204000,3665.0,9124,252060,333387640.0,3665.0,7,3664.0,1
rb1805,20170824,20170823,210204500,3663.0,9138,252062,333900620.0,3664.0,3,3663.0,51
rb1805,20170824,20170823,210205000,3663.0,9212,252060,336611700.0,3665.0,2,3664.0,1
rb1805,20170824,20170823,210205500,3665.0,9226,252056,337124740.0,3665.0,1,3663.0,35
rb1805,20170824,20170823,210206000,3663.0,9308,251980,340128440.0,3663.0,10,3662.0,35
rb1805,20170824,20170823,210206500,3663.0,9330,251958,340934300.0,3664.0,2,3663.0,1
rb1805,20170824,20170823,210207000,3663.0,9334,251960,341080820.0,3664.0,6,3663.0,9
rb1805,20170824,20170823,210207500,3664.0,9372,251968,342473040.0,3665.0,19,3664.0,298
rb1805,20170824,20170823,210208000,3664.0,9376,251968,342619600.0,3665.0,10,3664.0,296
rb1805,20170824,20170823,210208500,3664.0,9400,251950,343499000.0,3665.0,13,3664.0,286
rb1805,20170824,20170823,210209000,3665.0,9404,251948,343645580.0,3665.0,12,3664.0,285
rb1805,20170824,20170823,210209500,3664.0,9406,251948,343718860.0,3665.0,23,3664.0,284
rb1805,20170824,20170823,210210000,3664.0,9414,251942,344011980.0,3665.0,30,3664.0,280
rb1805,20170824,20170823,210210500,3665.0,9442,251930,345037940.0,3665.0,41,3664.0,268
rb1805,20170824,20170823,210211000,3665.0,9468,251928,345990600.0,3665.0,41,3664.0,269
rb1805,20170824,20170823,210211500,3665.0,9472,251932,346137200.0,3665.0,40,3664.0,269
rb1805,20170824,20170823,210212000,3665.0,9492,251920,346870200.0,3665.0,30,3664.0,269
rb1805,20170824,20170823,210212500,3665.0,9578,251874,350021400.0,3665.0,52,3664.0,234
rb1805,20170824,20170823,210213000,3665.0,9752,251874,356396780.0,3665.0,52,3664.0,148
rb1805,20170824,20170823,210213500,3664.0,9764,251862,356836460.0,3665.0,53,3664.0,142
rb1805,20170824,20170823,210214000,3665.0,9788,251862,357715860.0,3665.0,52,3664.0,142
rb1805,20170824,20170823,210214500,3664.0,9852,251862,360060860.0,3665.0,63,3664.0,113
rb1805,20170824,20170823,210215000,3663.0,10084,251730,368561280.0,3664.0,20,3663.0,10
rb1805,20170824,20170823,210215500,3663.0,10084,251730,368561280.0,3664.0,32,3663.0,10
rb1805,20170824,20170823,210216000,3663.0,10124,251714,370026480.0,3663.0,9,3662.0,35
rb1805,20170824,20170823,210216500,3663.0,10142,251722,370685820.0,3664.0,24,3663.0,31
rb1805,20170824,20170823,210217000,3664.0,10196,251722,372663860.0,3664.0,23,3663.0,5
rb1805,20170824,20170823,210217500,3663.0,10212,251732,373249940.0,3663.0,74,3662.0,35
rb1805,20170824,20170823,210218000,3663.0,10228,251736,373836020.0,3663.0,66,3662.0,35
rb1805,20170824,20170823,210218500,3663.0,10272,251736,375447740.0,3663.0,46,3662.0,46
rb1805,20170824,20170823,210219000,3662.0,10408,251648,380428240.0,3663.0,42,3662.0,7
rb1805,20170824,20170823,210219500,3662.0,10408,251648,380428240.0,3663.0,44,3662.0,8
rb1805,20170824,20170823,210220000,3661.0,10448,251640,381892800.0,3662.0,16,3660.0,95
rb1805,20170824,20170823,210220500,3660.0,10488,251620,383356800.0,3662.0,8,3660.0,75
rb1805,20170824,20170823,210221000,3662.0,10494,251622,383576480.0,3662.0,7,3660.0,75
rb1805,20170824,20170823,210221500,3662.0,10498,251626,383722960.0,3662.0,17,3661.0,3
rb1805,20170824,20170823,210222000,3662.0,10498,251626,383722960.0,3662.0,18,3661.0,3
rb1805,20170824,20170823,210222500,3661.0,10502,251622,383869400.0,3662.0,18,3661.0,2
rb1805,20170824,20170823,210223000,3662.0,10506,251626,384015880.0,3662.0,16,3661.0,13
rb1805,20170824,20170823,210223500,3661.0,10528,251606,384821300.0,3662.0,16,3661.0,3
rb1805,20170824,20170823,210224000,3661.0,10534,251600,385040960.0,3661.0,1,3660.0,88
rb1805,20170824,20170823,210224500,3662.0,10542,251604,385333900.0,3662.0,13,3661.0,10
rb1805,20170824,20170823,210225000,3661.0,10548,251602,385553560.0,3662.0,13,3661.0,5
rb1805,20170824,20170823,210225500,3661.0,10550,251602,385626780.0,3662.0,18,3661.0,4
rb1805,20170824,20170823,210226000,3661.0,10552,251600,385700000.0,3662.0,19,3661.0,3
rb1805,20170824,20170823,210226500,3660.0,10588,251626,387017660.0,3661.0,38,3660.0,74
rb1805,20170824,20170823,210227000,3662.0,10674,251592,390166340.0,3662.0,18,3661.0,58
rb1805,20170824,20170823,210227500,3662.0,10674,251592,390166340.0,3662.0,18,3661.0,59
rb1805,20170824,20170823,210228000,3661.0,10682,251586,390459240.0,3662.0,17,3661.0,60
rb1805,20170824,20170823,210228500,3662.0,10684,251586,390532480.0,3662.0,16,3661.0,66
rb1805,20170824,20170823,210229000,3661.0,10758,251598,393241720.0,3662.0,11,3661.0,37
rb1805,20170824,20170823,210229500,3661.0,10758,251598,393241720.0,3662.0,11,3661.0,23
rb1805,20170824,20170823,210230000,3661.0,10782,251590,394120360.0,3662.0,11,3661.0,1
rb1805,20170824,20170823,210230500,3661.0,10786,251592,394266800.0,3662.0,16,3660.0,79
rb1805,20170824,20170823,210231000,3661.0,10786,251592,394266800.0,3662.0,21,3660.0,79
rb1805,20170824,20170823,210231500,3661.0,10786,251592,394266800.0,3662.0,22,3661.0,1
rb1805,20170824,20170823,210232000,3661.0,10790,251592,394413240.0,3661.0,6,3660.0,80
rb1805,20170824,20170823,210232500,3661.0,10792,251590,394486460.0,3661.0,8,3660.0,81
rb1805,20170824,20170823,210233000,3660.0,10976,251636,401220740.0,3660.0,29,3658.0,84
rb1805,20170824,20170823,210233500,3658.0,11030,251628,403196200.0,3660.0,31,3658.0,61
rb1805,20170824,20170823,210234000,3658.0,11196,251566,409270320.0,3661.0,17,3660.0,5
rb1805,20170824,20170823,210234500,3660.0,11206,251564,409636320.0,3660.0,29,3659.0,1
rb1805,20170824,20170823,210235000,3659.0,11208,251564,409709500.0,3659.0,1,3658.0,20
rb1805,20170824,20170823,210235500,3660.0,11222,251570,410221860.0,3660.0,70,3659.0,5
rb1805,20170824,20170823,210236000,3660.0,11226,251566,410368240.0,3660.0,69,3659.0,52
rb1805,20170824,20170823,210236500,3660.0,11226,251566,410368240.0,3660.0,69,3659.0,51
rb1805,20170824,20170823,210237000,3660.0,11228,251564,410441440.0,3660.0,68,3659.0,51
rb1805,20170824,20170823,210237500,3659.0,11248,251544,411173240.0,3660.0,68,3659.0,42
rb1805,20170824,20170823,210238000,3659.0,11254,251544,411392820.0,3660.0,66,3659.0,41
rb1805,20170824,20170823,210238500,3659.0,11342,251554,414612740.0,3659.0,72,3658.0,28
rb1805,20170824,20170823,210239000,3657.0,11434,251550,417977760.0,3657.0,18,3656.0,38
rb1805,20170824,20170823,210239500,3656.0,11496,251500,420245060.0,3657.0,18,3656.0,31
rb1805,20170824,20170823,210240000,3657.0,11712,251548,428144640.0,3659.0,15,3657.0,101
rb1805,20170824,20170823,210240500,3659.0,11718,251544,428364100.0,3659.0,15,3657.0,66
rb1805,20170824,20170823,210241000,3659.0,11718,251544,428364100.0,3659.0,19,3658.0,4
rb1805,20170824,20170823,210241500,3659.0,11718,251544,428364100.0,3659.0,19,3658.0,4
rb1805,20170824,20170823,210242000,3658.0,11728,251540,428729900.0,3658.0,65,3657.0,58
rb1805,20170824,20170823,210242500,3658.0,11744,251540,429315180.0,3658.0,53,3657.0,71
rb1805,20170824,20170823,210243000,3658.0,11748,251540,429461480.0,3658.0,52,3657.0,70
rb1805,20170824,20170823,210243500,3658.0,11768,251524,430193080.0,3658.0,43,3657.0,72
rb1805,20170824,20170823,210244000,3657.0,11856,251446,433412100.0,3659.0,21,3658.0,2
rb1805,20170824,20170823,210244500,3658.0,11860,251442,433558400.0,3658.0,1,3657.0,72
rb1805,20170824,20170823,210245000,3658.0,11868,251436,433851040.0,3659.0,21,3658.0,34
rb1805,20170824,20170823,210245500,3658.0,11868,251436,433851040.0,3659.0,21,3658.0,35
rb1805,20170824,20170823,210246000,3658.0,11872,251436,433997360.0,3659.0,21,3658.0,32
rb1805,20170824,20170823,210246500,3658.0,11912,251398,435460760.0,3659.0,11,3658.0,25
rb1805,20170824,20170823,210247000,3658.0,11914,251398,435533920.0,3659.0,11,3658.0,33
rb1805,20170824,20170823,210247500,3659.0,11916,251400,435607100.0,3659.0,10,3658.0,33
rb1805,20170824,20170823,210248000,3658.0,11938,251416,436412040.0,3659.0,2,3658.0,31
rb1805,20170824,20170823,210248500,3659.0,11940,251418,436485220.0,3659.0,1,3658.0,33
rb1805,20170824,20170823,210249000,3659.0,11942,251418,436558400.0,3659.0,1,3658.0,33
rb1805,20170824,20170823,210249500,3659.0,11944,251416,436631580.0,3660.0,77,3659.0,1
rb1805,20170824,20170823,210250000,3659.0,11946,251416,436704760.0,3659.0,3,3658.0,33
rb1805,20170824,20170823,210250500,3658.0,11948,251414,436777920.0,3659.0,2,3658.0,32
rb1805,20170824,20170823,210251000,3659.0,11952,251414,436924260.0,3659.0,1,3658.0,31
rb1805,20170824,20170823,210251500,3659.0,11952,251414,436924260.0,3659.0,18,3658.0,31
rb1805,20170824,20170823,210252000,3659.0,11956,251414,437070600.0,3659.0,17,3658.0,21
rb1805,20170824,20170823,210252500,3658.0,11986,251414,438168000.0,3659.0,17,3658.0,6
rb1805,20170824,20170823,210253000,3658.0,11988,251412,438241160.0,3659.0,18,3658.0,7
rb1805,20170824,20170823,210253500,3658.0,12006,251412,438899620.0,3658.0,4,3657.0,31
rb1805,20170824,20170823,210254000,3658.0,12012,251412,439119100.0,3658.0,1,3657.0,31
rb1805,20170824,20170823,210254500,3658.0,12014,251412,439192260.0,3659.0,32,3658.0,1
rb1805,20170824,20170823,210255000,3659.0,12036,251424,439997040.0,3659.0,32,3658.0,1
rb1805,20170824,20170823,210255500,3658.0,12040,251422,440143360.0,3658.0,9,3657.0,34
rb1805,20170824,20170823,210256000,3658.0,12040,251422,440143360.0,3658.0,29,3657.0,34
rb1805,20170824,20170823,210256500,3658.0,12082,251414,441679320.0,3658.0,28,3657.0,10
rb1805,20170824,20170823,210257000,3658.0,12110,251402,442703360.0,3658.0,24,3656.0,41
rb1805,20170824,20170823,210257500,3656.0,12174,251396,445043600.0,3658.0,32,3656.0,21
rb1805,20170824,20170823,210258000,3656.0,12174,251396,445043600.0,3657.0,3,3656.0,21
rb1805,20170824,20170823,210258500,3656.0,12214,251366,446506000.0,3657.0,9,3656.0,1
rb1805,20170824,20170823,210259000,3657.0,12218,251366,446652260.0,3657.0,8,3656.0,1
rb1805,20170824,20170823,210259500,3657.0,12218,251366,446652260.0,3657.0,9,3656.0,1
rb1805,20170824,20170823,210300000,3657.0,12218,251366,446652260.0,3657.0,9,3656.0,1
rb1805,20170824,20170823,210300500,3655.0,12224,251370,446871600.0,3656.0,10,3655.0,38
rb1805,20170824,20170823,210301000,3656.0,12252,251368,447895080.0,3656.0,6,3655.0,41
rb1805,20170824,20170823,210301500,3656.0,12258,251370,448114420.0,3656.0,8,3655.0,40
rb1805,20170824,20170823,210302000,3656.0,12276,251386,448772480.0,3657.0,40,3656.0,4
rb1805,20170824,20170823,210302500,3656.0,12278,251388,448845600.0,3657.0,40,3656.0,4
rb1805,20170824,20170823,210303000,3656.0,12278,251388,448845600.0,3657.0,38,3656.0,13
rb1805,20170824,20170823,210303500,3657.0,12348,251360,451404520.0,3657.0,34,3655.0,27
rb1805,20170824,20170823,210304000,3656.0,12350,251360,451477640.0,3657.0,34,3656.0,10
rb1805,20170824,20170823,210304500,3656.0,12350,251360,451477640.0,3657.0,35,3656.0,11
rb1805,20170824,20170823,210305000,3656.0,12354,251358,451623900.0,3657.0,34,3656.0,40
rb1805,20170824,20170823,210305500,3656.0,12356,251356,451697020.0,3657.0,34,3656.0,41
rb1805,20170824,20170823,210306000,3656.0,12356,251356,451697020.0,3657.0,34,3656.0,46
rb1805,20170824,20170823,210306500,3656.0,12356,251356,451697020.0,3657.0,34,3656.0,46
rb1805,20170824,20170823,210307000,3657.0,12360,251356,451843300.0,3657.0,32,3656.0,47
rb1805,20170824,20170823,210307500,3657.0,12426,251312,454256800.0,3657.0,5,3656.0,41
rb1805,20170824,20170823,210308000,3657.0,12436,251312,454622500.0,3658.0,39,3657.0,35
rb1805,20170824,20170823,210308500,3658.0,12438,251314,454695660.0,3658.0,28,3657.0,16
rb1805,20170824,20170823,210309000,3658.0,12494,251304,456744140.0,3659.0,23,3658.0,20
rb1805,20170824,20170823,210309500,3658.0,12508,251304,457256260.0,3659.0,13,3658.0,9
rb1805,20170824,20170823,210310000,3658.0,12508,251304,457256260.0,3659.0,13,3658.0,7
rb1805,20170824,20170823,210310500,3658.0,12508,251304,457256260.0,3659.0,13,3658.0,8
rb1805,20170824,20170823,210311000,3659.0,12534,251316,458207600.0,3660.0,84,3659.0,37
rb1805,20170824,20170823,210311500,3658.0,12610,251388,460988420.0,3660.0,84,3659.0,2
rb1805,20170824,20170823,210312000,3659.0,12616,251386,461207960.0,3659.0,1,3658.0,5
rb1805,20170824,20170823,210312500,3660.0,12790,251404,467576340.0,3661.0,21,3660.0,414
rb1805,20170824,20170823,210313000,3661.0,12846,251406,469626500.0,3662.0,33,3661.0,1
rb1805,20170824,20170823,210313500,3660.0,12866,251408,470358680.0,3661.0,5,3660.0,413
rb1805,20170824,20170823,210314000,3661.0,12884,251406,471017680.0,3662.0,31,3661.0,28
rb1805,20170824,20170823,210314500,3661.0,12884,251406,471017680.0,3662.0,21,3661.0,16
rb1805,20170824,20170823,210315000,3662.0,12924,251434,472482260.0,3663.0,143,3662.0,84
rb1805,20170824,20170823,210315500,3662.0,13040,251500,476730180.0,3663.0,146,3662.0,26
rb1805,20170824,20170823,210316000,3662.0,13042,251500,476803420.0,3663.0,146,3662.0,25
rb1805,20170824,20170823,210316500,3662.0,13058,251500,477389360.0,3663.0,145,3662.0,18
rb1805,20170824,20170823,210317000,3662.0,13094,251500,478707680.0,3662.0,4,3661.0,2
rb1805,20170824,20170823,210317500,3660.0,13110,251494,479293480.0,3662.0,4,3660.0,418
rb1805,20170824,20170823,210318000,3662.0,13112,251494,479366720.0,3662.0,3,3660.0,418
rb1805,20170824,20170823,210318500,3662.0,13112,251494,479366720.0,3662.0,3,3661.0,9
rb1805,20170824,20170823,210319000,3661.0,13130,251494,480025700.0,3662.0,14,3660.0,419
rb1805,20170824,20170823,210319500,3661.0,13132,251494,480098920.0,3661.0,11,3660.0,419
rb1805,20170824,20170823,210320000,3661.0,13132,251494,480098920.0,3661.0,11,3660.0,419
rb1805,20170824,20170823,210320500,3661.0,13132,251494,480098920.0,3661.0,11,3660.0,419
rb1805,20170824,20170823,210321000,3660.0,13142,251500,480464980.0,3661.0,24,3660.0,417
rb1805,20170824,20170823,210321500,3660.0,13142,251500,480464980.0,3661.0,24,3660.0,417
rb1805,20170824,20170823,210322000,3661.0,13146,251500,480611420.0,3661.0,24,3660.0,417
rb1805,20170824,20170823,210322500,3661.0,13146,251500,480611420.0,3661.0,25,3660.0,417
rb1805,20170824,20170823,210323000,3660.0,13346,251626,487931420.0,3661.0,33,3660.0,322
rb1805,20170824,20170823,210323500,3660.0,13868,251994,507036620.0,3661.0,43,3660.0,81
rb1805,20170824,20170823,210324000,3660.0,14032,252064,513039020.0,3660.0,80,3659.0,3
rb1805,20170824,20170823,210324500,3659.0,14044,252070,513478080.0,3659.0,12,3658.0,8
rb1805,20170824,20170823,210325000,3659.0,14046,252070,513551260.0,3659.0,5,3658.0,8
rb1805,20170824,20170823,210325500,3658.0,14064,252078,514209700.0,3658.0,4,3657.0,19
rb1805,20170824,20170823,210326000,3658.0,14074,252072,514575500.0,3659.0,27,3657.0,16
rb1805,20170824,20170823,210326500,3658.0,14080,252072,514794980.0,3659.0,27,3658.0,63
rb1805,20170824,20170823,210327000,3658.0,14080,252072,514794980.0,3659.0,27,3658.0,64
rb1805,20170824,20170823,210327500,3658.0,14080,252072,514794980.0,3659.0,29,3658.0,68
rb1805,20170824,20170823,210328000,3658.0,14092,252070,515233940.0,3659.0,25,3658.0,62
rb1805,20170824,20170823,210328500,3658.0,14096,252070,515380260.0,3659.0,25,3658.0,60
rb1805,20170824,20170823,210329000,3658.0,14118,252068,516185020.0,3659.0,25,3658.0,49
rb1805,20170824,20170823,210329500,3658.0,14118,252068,516185020.0,3659.0,25,3658.0,49
rb1805,20170824,20170823,210330000,3658.0,14134,252054,516770300.0,3659.0,31,3658.0,41
rb1805,20170824,20170823,210330500,3658.0,14140,252048,516989780.0,3659.0,31,3658.0,38
rb1805,20170824,20170823,210331000,3659.0,14212,252092,519624260.0,3660.0,38,3659.0,464
rb1805,20170824,20170823,210331500,3659.0,15140,252096,553579780.0,3659.0,52,3658.0,38
rb1805,20170824,20170823,210332000,3658.0,15218,252108,556433020.0,3659.0,52,3658.0,3
rb1805,20170824,20170823,210332500,3658.0,15226,252116,556725660.0,3658.0,29,3657.0,16
rb1805,20170824,20170823,210333000,3658.0,15242,252130,557310940.0,3659.0,56,3657.0,15
rb1805,20170824,20170823,210333500,3657.0,15264,252146,558115480.0,3659.0,61,3657.0,4
rb1805,20170824,20170823,210334000,3658.0,15266,252146,558188640.0,3658.0,11,3657.0,4
rb1805,20170824,20170823,210334500,3658.0,15268,252146,558261800.0,3658.0,10,3657.0,4
rb1805,20170824,20170823,210335000,3658.0,15272,252146,558408100.0,3658.0,9,3657.0,3
rb1805,20170824,20170823,210335500,3658.0,15272,252146,558408100.0,3658.0,12,3657.0,4
rb1805,20170824,20170823,210336000,3658.0,15272,252146,558408100.0,3658.0,13,3657.0,4
rb1805,20170824,20170823,210336500,3658.0,15272,252146,558408100.0,3658.0,14,3657.0,4
rb1805,20170824,20170823,210337000,3657.0,15288,252144,558993300.0,3657.0,2,3656.0,21
rb1805,20170824,20170823,210337500,3658.0,15294,252142,559212740.0,3658.0,9,3656.0,18
rb1805,20170824,20170823,210338000,3656.0,15296,252142,559285860.0,3658.0,10,3657.0,2
rb1805,20170824,20170823,210338500,3657.0,15300,252142,559432140.0,3657.0,3,3656.0,17
rb1805,20170824,20170823,210339000,3657.0,15316,252144,560017120.0,3657.0,25,3656.0,10
rb1805,20170824,20170823,210339500,3657.0,15320,252148,560163400.0,3657.0,27,3656.0,10
rb1805,20170824,20170823,210340000,3657.0,15320,252148,560163400.0,3657.0,16,3656.0,10
rb1805,20170824,20170823,210340500,3657.0,15342,252162,560967780.0,3657.0,19,3656.0,4
rb1805,20170824,20170823,210341000,3656.0,15354,252174,561406540.0,3656.0,13,3655.0,37
rb1805,20170824,20170823,210341500,3656.0,15358,252174,561552760.0,3656.0,20,3655.0,33
rb1805,20170824,20170823,210342000,3656.0,15362,252178,561699000.0,3656.0,10,3655.0,31
rb1805,20170824,20170823,210342500,3655.0,15408,252208,563380300.0,3656.0,19,3655.0,8
rb1805,20170824,20170823,210343000,3655.0,15408,252208,563380300.0,3656.0,27,3655.0,9
rb1805,20170824,20170823,210343500,3655.0,15430,252216,564184400.0,3655.0,14,3654.0,17
rb1805,20170824,20170823,210344000,3655.0,15434,252216,564330580.0,3655.0,11,3654.0,16
rb1805,20170824,20170823,210344500,3655.0,15436,252214,564403680.0,3655.0,12,3654.0,16
rb1805,20170824,20170823,210345000,3654.0,15438,252216,564476760.0,3655.0,12,3654.0,15
rb1805,20170824,20170823,210345500,3653.0,15512,252162,567180440.0,3654.0,4,3653.0,7
rb1805,20170824,20170823,210346000,3653.0,15538,252142,568130220.0,3654.0,20,3652.0,9
rb1805,20170824,20170823,210346500,3652.0,15556,252156,568787580.0,3654.0,21,3653.0,6
rb1805,20170824,20170823,210347000,3653.0,15674,252124,573100200.0,3654.0,1,3653.0,3
rb1805,20170824,20170823,210347500,3651.0,15712,252132,574488120.0,3654.0,1,3653.0,10
rb1805,20170824,20170823,210348000,3653.0,15724,252134,574926540.0,3655.0,15,3653.0,14
rb1805,20170824,20170823,210348500,3653.0,15736,252136,575364940.0,3655.0,14,3653.0,16
rb1805,20170824,20170823,210349000,3653.0,15756,252142,576095540.0,3656.0,23,3653.0,11
rb1805,20170824,20170823,210349500,3653.0,15766,252142,576460840.0,3653.0,10,3651.0,36
rb1805,20170824,20170823,210350000,3653.0,15790,252138,577337560.0,3655.0,4,3653.0,30
rb1805,20170824,20170823,210350500,3653.0,15790,252138,577337560.0,3655.0,4,3653.0,20
rb1805,20170824,20170823,210351000,3653.0,15790,252138,577337560.0,3655.0,8,3653.0,21
rb1805,20170824,20170823,210351500,3655.0,15794,252138,577483720.0,3655.0,7,3653.0,20
rb1805,20170824,20170823,210352000,3654.0,15798,252140,577629880.0,3655.0,7,3654.0,6
rb1805,20170824,20170823,210352500,3654.0,15800,252140,577702960.0,3655.0,8,3654.0,5
rb1805,20170824,20170823,210353000,3654.0,15810,252144,578068360.0,3655.0,8,3654.0,22
rb1805,20170824,20170823,210353500,3655.0,15846,252170,579383900.0,3655.0,9,3654.0,6
rb1805,20170824,20170823,210354000,3654.0,15860,252170,579895460.0,3654.0,3,3653.0,26
rb1805,20170824,20170823,210354500,3654.0,15872,252164,580333940.0,3655.0,7,3654.0,29
rb1805,20170824,20170823,210355000,3655.0,15882,252174,580699440.0,3655.0,3,3654.0,29
rb1805,20170824,20170823,210355500,3655.0,15900,252166,581357340.0,3656.0,50,3655.0,21
rb1805,20170824,20170823,210356000,3655.0,15918,252156,582015240.0,3656.0,55,3655.0,12
rb1805,20170824,20170823,210356500,3655.0,15922,252156,582161440.0,3656.0,56,3655.0,10
rb1805,20170824,20170823,210357000,3655.0,15924,252156,582234540.0,3656.0,56,3655.0,9
rb1805,20170824,20170823,210357500,3654.0,15948,252138,583111740.0,3656.0,55,3654.0,25
rb1805,20170824,20170823,210358000,3654.0,15952,252136,583257920.0,3655.0,11,3654.0,24
rb1805,20170824,20170823,210358500,3655.0,15974,252116,584062020.0,3655.0,14,3654.0,31
rb1805,20170824,20170823,210359000,3655.0,16008,252138,585304680.0,3655.0,6,3654.0,30
rb1805,20170824,20170823,210359500,3655.0,16020,252142,585743280.0,3656.0,43,3654.0,29
rb1805,20170824,20170823,210400000,3655.0,16020,252142,585743280.0,3656.0,50,3654.0,30
rb1805,20170824,20170823,210400500,3655.0,16024,252140,585889480.0,3656.0,46,3655.0,6
rb1805,20170824,20170823,210401000,3656.0,16052,252122,586913160.0,3656.0,35,3655.0,11
rb1805,20170824,20170823,210401500,3656.0,16108,252100,588960520.0,3657.0,11,3656.0,3
rb1805,20170824,20170823,210402000,3656.0,16116,252092,589253040.0,3657.0,9,3656.0,13
rb1805,20170824,20170823,210402500,3657.0,16140,252102,590130720.0,3658.0,30,3657.0,59
rb1805,20170824,20170823,210403000,3657.0,16148,252096,590423340.0,3658.0,17,3657.0,50
rb1805,20170824,20170823,210403500,3658.0,16182,252104,591667060.0,3659.0,54,3658.0,29
rb1805,20170824,20170823,210404000,3659.0,16256,252076,594374620.0,3659.0,23,3658.0,6
rb1805,20170824,20170823,210404500,3659.0,16258,252076,594447800.0,3659.0,20,3658.0,15
rb1805,20170824,20170823,210405000,3658.0,16314,252080,596496680.0,3660.0,53,3658.0,7
rb1805,20170824,20170823,210405500,3659.0,16322,252082,596789400.0,3660.0,53,3659.0,48
rb1805,20170824,20170823,210406000,3660.0,16348,252100,597740760.0,3660.0,52,3659.0,36
rb1805,20170824,20170823,210406500,3659.0,16420,252118,600375240.0,3659.0,3,3658.0,7
rb1805,20170824,20170823,210407000,3659.0,16426,252116,600594780.0,3659.0,9,3658.0,1
rb1805,20170824,20170823,210407500,3658.0,16428,252116,600667940.0,3658.0,22,3657.0,43
rb1805,20170824,20170823,210408000,3658.0,16428,252116,600667940.0,3658.0,23,3657.0,40
rb1805,20170824,20170823,210408500,3658.0,16428,252116,600667940.0,3658.0,24,3657.0,40
rb1805,20170824,20170823,210409000,3658.0,16428,252116,600667940.0,3658.0,34,3657.0,40
rb1805,20170824,20170823,210409500,3658.0,16428,252116,600667940.0,3658.0,34,3657.0,41
rb1805,20170824,20170823,210410000,3658.0,16428,252116,600667940.0,3658.0,33,3657.0,41
rb1805,20170824,20170823,210410500,3658.0,16428,252116,600667940.0,3658.0,33,3657.0,41
rb1805,20170824,20170823,210411000,3657.0,16430,252116,600741080.0,3658.0,33,3657.0,40
rb1805,20170824,20170823,210411500,3658.0,16438,252116,601033720.0,3658.0,29,3657.0,40
rb1805,20170824,20170823,210412000,3657.0,16498,252058,603228500.0,3658.0,1,3657.0,39
rb1805,20170824,20170823,210412500,3658.0,16502,252058,603374820.0,3658.0,1,3657.0,40
rb1805,20170824,20170823,210413000,3658.0,16506,252060,603521140.0,3659.0,26,3658.0,17
rb1805,20170824,20170823,210413500,3658.0,16510,252056,603667460.0,3659.0,26,3658.0,14
rb1805,20170824,20170823,210414000,3659.0,16530,252060,604399260.0,3659.0,16,3658.0,15
rb1805,20170824,20170823,210414500,3659.0,16534,252058,604545620.0,3659.0,12,3658.0,15
rb1805,20170824,20170823,210415000,3658.0,16544,252048,604911420.0,3659.0,22,3658.0,10
rb1805,20170824,20170823,210415500,3659.0,16548,252044,605057760.0,3659.0,21,3658.0,9
rb1805,20170824,20170823,210416000,3658.0,16550,252044,605130920.0,3659.0,21,3658.0,6
rb1805,20170824,20170823,210416500,3659.0,16558,252040,605423620.0,3659.0,19,3658.0,2
rb1805,20170824,20170823,210417000,3659.0,16558,252040,605423620.0,3659.0,19,3658.0,7
rb1805,20170824,20170823,210417500,3659.0,16558,252040,605423620.0,3659.0,19,3658.0,7
rb1805,20170824,20170823,210418000,3659.0,16560,252040,605496800.0,3659.0,18,3658.0,7
rb1805,20170824,20170823,210418500,3659.0,16562,252040,605569980.0,3659.0,18,3658.0,7
rb1805,20170824,20170823,210419000,3658.0,16568,252040,605789480.0,3659.0,17,3658.0,6
rb1805,20170824,20170823,210419500,3658.0,16568,252040,605789480.0,3659.0,18,3658.0,7
rb1805,20170824,20170823,210420000,3658.0,16572,252040,605935800.0,3659.0,18,3658.0,5
rb1805,20170824,20170823,210421000,3658.0,16584,252034,606374760.0,3658.0,5,3657.0,18
rb1805,20170824,20170823,210421500,3658.0,16588,252030,606521080.0,3658.0,6,3657.0,11
rb1805,20170824,20170823,210422000,3657.0,16592,252026,606667360.0,3658.0,6,3657.0,15
rb1805,20170824,20170823,210422500,3659.0,16606,252026,607179500.0,3659.0,29,3658.0,2
rb1805,20170824,20170823,210423000,3658.0,16654,252052,608934960.0,3658.0,20,3656.0,106
rb1805,20170824,20170823,210423500,3658.0,16654,252052,608934960.0,3657.0,3,3656.0,94
rb1805,20170824,20170823,210424000,3657.0,16666,252046,609373800.0,3658.0,15,3656.0,74
rb1805,20170824,20170823,210424500,3657.0,16666,252046,609373800.0,3657.0,2,3656.0,74
rb1805,20170824,20170823,210425000,3657.0,16670,252042,609520080.0,3658.0,13,3657.0,2
rb1805,20170824,20170823,210425500,3657.0,16676,252040,609739500.0,3658.0,13,3657.0,2
rb1805,20170824,20170823,210426000,3657.0,16680,252040,609885780.0,3658.0,13,3656.0,74
rb1805,20170824,20170823,210426500,3658.0,16682,252040,609958940.0,3658.0,12,3657.0,7
rb1805,20170824,20170823,210427000,3657.0,16684,252042,610032080.0,3658.0,13,3657.0,18
rb1805,20170824,20170823,210427500,3658.0,16710,252062,610983160.0,3659.0,557,3657.0,25
rb1805,20170824,20170823,210428000,3657.0,16718,252064,611275800.0,3659.0,552,3658.0,3
rb1805,20170824,20170823,210428500,3658.0,16740,252074,612080560.0,3658.0,12,3657.0,14
rb1805,20170824,20170823,210429000,3658.0,16764,252096,612958480.0,3659.0,537,3658.0,1
rb1805,20170824,20170823,210429500,3658.0,16766,252094,613031640.0,3658.0,25,3657.0,31
rb1805,20170824,20170823,210430000,3657.0,16772,252094,613251060.0,3658.0,31,3657.0,34
rb1805,20170824,20170823,210430500,3657.0,16772,252094,613251060.0,3658.0,34,3657.0,34
rb1805,20170824,20170823,210431000,3657.0,16772,252094,613251060.0,3658.0,34,3657.0,34
rb1805,20170824,20170823,210431500,3657.0,16774,252094,613324200.0,3658.0,38,3657.0,8
rb1805,20170824,20170823,210432000,3657.0,16792,252094,613982460.0,3657.0,3,3656.0,84
rb1805,20170824,20170823,210432500,3657.0,16794,252094,614055600.0,3657.0,12,3656.0,77
rb1805,20170824,20170823,210433000,3657.0,16794,252094,614055600.0,3657.0,12,3656.0,74
rb1805,20170824,20170823,210433500,3657.0,16806,252086,614494440.0,3657.0,12,3656.0,74
rb1805,20170824,20170823,210434000,3656.0,16948,252206,619685960.0,3656.0,26,3655.0,98
rb1805,20170824,20170823,210434500,3656.0,16948,252206,619685960.0,3656.0,26,3655.0,73
rb1805,20170824,20170823,210435000,3656.0,16948,252206,619685960.0,3656.0,27,3655.0,73
rb1805,20170824,20170823,210435500,3655.0,16958,252198,620051460.0,3656.0,37,3655.0,68
rb1805,20170824,20170823,210436000,3655.0,16964,252196,620270760.0,3656.0,37,3655.0,65
rb1805,20170824,20170823,210436500,3656.0,16970,252194,620490100.0,3656.0,39,3655.0,186
rb1805,20170824,20170823,210437000,3656.0,16974,252198,620636320.0,3656.0,14,3655.0,183
rb1805,20170824,20170823,210437500,3656.0,16982,252198,620928800.0,3656.0,10,3655.0,183
rb1805,20170824,20170823,210438000,3656.0,17012,252176,622025500.0,3657.0,17,3656.0,25
rb1805,20170824,20170823,210438500,3656.0,17022,252186,622391100.0,3657.0,17,3656.0,85
rb1805,20170824,20170823,210439000,3656.0,17066,252168,624000140.0,3658.0,37,3656.0,63
rb1805,20170824,20170823,210439500,3656.0,17068,252168,624073260.0,3658.0,41,3657.0,7
rb1805,20170824,20170823,210440000,3657.0,17070,252166,624146400.0,3658.0,39,3657.0,6
rb1805,20170824,20170823,210440500,3657.0,17078,252166,624438960.0,3658.0,39,3657.0,8
rb1805,20170824,20170823,210441000,3657.0,17162,252164,627510180.0,3657.0,47,3656.0,34
rb1805,20170824,20170823,210441500,3657.0,17162,252164,627510180.0,3657.0,38,3656.0,40
rb1805,20170824,20170823,210442000,3657.0,17224,252206,629777520.0,3658.0,46,3657.0,29
rb1805,20170824,20170823,210442500,3657.0,17244,252200,630508920.0,3658.0,42,3657.0,9
rb1805,20170824,20170823,210443000,3657.0,17244,252200,630508920.0,3658.0,42,3657.0,6
rb1805,20170824,20170823,210443500,3657.0,17260,252186,631094040.0,3657.0,22,3656.0,53
rb1805,20170824,20170823,210444000,3657.0,17262,252184,631167180.0,3657.0,21,3656.0,54
rb1805,20170824,20170823,210444500,3657.0,17262,252184,631167180.0,3657.0,21,3656.0,52
rb1805,20170824,20170823,210445000,3657.0,17290,252156,632191140.0,3657.0,18,3656.0,52
rb1805,20170824,20170823,210445500,3656.0,17298,252154,632483680.0,3657.0,16,3656.0,51
rb1805,20170824,20170823,210446000,3657.0,17300,252154,632556820.0,3657.0,15,3656.0,51
rb1805,20170824,20170823,210446500,3657.0,17302,252154,632629960.0,3657.0,14,3656.0,51
rb1805,20170824,20170823,210447000,3657.0,17330,252128,633653920.0,3658.0,46,3656.0,51
rb1805,20170824,20170823,210447500,3657.0,17330,252128,633653920.0,3657.0,2,3656.0,56
rb1805,20170824,20170823,210448000,3657.0,17334,252126,633800200.0,3658.0,44,3657.0,6
rb1805,20170824,20170823,210448500,3657.0,17338,252122,633946480.0,3658.0,44,3656.0,56
rb1805,20170824,20170823,210449000,3656.0,17348,252122,634312080.0,3658.0,44,3656.0,51
rb1805,20170824,20170823,210449500,3656.0,17348,252122,634312080.0,3658.0,44,3656.0,53
rb1805,20170824,20170823,210450000,3656.0,17348,252122,634312080.0,3658.0,44,3657.0,11
rb1805,20170824,20170823,210450500,3656.0,17348,252122,634312080.0,3658.0,43,3657.0,13
rb1805,20170824,20170823,210451000,3657.0,17356,252122,634604640.0,3658.0,43,3657.0,9
rb1805,20170824,20170823,210451500,3657.0,17362,252120,634824100.0,3658.0,41,3657.0,8
rb1805,20170824,20170823,210452000,3657.0,17362,252120,634824100.0,3658.0,42,3657.0,8
rb1805,20170824,20170823,210452500,3658.0,17364,252122,634897260.0,3658.0,46,3657.0,8
rb1805,20170824,20170823,210453000,3657.0,17368,252118,635043540.0,3658.0,46,3657.0,3
rb1805,20170824,20170823,210453500,3658.0,17398,252148,636140940.0,3658.0,31,3657.0,3
rb1805,20170824,20170823,210454000,3657.0,17418,252136,636872360.0,3657.0,44,3656.0,76
rb1805,20170824,20170823,210454500,3657.0,17556,252052,641919020.0,3658.0,31,3657.0,7
rb1805,20170824,20170823,210455000,3657.0,17556,252052,641919020.0,3658.0,31,3657.0,3
rb1805,20170824,20170823,210455500,3657.0,17556,252052,641919020.0,3658.0,31,3657.0,19
rb1805,20170824,20170823,210456000,3657.0,17556,252052,641919020.0,3658.0,31,3657.0,19
rb1805,20170824,20170823,210456500,3658.0,17618,252032,644186980.0,3659.0,536,3658.0,1
rb1805,20170824,20170823,210457000,3658.0,17620,252032,644260140.0,3658.0,1,3657.0,50
rb1805,20170824,20170823,210457500,3658.0,17622,252030,644333300.0,3659.0,537,3657.0,51
rb1805,20170824,20170823,210458000,3658.0,17624,252028,644406460.0,3659.0,537,3657.0,53
rb1805,20170824,20170823,210458500,3657.0,17626,252028,644479600.0,3659.0,537,3657.0,58
rb1805,20170824,20170823,210459000,3657.0,17626,252028,644479600.0,3659.0,537,3658.0,1
rb1805,20170824,20170823,210459500,3657.0,17630,252030,644625900.0,3658.0,15,3657.0,31
rb1805,20170824,20170823,210500000,3657.0,17630,252030,644625900.0,3658.0,19,3657.0,31
rb1805,20170824,20170823,210500500,3658.0,17642,252024,645064860.0,3658.0,12,3657.0,29
rb1805,20170824,20170823,210501000,3658.0,17670,252020,646089100.0,3659.0,537,3658.0,2
rb1805,20170824,20170823,210501500,3659.0,17672,252020,646162280.0,3659.0,538,3658.0,5
rb1805,20170824,20170823,210502000,3659.0,17702,252020,647259980.0,3659.0,523,3658.0,21
rb1805,20170824,20170823,210502500,3658.0,17754,252000,649162140.0,3659.0,523,3658.0,26
rb1805,20170824,20170823,210503000,3659.0,17756,251998,649235320.0,3659.0,522,3658.0,33
rb1805,20170824,20170823,210503500,3659.0,17780,252014,650113300.0,3659.0,519,3658.0,21
rb1805,20170824,20170823,210504000,3658.0,17782,252014,650186460.0,3659.0,519,3658.0,25
rb1805,20170824,20170823,210504500,3658.0,17834,252058,652088620.0,3658.0,32,3657.0,43
rb1805,20170824,20170823,210505000,3658.0,17842,252066,652381260.0,3658.0,29,3657.0,33
rb1805,20170824,20170823,210505500,3657.0,17854,252066,652820100.0,3658.0,38,3657.0,19
rb1805,20170824,20170823,210506000,3658.0,17868,252066,653332220.0,3658.0,33,3657.0,21
rb1805,20170824,20170823,210506500,3657.0,17870,252066,653405360.0,3658.0,33,3657.0,20
rb1805,20170824,20170823,210507000,3657.0,17910,252084,654868160.0,3658.0,33,3656.0,74
rb1805,20170824,20170823,210507500,3657.0,17910,252084,654868160.0,3657.0,3,3656.0,64
rb1805,20170824,20170823,210508000,3656.0,17914,252084,655014400.0,3657.0,8,3656.0,62
rb1805,20170824,20170823,210508500,3657.0,17924,252084,655380100.0,3657.0,7,3656.0,62
rb1805,20170824,20170823,210509000,3657.0,17926,252084,655453240.0,3657.0,6,3656.0,62
rb1805,20170824,20170823,210509500,3657.0,17926,252084,655453240.0,3657.0,6,3656.0,62
rb1805,20170824,20170823,210510000,3656.0,17934,252084,655745720.0,3657.0,12,3656.0,58
rb1805,20170824,20170823,210510500,3656.0,17988,252030,657719960.0,3657.0,9,3656.0,50
rb1805,20170824,20170823,210511000,3656.0,17988,252030,657719960.0,3657.0,9,3656.0,50
rb1805,20170824,20170823,210512000,3656.0,18028,252018,659182360.0,3657.0,7,3656.0,31
rb1805,20170824,20170823,210512500,3656.0,18090,252030,661449080.0,3656.0,19,3655.0,214
rb1805,20170824,20170823,210513000,3656.0,18098,252026,661741560.0,3656.0,25,3655.0,214
rb1805,20170824,20170823,210513500,3656.0,18106,252018,662034040.0,3656.0,21,3655.0,215
rb1805,20170824,20170823,210514000,3656.0,18114,252024,662326460.0,3656.0,20,3655.0,212
rb1805,20170824,20170823,210514500,3655.0,18118,252026,662472680.0,3656.0,20,3655.0,212
rb1805,20170824,20170823,210515000,3655.0,18118,252026,662472680.0,3656.0,20,3655.0,212
rb1805,20170824,20170823,210515500,3656.0,18152,251992,663715720.0,3657.0,14,3656.0,5
rb1805,20170824,20170823,210516000,3656.0,18152,251992,663715720.0,3657.0,8,3656.0,5
rb1805,20170824,20170823,210516500,3655.0,18170,251982,664373780.0,3657.0,6,3656.0,5
rb1805,20170824,20170823,210517000,3657.0,18172,251982,664446920.0,3657.0,6,3656.0,12
rb1805,20170824,20170823,210517500,3656.0,18176,251984,664593160.0,3657.0,3,3656.0,14
rb1805,20170824,20170823,210518000,3657.0,18178,251982,664666300.0,3657.0,2,3656.0,14
rb1805,20170824,20170823,210518500,3657.0,18182,251980,664812580.0,3658.0,47,3656.0,14
rb1805,20170824,20170823,210519000,3657.0,18182,251980,664812580.0,3658.0,53,3656.0,14
rb1805,20170824,20170823,210519500,3656.0,18188,251982,665031940.0,3657.0,2,3656.0,18
rb1805,20170824,20170823,210520000,3657.0,18194,251980,665251360.0,3658.0,35,3657.0,15
rb1805,20170824,20170823,210520500,3657.0,18214,251980,665982760.0,3658.0,35,3657.0,2
rb1805,20170824,20170823,210521000,3657.0,18214,251980,665982760.0,3658.0,37,3657.0,12
rb1805,20170824,20170823,210521500,3656.0,18460,251982,674979660.0,3656.0,415,3655.0,213
rb1805,20170824,20170823,210522000,3657.0,19294,251890,705470740.0,3658.0,4,3657.0,3
rb1805,20170824,20170823,210522500,3657.0,19336,251860,707006680.0,3658.0,7,3657.0,17
rb1805,20170824,20170823,210523000,3657.0,19374,251860,708396340.0,3658.0,7,3657.0,16
rb1805,20170824,20170823,210523500,3656.0,19408,251866,709639700.0,3657.0,47,3656.0,2
rb1805,20170824,20170823,210524000,3657.0,19418,251876,710005400.0,3657.0,37,3656.0,5
rb1805,20170824,20170823,210524500,3657.0,19446,251852,711029360.0,3657.0,1,3656.0,5
rb1805,20170824,20170823,210525000,3656.0,19456,251852,711394960.0,3657.0,1,3655.0,204
rb1805,20170824,20170823,210525500,3656.0,19456,251852,711394960.0,3657.0,10,3655.0,204
rb1805,20170824,20170823,210526000,3658.0,19462,251852,711614400.0,3658.0,13,3656.0,30
rb1805,20170824,20170823,210526500,3656.0,19464,251850,711687520.0,3657.0,15,3656.0,29
rb1805,20170824,20170823,210527000,3656.0,19464,251850,711687520.0,3657.0,15,3656.0,35
rb1805,20170824,20170823,210527500,3656.0,19470,251844,711906880.0,3657.0,15,3656.0,37
rb1805,20170824,20170823,210528000,3656.0,19470,251844,711906880.0,3657.0,15,3656.0,31
rb1805,20170824,20170823,210528500,3657.0,19500,251854,713003980.0,3658.0,26,3657.0,35
rb1805,20170824,20170823,210529000,3657.0,19570,251862,715563880.0,3657.0,70,3656.0,31
rb1805,20170824,20170823,210529500,3656.0,19572,251862,715637000.0,3657.0,87,3656.0,31
rb1805,20170824,20170823,210530000,3656.0,19572,251862,715637000.0,3657.0,87,3656.0,31
rb1805,20170824,20170823,210530500,3657.0,19586,251858,716148880.0,3657.0,85,3656.0,26
rb1805,20170824,20170823,210531000,3656.0,19602,251858,716733840.0,3657.0,85,3656.0,18
rb1805,20170824,20170823,210531500,3656.0,19638,251848,718050000.0,3656.0,25,3655.0,206
rb1805,20170824,20170823,210532000,3656.0,19678,251828,719512400.0,3656.0,4,3655.0,206
rb1805,20170824,20170823,210532500,3656.0,19696,251818,720170480.0,3656.0,3,3655.0,206
rb1805,20170824,20170823,210533000,3656.0,19696,251818,720170480.0,3656.0,3,3655.0,206
rb1805,20170824,20170823,210533500,3656.0,19702,251812,720389840.0,3657.0,35,3655.0,206
rb1805,20170824,20170823,210534000,3656.0,19702,251812,720389840.0,3657.0,35,3655.0,207
rb1805,20170824,20170823,210534500,3657.0,19704,251812,720462980.0,3657.0,34,3655.0,212
rb1805,20170824,20170823,210535500,3657.0,19704,251812,720462980.0,3657.0,31,3655.0,211
rb1805,20170824,20170823,210536000,3657.0,19704,251812,720462980.0,3657.0,31,3655.0,212
rb1805,20170824,20170823,210536500,3657.0,19704,251812,720462980.0,3657.0,31,3655.0,212
rb1805,20170824,20170823,210537000,3657.0,19704,251812,720462980.0,3657.0,31,3655.0,212
rb1805,20170824,20170823,210537500,3657.0,19704,251812,720462980.0,3657.0,31,3656.0,1
rb1805,20170824,20170823,210538000,3657.0,19704,251812,720462980.0,3657.0,31,3656.0,1
rb1805,20170824,20170823,210538500,3657.0,19704,251812,720462980.0,3657.0,31,3656.0,3
rb1805,20170824,20170823,210539000,3657.0,19704,251812,720462980.0,3657.0,31,3656.0,3
rb1805,20170824,20170823,210539500,3657.0,19704,251812,720462980.0,3657.0,31,3656.0,5
rb1805,20170824,20170823,210540000,3657.0,19704,251812,720462980.0,3657.0,32,3656.0,5
rb1805,20170824,20170823,210540500,3657.0,19706,251812,720536120.0,3657.0,25,3656.0,5
rb1805,20170824,20170823,210541500,3657.0,19706,251812,720536120.0,3657.0,26,3656.0,9
rb1805,20170824,20170823,210542000,3657.0,19720,251800,721048100.0,3657.0,19,3656.0,16
rb1805,20170824,20170823,210542500,3656.0,19768,251774,722803440.0,3658.0,41,3656.0,23
rb1805,20170824,20170823,210543000,3656.0,19768,251774,722803440.0,3658.0,32,3657.0,10
rb1805,20170824,20170823,210543500,3656.0,19770,251776,722876560.0,3658.0,34,3657.0,9
rb1805,20170824,20170823,210544000,3656.0,19770,251776,722876560.0,3658.0,34,3657.0,9
rb1805,20170824,20170823,210545500,3656.0,19772,251778,722949680.0,3658.0,49,3657.0,8
rb1805,20170824,20170823,210546000,3656.0,19772,251778,722949680.0,3658.0,49,3657.0,8
rb1805,20170824,20170823,210546500,3657.0,19776,251780,723095960.0,3658.0,49,3657.0,6
rb1805,20170824,20170823,210547000,3657.0,19794,251786,723754220.0,3657.0,5,3656.0,77
rb1805,20170824,20170823,210547500,3657.0,19794,251786,723754220.0,3657.0,19,3656.0,60
rb1805,20170824,20170823,210548000,3657.0,19794,251786,723754220.0,3657.0,22,3656.0,60
rb1805,20170824,20170823,210548500,3657.0,19794,251786,723754220.0,3657.0,22,3656.0,61
rb1805,20170824,20170823,210549000,3657.0,19794,251786,723754220.0,3657.0,22,3656.0,61
rb1805,20170824,20170823,210549500,3657.0,19796,251788,723827360.0,3657.0,17,3656.0,61
rb1805,20170824,20170823,210550000,3656.0,19804,251784,724119880.0,3657.0,15,3656.0,59
rb1805,20170824,20170823,210550500,3657.0,19806,251786,724193020.0,3657.0,6,3656.0,62
rb1805,20170824,20170823,210551000,3657.0,19806,251786,724193020.0,3657.0,6,3656.0,62
rb1805,20170824,20170823,210551500,3657.0,19806,251786,724193020.0,3657.0,6,3656.0,65
rb1805,20170824,20170823,210552000,3657.0,19806,251786,724193020.0,3657.0,11,3656.0,66
rb1805,20170824,20170823,210553000,3657.0,19806,251786,724193020.0,3657.0,11,3656.0,67
rb1805,20170824,20170823,210553500,3657.0,19806,251786,724193020.0,3657.0,11,3656.0,68
rb1805,20170824,20170823,210554000,3657.0,19806,251786,724193020.0,3657.0,11,3656.0,68
rb1805,20170824,20170823,210554500,3657.0,19806,251786,724193020.0,3657.0,15,3656.0,68
rb1805,20170824,20170823,210555000,3657.0,19806,251786,724193020.0,3657.0,15,3656.0,73
rb1805,20170824,20170823,210555500,3657.0,19806,251786,724193020.0,3657.0,17,3656.0,73
rb1805,20170824,20170823,210556000,3657.0,19806,251786,724193020.0,3657.0,16,3656.0,73
rb1805,20170824,20170823,210556500,3657.0,19806,251786,724193020.0,3657.0,17,3656.0,73
rb1805,20170824,20170823,210557000,3657.0,19806,251786,724193020.0,3657.0,14,3656.0,73
rb1805,20170824,20170823,210557500,3656.0,19808,251786,724266140.0,3657.0,14,3656.0,72
rb1805,20170824,20170823,210558500,3657.0,19830,251774,725070660.0,3657.0,4,3656.0,71
rb1805,20170824,20170823,210559000,3657.0,19838,251768,725363220.0,3658.0,51,3657.0,14
rb1805,20170824,20170823,210559500,3657.0,19838,251768,725363220.0,3658.0,51,3657.0,9
rb1805,20170824,20170823,210600000,3657.0,19856,251770,726021480.0,3657.0,43,3656.0,75
rb1805,20170824,20170823,210600500,3657.0,19856,251770,726021480.0,3657.0,43,3656.0,75
rb1805,20170824,20170823,210601500,3657.0,19860,251774,726167760.0,3657.0,42,3656.0,74
rb1805,20170824,20170823,210602500,3657.0,19860,251774,726167760.0,3657.0,42,3656.0,74
rb1805,20170824,20170823,210603500,3657.0,19860,251774,726167760.0,3657.0,42,3656.0,74
rb1805,20170824,20170823,210604000,3657.0,19860,251774,726167760.0,3657.0,42,3656.0,76
rb1805,20170824,20170823,210604500,3657.0,19900,251814,727630560.0,3657.0,22,3656.0,76
rb1805,20170824,20170823,210605000,3656.0,19940,251848,729092960.0,3657.0,52,3656.0,56
rb1805,20170824,20170823,210606000,3657.0,19958,251866,729751220.0,3657.0,43,3656.0,56
rb1805,20170824,20170823,210606500,3657.0,19958,251866,729751220.0,3657.0,43,3656.0,56
rb1805,20170824,20170823,210607000,3657.0,20044,251952,732896240.0,3658.0,44,3657.0,99
rb1805,20170824,20170823,210607500,3657.0,20046,251954,732969380.0,3658.0,47,3657.0,98
rb1805,20170824,20170823,210608000,3657.0,20046,251954,732969380.0,3658.0,47,3657.0,104
rb1805,20170824,20170823,210608500,3657.0,20048,251954,733042520.0,3658.0,47,3657.0,103
rb1805,20170824,20170823,210609000,3657.0,20048,251954,733042520.0,3658.0,47,3657.0,103
rb1805,20170824,20170823,210609500,3657.0,20050,251956,733115660.0,3658.0,47,3657.0,96
rb1805,20170824,20170823,210610000,3657.0,20052,251958,733188800.0,3658.0,47,3657.0,95
rb1805,20170824,20170823,210610500,3657.0,20052,251958,733188800.0,3658.0,47,3657.0,95
rb1805,20170824,20170823,210611000,3658.0,20054,251958,733261960.0,3658.0,46,3657.0,95
rb1805,20170824,20170823,210611500,3657.0,20064,251968,733627660.0,3658.0,45,3657.0,90
rb1805,20170824,20170823,210612000,3657.0,20064,251968,733627660.0,3658.0,45,3657.0,90
rb1805,20170824,20170823,210612500,3657.0,20064,251968,733627660.0,3658.0,29,3657.0,90
rb1805,20170824,20170823,210613000,3657.0,20064,251968,733627660.0,3658.0,29,3657.0,90
rb1805,20170824,20170823,210613500,3658.0,20068,251966,733773980.0,3658.0,27,3657.0,90
rb1805,20170824,20170823,210614000,3657.0,20128,252026,735968180.0,3658.0,27,3657.0,61
rb1805,20170824,20170823,210614500,3657.0,20128,252026,735968180.0,3658.0,32,3657.0,63
rb1805,20170824,20170823,210615000,3657.0,20130,252028,736041320.0,3658.0,32,3657.0,62
rb1805,20170824,20170823,210615500,3657.0,20130,252028,736041320.0,3658.0,31,3657.0,62
rb1805,20170824,20170823,210616000,3658.0,20140,252028,736407080.0,3658.0,28,3657.0,60
rb1805,20170824,20170823,210617500,3658.0,20140,252028,736407080.0,3658.0,30,3657.0,61
rb1805,20170824,20170823,210618000,3658.0,20140,252028,736407080.0,3658.0,30,3657.0,61
rb1805,20170824,20170823,210619000,3658.0,20140,252028,736407080.0,3658.0,31,3657.0,61
rb1805,20170824,20170823,210620000,3658.0,20140,252028,736407080.0,3658.0,31,3657.0,67
rb1805,20170824,20170823,210620500,3659.0,20210,251996,738967680.0,3659.0,535,3658.0,62
rb1805,20170824,20170823,210621000,3658.0,20224,252004,739479920.0,3659.0,529,3658.0,61
rb1805,20170824,20170823,210621500,3659.0,20226,252004,739553100.0,3659.0,513,3658.0,66
rb1805,20170824,20170823,210622000,3659.0,20226,252004,739553100.0,3659.0,517,3658.0,67
rb1805,20170824,20170823,210622500,3659.0,20226,252004,739553100.0,3659.0,524,3658.0,62
rb1805,20170824,20170823,210623000,3659.0,20226,252004,739553100.0,3659.0,524,3658.0,62
rb1805,20170824,20170823,210623500,3659.0,20226,252004,739553100.0,3659.0,524,3658.0,62
rb1805,20170824,20170823,210624000,3659.0,20228,252004,739626280.0,3659.0,523,3658.0,62
rb1805,20170824,20170823,210624500,3659.0,20228,252004,739626280.0,3659.0,523,3658.0,62
rb1805,20170824,20170823,210625000,3659.0,20240,251996,740065320.0,3659.0,519,3658.0,60
rb1805,20170824,20170823,210625500,3659.0,20250,251988,740431220.0,3659.0,507,3658.0,60
rb1805,20170824,20170823,210626000,3659.0,20250,251988,740431220.0,3659.0,507,3658.0,60
rb1805,20170824,20170823,210626500,3659.0,20256,251988,740650760.0,3659.0,504,3658.0,62
rb1805,20170824,20170823,210627000,3659.0,20258,251986,740723940.0,3659.0,504,3658.0,71
rb1805,20170824,20170823,210627500,3659.0,20258,251986,740723940.0,3659.0,504,3658.0,71
rb1805,20170824,20170823,210628000,3659.0,20258,251986,740723940.0,3659.0,504,3658.0,71
rb1805,20170824,20170823,210628500,3658.0,20260,251986,740797100.0,3659.0,504,3658.0,70
rb1805,20170824,20170823,210629000,3659.0,20262,251986,740870280.0,3659.0,503,3658.0,70
rb1805,20170824,20170823,210629500,3659.0,20264,251986,740943460.0,3659.0,502,3658.0,70
rb1805,20170824,20170823,210630000,3659.0,20264,251986,740943460.0,3659.0,502,3658.0,70
rb1805,20170824,20170823,210630500,3659.0,20286,251966,741748240.0,3659.0,501,3658.0,60
rb1805,20170824,20170823,210631000,3658.0,20288,251964,741821400.0,3659.0,501,3658.0,60
rb1805,20170824,20170823,210631500,3658.0,20292,251960,741967720.0,3659.0,501,3658.0,61
rb1805,20170824,20170823,210632000,3658.0,20292,251960,741967720.0,3659.0,501,3658.0,62
rb1805,20170824,20170823,210632500,3659.0,20294,251960,742040900.0,3659.0,500,3658.0,62
rb1805,20170824,20170823,210633000,3659.0,20294,251960,742040900.0,3659.0,500,3658.0,57
rb1805,20170824,20170823,210633500,3659.0,20294,251960,742040900.0,3659.0,500,3658.0,57
rb1805,20170824,20170823,210634000,3659.0,20300,251960,742260440.0,3659.0,497,3658.0,57
rb1805,20170824,20170823,210634500,3659.0,20300,251960,742260440.0,3659.0,497,3658.0,57
rb1805,20170824,20170823,210635000,3659.0,20300,251960,742260440.0,3659.0,498,3658.0,57
rb1805,20170824,20170823,210635500,3659.0,20302,251958,742333620.0,3659.0,498,3658.0,57
rb1805,20170824,20170823,210636000,3659.0,20302,251958,742333620.0,3659.0,498,3658.0,57
rb1805,20170824,20170823,210636500,3659.0,20304,251958,742406800.0,3659.0,504,3658.0,58
rb1805,20170824,20170823,210637500,3658.0,20308,251954,742553120.0,3659.0,504,3658.0,57
rb1805,20170824,20170823,210638000,3658.0,20308,251954,742553120.0,3659.0,497,3658.0,57
rb1805,20170824,20170823,210638500,3658.0,20308,251954,742553120.0,3659.0,497,3658.0,57
rb1805,20170824,20170823,210639000,3658.0,20308,251954,742553120.0,3659.0,497,3658.0,57
rb1805,20170824,20170823,210639500,3658.0,20310,251952,742626280.0,3659.0,497,3658.0,57
rb1805,20170824,20170823,210640000,3659.0,20312,251952,742699460.0,3659.0,496,3658.0,57
rb1805,20170824,20170823,210640500,3658.0,20342,251922,743796860.0,3659.0,496,3658.0,42
rb1805,20170824,20170823,210641000,3659.0,20414,251896,746430640.0,3659.0,495,3658.0,7
rb1805,20170824,20170823,210641500,3659.0,20416,251896,746503820.0,3659.0,494,3658.0,7
rb1805,20170824,20170823,210642000,3658.0,20430,251888,747015940.0,3658.0,4,3657.0,98
rb1805,20170824,20170823,210642500,3658.0,20440,251888,747381740.0,3659.0,494,3658.0,18
rb1805,20170824,20170823,210643000,3658.0,20476,251888,748698620.0,3658.0,7,3657.0,85
rb1805,20170824,20170823,210643500,3658.0,20536,251828,750893820.0,3659.0,470,3658.0,8
rb1805,20170824,20170823,210644000,3658.0,20546,251830,751259620.0,3659.0,470,3658.0,3
rb1805,20170824,20170823,210644500,3658.0,20548,251830,751332780.0,3659.0,473,3658.0,13
rb1805,20170824,20170823,210645000,3659.0,20574,251850,752283880.0,3659.0,472,3658.0,1
rb1805,20170824,20170823,210645500,3658.0,20576,251850,752357040.0,3659.0,472,3658.0,40
rb1805,20170824,20170823,210646000,3659.0,20586,251850,752722880.0,3659.0,471,3658.0,37
rb1805,20170824,20170823,210646500,3658.0,20662,251850,755502960.0,3658.0,13,3657.0,71
rb1805,20170824,20170823,210647000,3658.0,20662,251850,755502960.0,3658.0,13,3657.0,71
rb1805,20170824,20170823,210647500,3658.0,20664,251850,755576120.0,3658.0,12,3657.0,71
rb1805,20170824,20170823,210648000,3658.0,20672,251852,755868760.0,3658.0,8,3657.0,71
rb1805,20170824,20170823,210648500,3658.0,20672,251852,755868760.0,3658.0,9,3657.0,71
rb1805,20170824,20170823,210649000,3658.0,20672,251852,755868760.0,3658.0,9,3657.0,71
rb1805,20170824,20170823,210649500,3658.0,20674,251854,755941920.0,3658.0,8,3657.0,71
rb1805,20170824,20170823,210650000,3658.0,20676,251856,756015080.0,3658.0,8,3657.0,71
rb1805,20170824,20170823,210650500,3658.0,20676,251856,756015080.0,3658.0,11,3657.0,71
rb1805,20170824,20170823,210651000,3658.0,20676,251856,756015080.0,3658.0,14,3657.0,66
rb1805,20170824,20170823,210651500,3658.0,20678,251858,756088240.0,3658.0,25,3657.0,66
rb1805,20170824,20170823,210652000,3657.0,20810,251840,760915480.0,3658.0,32,3656.0,87
rb1805,20170824,20170823,210652500,3657.0,20810,251840,760915480.0,3658.0,32,3656.0,72
rb1805,20170824,20170823,210653000,3658.0,20830,251858,761647080.0,3658.0,31,3656.0,72
rb1805,20170824,20170823,210653500,3658.0,20830,251858,761647080.0,3658.0,36,3656.0,72
rb1805,20170824,20170823,210654000,3658.0,20830,251858,761647080.0,3658.0,36,3656.0,72
rb1805,20170824,20170823,210654500,3658.0,20832,251858,761720240.0,3658.0,36,3657.0,1
rb1805,20170824,20170823,210655000,3657.0,20834,251858,761793380.0,3658.0,33,3656.0,73
rb1805,20170824,20170823,210655500,3657.0,20834,251858,761793380.0,3658.0,35,3656.0,73
rb1805,20170824,20170823,210656500,3656.0,20844,251862,762159040.0,3658.0,36,3656.0,71
rb1805,20170824,20170823,210657000,3656.0,20850,251862,762378400.0,3658.0,39,3656.0,68
rb1805,20170824,20170823,210657500,3656.0,20850,251862,762378400.0,3658.0,39,3656.0,68
rb1805,20170824,20170823,210658000,3656.0,20850,251862,762378400.0,3658.0,46,3656.0,68
rb1805,20170824,20170823,210658500,3656.0,20850,251862,762378400.0,3658.0,46,3656.0,68
rb1805,20170824,20170823,210659000,3656.0,20850,251862,762378400.0,3658.0,47,3656.0,71
rb1805,20170824,20170823,210659500,3656.0,20850,251862,762378400.0,3658.0,47,3656.0,71
rb1805,20170824,20170823,210700000,3656.0,20850,251862,762378400.0,3658.0,49,3656.0,72
rb1805,20170824,20170823,210700500,3656.0,20850,251862,762378400.0,3658.0,49,3657.0,8
rb1805,20170824,20170823,210701000,3657.0,20866,251862,762963520.0,3658.0,46,3656.0,73
rb1805,20170824,20170823,210701500,3657.0,20866,251862,762963520.0,3658.0,43,3656.0,73
rb1805,20170824,20170823,210702000,3657.0,20866,251862,762963520.0,3658.0,35,3656.0,78
rb1805,20170824,20170823,210702500,3657.0,20866,251862,762963520.0,3658.0,28,3657.0,1
rb1805,20170824,20170823,210703000,3656.0,20938,251840,765596700.0,3658.0,7,3656.0,68
rb1805,20170824,20170823,210703500,3656.0,20940,251840,765669820.0,3658.0,11,3657.0,6
rb1805,20170824,20170823,210704000,3657.0,20950,251830,766035520.0,3658.0,33,3657.0,14
rb1805,20170824,20170823,210704500,3658.0,20952,251830,766108680.0,3658.0,33,3657.0,14
rb1805,20170824,20170823,210705000,3658.0,20952,251830,766108680.0,3658.0,33,3657.0,29
rb1805,20170824,20170823,210705500,3658.0,20952,251830,766108680.0,3658.0,33,3657.0,29
rb1805,20170824,20170823,210706000,3658.0,20952,251830,766108680.0,3658.0,32,3657.0,29
rb1805,20170824,20170823,210706500,3658.0,20952,251830,766108680.0,3658.0,32,3657.0,29
rb1805,20170824,20170823,210707000,3658.0,20954,251830,766181840.0,3658.0,31,3657.0,29
rb1805,20170824,20170823,210707500,3658.0,20954,251830,766181840.0,3658.0,31,3657.0,29
rb1805,20170824,20170823,210708000,3658.0,20954,251830,766181840.0,3658.0,31,3657.0,44
rb1805,20170824,20170823,210708500,3658.0,20954,251830,766181840.0,3658.0,31,3657.0,44
rb1805,20170824,20170823,210709000,3658.0,20954,251830,766181840.0,3658.0,30,3657.0,45
rb1805,20170824,20170823,210709500,3658.0,20974,251820,766913440.0,3658.0,20,3657.0,45
rb1805,20170824,20170823,210710000,3658.0,21014,251830,768376640.0,3659.0,677,3657.0,45
rb1805,20170824,20170823,210710500,3657.0,21034,251810,769108040.0,3659.0,679,3657.0,39
rb1805,20170824,20170823,210711000,3657.0,21112,251732,771960500.0,3658.0,17,3656.0,76
rb1805,20170824,20170823,210711500,3657.0,21112,251732,771960500.0,3657.0,10,3656.0,76
rb1805,20170824,20170823,210712000,3657.0,21128,251742,772545620.0,3657.0,2,3656.0,71
rb1805,20170824,20170823,210712500,3657.0,21132,251746,772691900.0,3658.0,23,3656.0,72
rb1805,20170824,20170823,210713000,3657.0,21136,251746,772838180.0,3657.0,3,3656.0,72
rb1805,20170824,20170823,210713500,3657.0,21142,251746,773057600.0,3658.0,37,3656.0,72
rb1805,20170824,20170823,210714000,3657.0,21142,251746,773057600.0,3658.0,40,3656.0,74
rb1805,20170824,20170823,210714500,3656.0,21144,251746,773130720.0,3658.0,41,3656.0,73
rb1805,20170824,20170823,210715000,3656.0,21144,251746,773130720.0,3658.0,38,3656.0,73
rb1805,20170824,20170823,210715500,3656.0,21146,251746,773203840.0,3658.0,38,3656.0,72
rb1805,20170824,20170823,210716000,3656.0,21146,251746,773203840.0,3658.0,39,3656.0,75
rb1805,20170824,20170823,210716500,3656.0,21150,251746,773350120.0,3658.0,38,3656.0,74
rb1805,20170824,20170823,210717000,3656.0,21150,251746,773350120.0,3658.0,35,3656.0,74
rb1805,20170824,20170823,210717500,3658.0,21162,251744,773789080.0,3658.0,29,3656.0,76
rb1805,20170824,20170823,210718000,3658.0,21162,251744,773789080.0,3658.0,29,3656.0,76
rb1805,20170824,20170823,210718500,3658.0,21162,251744,773789080.0,3658.0,29,3656.0,76
rb1805,20170824,20170823,210719000,3658.0,21164,251742,773862240.0,3658.0,28,3657.0,1
rb1805,20170824,20170823,210719500,3657.0,21166,251742,773935380.0,3658.0,28,3656.0,76
rb1805,20170824,20170823,210720000,3658.0,21178,251742,774374340.0,3658.0,34,3656.0,76
rb1805,20170824,20170823,210720500,3658.0,21178,251742,774374340.0,3658.0,34,3656.0,76
rb1805,20170824,20170823,210721500,3658.0,21186,251742,774666940.0,3658.0,31,3656.0,75
rb1805,20170824,20170823,210722000,3658.0,21186,251742,774666940.0,3658.0,29,3657.0,3
rb1805,20170824,20170823,210722500,3656.0,21188,251742,774740060.0,3658.0,22,3656.0,81
rb1805,20170824,20170823,210723000,3656.0,21188,251742,774740060.0,3658.0,22,3657.0,5
rb1805,20170824,20170823,210723500,3656.0,21188,251742,774740060.0,3658.0,37,3657.0,5
rb1805,20170824,20170823,210724000,3657.0,21190,251740,774813200.0,3658.0,22,3657.0,4
rb1805,20170824,20170823,210724500,3657.0,21190,251740,774813200.0,3658.0,22,3657.0,5
rb1805,20170824,20170823,210725000,3657.0,21190,251740,774813200.0,3658.0,22,3657.0,8
rb1805,20170824,20170823,210725500,3657.0,21200,251732,775178900.0,3658.0,19,3657.0,3
rb1805,20170824,20170823,210726000,3657.0,21200,251732,775178900.0,3657.0,1,3656.0,82
rb1805,20170824,20170823,210726500,3657.0,21202,251732,775252040.0,3658.0,22,3657.0,4
rb1805,20170824,20170823,210727000,3657.0,21204,251730,775325180.0,3658.0,22,3657.0,2
rb1805,20170824,20170823,210727500,3657.0,21204,251730,775325180.0,3658.0,22,3657.0,4
rb1805,20170824,20170823,210728000,3657.0,21210,251726,775544620.0,3658.0,18,3657.0,5
rb1805,20170824,20170823,210728500,3657.0,21210,251726,775544620.0,3658.0,18,3657.0,6
rb1805,20170824,20170823,210729000,3657.0,21210,251726,775544620.0,3658.0,19,3657.0,9
rb1805,20170824,20170823,210729500,3657.0,21210,251726,775544620.0,3658.0,20,3657.0,13
rb1805,20170824,20170823,210730000,3657.0,21212,251724,775617760.0,3658.0,20,3657.0,12
rb1805,20170824,20170823,210730500,3658.0,21220,251732,775910400.0,3658.0,17,3657.0,12
rb1805,20170824,20170823,210731000,3657.0,21222,251730,775983540.0,3658.0,17,3657.0,13
rb1805,20170824,20170823,210732000,3658.0,21224,251730,776056700.0,3658.0,16,3657.0,13
rb1805,20170824,20170823,210732500,3658.0,21224,251730,776056700.0,3658.0,16,3657.0,13
rb1805,20170824,20170823,210733500,3657.0,21250,251712,777007520.0,3658.0,43,3656.0,95
rb1805,20170824,20170823,210734000,3657.0,21250,251712,777007520.0,3658.0,43,3656.0,95
rb1805,20170824,20170823,210734500,3658.0,21252,251714,777080680.0,3658.0,45,3656.0,95
rb1805,20170824,20170823,210735000,3658.0,21260,251714,777373320.0,3657.0,1,3656.0,94
rb1805,20170824,20170823,210735500,3657.0,21262,251714,777446460.0,3658.0,41,3657.0,22
rb1805,20170824,20170823,210736000,3657.0,21264,251714,777519600.0,3658.0,41,3657.0,4
rb1805,20170824,20170823,210736500,3658.0,21266,251716,777592760.0,3658.0,40,3657.0,2
rb1805,20170824,20170823,210737000,3657.0,21268,251716,777665900.0,3658.0,40,3657.0,3
rb1805,20170824,20170823,210737500,3657.0,21274,251710,777885320.0,3658.0,41,3656.0,93
rb1805,20170824,20170823,210738000,3658.0,21278,251714,778031640.0,3658.0,42,3656.0,93
rb1805,20170824,20170823,210738500,3658.0,21278,251714,778031640.0,3657.0,30,3656.0,93
rb1805,20170824,20170823,210739000,3658.0,21278,251714,778031640.0,3657.0,30,3656.0,93
rb1805,20170824,20170823,210739500,3657.0,21288,251706,778397340.0,3657.0,25,3656.0,93
rb1805,20170824,20170823,210740000,3657.0,21294,251702,778616740.0,3657.0,23,3656.0,92
rb1805,20170824,20170823,210740500,3657.0,21294,251702,778616740.0,3657.0,23,3656.0,92
rb1805,20170824,20170823,210741000,3657.0,21294,251702,778616740.0,3657.0,23,3656.0,102
rb1805,20170824,20170823,210741500,3657.0,21304,251696,778982440.0,3657.0,18,3656.0,103
rb1805,20170824,20170823,210742000,3657.0,21340,251696,780298960.0,3658.0,40,3657.0,3
rb1805,20170824,20170823,210742500,3658.0,21342,251694,780372120.0,3658.0,39,3657.0,2
rb1805,20170824,20170823,210743000,3658.0,21342,251694,780372120.0,3658.0,42,3657.0,2
rb1805,20170824,20170823,210743500,3657.0,21344,251696,780445260.0,3658.0,42,3657.0,7
rb1805,20170824,20170823,210744000,3657.0,21344,251696,780445260.0,3658.0,46,3657.0,8
rb1805,20170824,20170823,210744500,3657.0,21344,251696,780445260.0,3658.0,49,3657.0,18
rb1805,20170824,20170823,210745000,3657.0,21344,251696,780445260.0,3658.0,49,3657.0,18
rb1805,20170824,20170823,210745500,3657.0,21346,251696,780518400.0,3658.0,49,3657.0,19
rb1805,20170824,20170823,210746000,3657.0,21348,251694,780591540.0,3658.0,46,3657.0,25
rb1805,20170824,20170823,210746500,3657.0,21348,251694,780591540.0,3658.0,46,3657.0,28
rb1805,20170824,20170823,210747000,3657.0,21352,251690,780737820.0,3658.0,46,3657.0,26
rb1805,20170824,20170823,210747500,3657.0,21352,251690,780737820.0,3658.0,46,3657.0,28
rb1805,20170824,20170823,210748000,3657.0,21352,251690,780737820.0,3658.0,46,3657.0,28
rb1805,20170824,20170823,210748500,3658.0,21364,251684,781176780.0,3658.0,36,3657.0,29
rb1805,20170824,20170823,210749000,3658.0,21370,251680,781396260.0,3658.0,33,3657.0,29
rb1805,20170824,20170823,210749500,3658.0,21378,251678,781688900.0,3658.0,29,3657.0,29
rb1805,20170824,20170823,210750000,3658.0,21402,251702,782566820.0,3658.0,17,3657.0,29
rb1805,20170824,20170823,210750500,3658.0,21436,251720,783810540.0,3659.0,681,3658.0,41
rb1805,20170824,20170823,210751000,3658.0,21474,251724,785200920.0,3659.0,657,3658.0,68
rb1805,20170824,20170823,210751500,3659.0,21488,251710,785713180.0,3659.0,650,3658.0,67
rb1805,20170824,20170823,210752000,3659.0,21488,251710,785713180.0,3659.0,650,3658.0,67
rb1805,20170824,20170823,210752500,3659.0,21488,251710,785713180.0,3659.0,650,3658.0,67
rb1805,20170824,20170823,210753000,3658.0,21490,251708,785786340.0,3659.0,650,3658.0,66
rb1805,20170824,20170823,210753500,3658.0,21622,251638,790614900.0,3658.0,2,3657.0,88
rb1805,20170824,20170823,210754000,3658.0,21638,251638,791200180.0,3658.0,17,3657.0,53
rb1805,20170824,20170823,210754500,3658.0,21666,251626,792224420.0,3659.0,657,3658.0,1
rb1805,20170824,20170823,210755000,3658.0,21668,251626,792297580.0,3658.0,3,3657.0,53
rb1805,20170824,20170823,210755500,3658.0,21670,251626,792370740.0,3658.0,2,3657.0,51
rb1805,20170824,20170823,210756000,3658.0,21670,251626,792370740.0,3658.0,10,3657.0,51
rb1805,20170824,20170823,210756500,3658.0,21670,251626,792370740.0,3658.0,10,3657.0,51
rb1805,20170824,20170823,210757000,3658.0,21670,251626,792370740.0,3658.0,16,3657.0,52
rb1805,20170824,20170823,210757500,3658.0,21674,251630,792517060.0,3658.0,11,3657.0,66
rb1805,20170824,20170823,210758000,3658.0,21696,251624,793321820.0,3659.0,657,3658.0,9
rb1805,20170824,20170823,210758500,3659.0,21698,251624,793395000.0,3659.0,649,3658.0,9
rb1805,20170824,20170823,210759000,3659.0,21698,251624,793395000.0,3659.0,649,3658.0,9
rb1805,20170824,20170823,210759500,3658.0,21700,251624,793468160.0,3659.0,649,3658.0,8
rb1805,20170824,20170823,210800000,3658.0,21700,251624,793468160.0,3659.0,649,3658.0,68
rb1805,20170824,20170823,210800500,3658.0,21700,251624,793468160.0,3659.0,649,3658.0,68
rb1805,20170824,20170823,210801000,3658.0,21700,251624,793468160.0,3659.0,649,3658.0,72
rb1805,20170824,20170823,210801500,3658.0,21700,251624,793468160.0,3659.0,649,3658.0,72
rb1805,20170824,20170823,210802000,3658.0,21714,251614,793980300.0,3659.0,648,3658.0,66
rb1805,20170824,20170823,210802500,3658.0,21714,251614,793980300.0,3659.0,648,3658.0,66
rb1805,20170824,20170823,210803000,3659.0,21718,251616,794126640.0,3659.0,647,3658.0,65
rb1805,20170824,20170823,210804000,3659.0,21718,251616,794126640.0,3659.0,647,3658.0,66
rb1805,20170824,20170823,210804500,3659.0,21718,251616,794126640.0,3659.0,647,3658.0,81
rb1805,20170824,20170823,210805000,3659.0,21756,251612,795517060.0,3659.0,626,3658.0,91
rb1805,20170824,20170823,210805500,3659.0,21758,251612,795590240.0,3659.0,635,3658.0,91
rb1805,20170824,20170823,210806000,3659.0,21792,251580,796834300.0,3659.0,618,3658.0,95
rb1805,20170824,20170823,210806500,3659.0,21810,251580,797492920.0,3659.0,609,3658.0,97
rb1805,20170824,20170823,210807000,3659.0,21812,251580,797566100.0,3659.0,607,3658.0,97
rb1805,20170824,20170823,210807500,3659.0,21844,251580,798736980.0,3659.0,591,3658.0,97
rb1805,20170824,20170823,210808000,3658.0,21846,251582,798810140.0,3659.0,591,3658.0,97
rb1805,20170824,20170823,210808500,3658.0,21846,251582,798810140.0,3659.0,593,3658.0,97
rb1805,20170824,20170823,210809000,3658.0,21846,251582,798810140.0,3659.0,593,3658.0,83
rb1805,20170824,20170823,210809500,3658.0,21846,251582,798810140.0,3659.0,592,3658.0,83
rb1805,20170824,20170823,210810000,3658.0,21846,251582,798810140.0,3659.0,592,3658.0,83
rb1805,20170824,20170823,210810500,3659.0,21848,251582,798883320.0,3659.0,591,3658.0,85
rb1805,20170824,20170823,210811000,3659.0,21876,251568,799907840.0,3659.0,577,3658.0,105
rb1805,20170824,20170823,210811500,3659.0,21890,251568,800420100.0,3659.0,570,3658.0,130
rb1805,20170824,20170823,210812000,3659.0,21958,251542,802908220.0,3659.0,537,3658.0,130
rb1805,20170824,20170823,210812500,3659.0,21960,251542,802981400.0,3659.0,536,3658.0,105
rb1805,20170824,20170823,210813000,3659.0,21968,251536,803274120.0,3659.0,532,3658.0,106
rb1805,20170824,20170823,210813500,3659.0,21970,251536,803347300.0,3659.0,531,3658.0,101
rb1805,20170824,20170823,210814000,3659.0,21970,251536,803347300.0,3659.0,531,3658.0,111
rb1805,20170824,20170823,210814500,3659.0,21970,251536,803347300.0,3659.0,531,3658.0,111
rb1805,20170824,20170823,210815000,3659.0,21970,251536,803347300.0,3659.0,532,3658.0,111
rb1805,20170824,20170823,210815500,3659.0,21972,251536,803420480.0,3659.0,531,3658.0,111
rb1805,20170824,20170823,210816000,3659.0,21992,251536,804152280.0,3659.0,521,3658.0,105
rb1805,20170824,20170823,210816500,3659.0,21992,251536,804152280.0,3659.0,521,3658.0,106
rb1805,20170824,20170823,210817000,3659.0,22032,251536,805615880.0,3659.0,501,3658.0,111
rb1805,20170824,20170823,210817500,3659.0,22034,251536,805689060.0,3659.0,500,3658.0,120
rb1805,20170824,20170823,210818000,3659.0,22038,251532,805835420.0,3659.0,498,3658.0,210
rb1805,20170824,20170823,210818500,3658.0,22048,251532,806201220.0,3659.0,498,3658.0,210
rb1805,20170824,20170823,210819000,3658.0,22050,251534,806274380.0,3659.0,498,3658.0,209
rb1805,20170824,20170823,210819500,3659.0,22054,251532,806420740.0,3659.0,496,3658.0,204
rb1805,20170824,20170823,210820000,3659.0,22368,251252,817910000.0,3659.0,339,3658.0,210
rb1805,20170824,20170823,210820500,3659.0,22370,251252,817983180.0,3659.0,338,3658.0,210
rb1805,20170824,20170823,210821000,3659.0,22370,251252,817983180.0,3659.0,338,3658.0,206
rb1805,20170824,20170823,210821500,3659.0,22378,251248,818275900.0,3659.0,334,3658.0,207
rb1805,20170824,20170823,210822000,3659.0,22378,251248,818275900.0,3659.0,335,3658.0,207
rb1805,20170824,20170823,210822500,3659.0,22378,251248,818275900.0,3659.0,335,3658.0,207
rb1805,20170824,20170823,210823000,3659.0,22380,251248,818349080.0,3659.0,334,3658.0,207
rb1805,20170824,20170823,210823500,3659.0,22380,251248,818349080.0,3659.0,334,3658.0,192
rb1805,20170824,20170823,210824000,3659.0,22410,251248,819446680.0,3659.0,324,3658.0,183
rb1805,20170824,20170823,210824500,3659.0,22426,251248,820032120.0,3659.0,316,3658.0,183
rb1805,20170824,20170823,210825000,3659.0,22428,251248,820105300.0,3659.0,315,3658.0,183
rb1805,20170824,20170823,210825500,3658.0,22430,251248,820178460.0,3659.0,315,3658.0,182
rb1805,20170824,20170823,210826000,3659.0,22432,251246,820251640.0,3659.0,314,3658.0,187
rb1805,20170824,20170823,210826500,3659.0,22432,251246,820251640.0,3659.0,315,3658.0,187
rb1805,20170824,20170823,210827000,3659.0,22434,251246,820324820.0,3659.0,314,3658.0,187
rb1805,20170824,20170823,210827500,3659.0,22436,251246,820398000.0,3659.0,313,3658.0,187
rb1805,20170824,20170823,210828000,3659.0,22444,251246,820690720.0,3659.0,309,3658.0,187
rb1805,20170824,20170823,210828500,3659.0,22444,251246,820690720.0,3659.0,310,3658.0,186
rb1805,20170824,20170823,210829000,3659.0,22446,251244,820763900.0,3659.0,309,3658.0,186
rb1805,20170824,20170823,210830000,3659.0,22448,251244,820837080.0,3659.0,308,3658.0,186
rb1805,20170824,20170823,210830500,3658.0,22480,251244,822007640.0,3659.0,308,3658.0,183
rb1805,20170824,20170823,210831000,3658.0,22480,251244,822007640.0,3659.0,308,3658.0,183
rb1805,20170824,20170823,210831500,3659.0,22484,251244,822154000.0,3659.0,306,3658.0,183
rb1805,20170824,20170823,210832000,3659.0,22484,251244,822154000.0,3659.0,306,3658.0,183
rb1805,20170824,20170823,210832500,3659.0,22486,251244,822227180.0,3659.0,305,3658.0,181
rb1805,20170824,20170823,210833000,3659.0,22486,251244,822227180.0,3659.0,305,3658.0,181
rb1805,20170824,20170823,210833500,3659.0,22486,251244,822227180.0,3659.0,305,3658.0,181
rb1805,20170824,20170823,210834000,3659.0,22488,251242,822300360.0,3659.0,306,3658.0,196
rb1805,20170824,20170823,210834500,3659.0,22488,251242,822300360.0,3659.0,307,3658.0,181
rb1805,20170824,20170823,210835000,3659.0,22488,251242,822300360.0,3659.0,307,3658.0,196
rb1805,20170824,20170823,210835500,3659.0,22490,251242,822373540.0,3659.0,306,3658.0,196
rb1805,20170824,20170823,210836000,3659.0,22490,251242,822373540.0,3659.0,306,3658.0,196
rb1805,20170824,20170823,210836500,3658.0,22690,251216,829689540.0,3659.0,308,3658.0,96
rb1805,20170824,20170823,210837500,3658.0,22692,251218,829762700.0,3659.0,308,3658.0,100
rb1805,20170824,20170823,210838000,3658.0,22694,251220,829835860.0,3659.0,306,3658.0,94
rb1805,20170824,20170823,210838500,3658.0,22694,251220,829835860.0,3659.0,307,3658.0,95
rb1805,20170824,20170823,210839000,3658.0,22694,251220,829835860.0,3659.0,307,3658.0,95
rb1805,20170824,20170823,210839500,3658.0,22696,251222,829909020.0,3659.0,307,3658.0,94
rb1805,20170824,20170823,210840000,3658.0,22698,251224,829982180.0,3659.0,307,3658.0,93
rb1805,20170824,20170823,210840500,3658.0,22698,251224,829982180.0,3659.0,307,3658.0,94
rb1805,20170824,20170823,210841000,3658.0,22698,251224,829982180.0,3659.0,314,3658.0,94
rb1805,20170824,20170823,210841500,3658.0,22886,251336,836859220.0,3658.0,80,3657.0,47
rb1805,20170824,20170823,210842000,3657.0,22890,251334,837005500.0,3658.0,87,3657.0,30
rb1805,20170824,20170823,210842500,3657.0,22922,251338,838175740.0,3658.0,29,3657.0,19
rb1805,20170824,20170823,210843000,3658.0,22964,251328,839711700.0,3658.0,40,3656.0,149
rb1805,20170824,20170823,210843500,3656.0,22988,251352,840589140.0,3657.0,8,3656.0,142
rb1805,20170824,20170823,210844000,3656.0,22988,251352,840589140.0,3657.0,15,3656.0,151
rb1805,20170824,20170823,210844500,3657.0,22990,251354,840662280.0,3657.0,15,3656.0,151
rb1805,20170824,20170823,210845000,3657.0,22992,251356,840735420.0,3657.0,8,3656.0,151
rb1805,20170824,20170823,210845500,3657.0,22992,251356,840735420.0,3657.0,8,3656.0,151
rb1805,20170824,20170823,210846000,3657.0,22994,251358,840808560.0,3657.0,7,3656.0,151
rb1805,20170824,20170823,210846500,3657.0,23008,251360,841320540.0,3658.0,91,3657.0,3
rb1805,20170824,20170823,210847000,3657.0,23014,251360,841539960.0,3658.0,91,3656.0,152
rb1805,20170824,20170823,210847500,3658.0,23016,251360,841613120.0,3658.0,90,3656.0,152
rb1805,20170824,20170823,210848000,3658.0,23016,251360,841613120.0,3658.0,90,3656.0,152
rb1805,20170824,20170823,210848500,3657.0,23020,251360,841759400.0,3658.0,91,3657.0,8
rb1805,20170824,20170823,210849000,3657.0,23030,251350,842125100.0,3658.0,95,3657.0,4
rb1805,20170824,20170823,210849500,3657.0,23030,251350,842125100.0,3658.0,111,3657.0,17
rb1805,20170824,20170823,210850000,3657.0,23034,251348,842271380.0,3658.0,113,3657.0,15
rb1805,20170824,20170823,210850500,3657.0,23066,251350,843441620.0,3658.0,113,3657.0,4
rb1805,20170824,20170823,210851000,3657.0,23074,251356,843734180.0,3658.0,113,3656.0,154
rb1805,20170824,20170823,210851500,3657.0,23074,251356,843734180.0,3658.0,113,3657.0,1
rb1805,20170824,20170823,210852000,3657.0,23076,251358,843807320.0,3658.0,115,3656.0,154
rb1805,20170824,20170823,210852500,3657.0,23076,251358,843807320.0,3658.0,130,3656.0,154
rb1805,20170824,20170823,210853000,3657.0,23080,251356,843953600.0,3657.0,7,3656.0,155
rb1805,20170824,20170823,210853500,3657.0,23080,251356,843953600.0,3657.0,7,3656.0,150
rb1805,20170824,20170823,210854000,3657.0,23082,251356,844026740.0,3657.0,21,3656.0,149
rb1805,20170824,20170823,210854500,3657.0,23082,251356,844026740.0,3657.0,25,3656.0,149
rb1805,20170824,20170823,210855000,3657.0,23082,251356,844026740.0,3657.0,31,3656.0,149
rb1805,20170824,20170823,210855500,3657.0,23084,251356,844099880.0,3657.0,30,3656.0,149
rb1805,20170824,20170823,210856000,3656.0,23086,251358,844173000.0,3657.0,24,3656.0,148
rb1805,20170824,20170823,210856500,3656.0,23086,251358,844173000.0,3657.0,24,3656.0,148
rb1805,20170824,20170823,210857000,3657.0,23088,251358,844246140.0,3657.0,64,3656.0,148
rb1805,20170824,20170823,210857500,3656.0,23092,251360,844392380.0,3657.0,64,3656.0,146
rb1805,20170824,20170823,210858000,3657.0,23094,251360,844465520.0,3657.0,63,3656.0,146
rb1805,20170824,20170823,210858500,3656.0,23130,251390,845781680.0,3657.0,71,3656.0,128
rb1805,20170824,20170823,210859000,3656.0,23134,251386,845927920.0,3657.0,73,3656.0,123
rb1805,20170824,20170823,210859500,3656.0,23136,251386,846001040.0,3657.0,77,3656.0,122
rb1805,20170824,20170823,210900000,3656.0,23140,251386,846147300.0,3657.0,76,3656.0,122
rb1805,20170824,20170823,210900500,3656.0,23344,251450,853605560.0,3657.0,78,3656.0,21
rb1805,20170824,20170823,210901000,3656.0,23390,251476,855287320.0,3656.0,28,3655.0,192
rb1805,20170824,20170823,210901500,3655.0,23392,251478,855360420.0,3656.0,27,3655.0,186
rb1805,20170824,20170823,210902000,3655.0,23400,251480,855652820.0,3656.0,31,3655.0,182
rb1805,20170824,20170823,210902500,3656.0,23420,251480,856384020.0,3656.0,20,3655.0,182
rb1805,20170824,20170823,210903000,3656.0,23420,251480,856384020.0,3656.0,18,3655.0,182
rb1805,20170824,20170823,210903500,3656.0,23420,251480,856384020.0,3656.0,19,3655.0,182
rb1805,20170824,20170823,210904000,3655.0,23422,251482,856457120.0,3656.0,23,3655.0,182
rb1805,20170824,20170823,210904500,3655.0,23424,251484,856530220.0,3656.0,26,3655.0,182
rb1805,20170824,20170823,210905000,3655.0,23456,251500,857699820.0,3656.0,29,3655.0,166
rb1805,20170824,20170823,210905500,3656.0,23464,251508,857992300.0,3656.0,24,3655.0,166
rb1805,20170824,20170823,210906000,3656.0,23464,251508,857992300.0,3656.0,21,3655.0,167
rb1805,20170824,20170823,210906500,3655.0,23486,251510,858796400.0,3656.0,18,3655.0,157
rb1805,20170824,20170823,210907000,3656.0,23488,251510,858869520.0,3656.0,18,3655.0,157
rb1805,20170824,20170823,210907500,3656.0,23524,251510,860185680.0,3657.0,75,3655.0,157
rb1805,20170824,20170823,210908000,3656.0,23548,251488,861063120.0,3657.0,65,3656.0,53
rb1805,20170824,20170823,210908500,3656.0,23560,251480,861501840.0,3657.0,68,3656.0,47
rb1805,20170824,20170823,210909000,3657.0,23698,251522,866548500.0,3658.0,61,3657.0,28
rb1805,20170824,20170823,210909500,3657.0,23700,251524,866621640.0,3658.0,48,3657.0,34
rb1805,20170824,20170823,210910000,3658.0,23802,251532,870352800.0,3659.0,322,3658.0,61
rb1805,20170824,20170823,210910500,3659.0,23890,251492,873572720.0,3659.0,267,3658.0,31
rb1805,20170824,20170823,210911000,3659.0,24008,251442,877890340.0,3659.0,208,3658.0,41
rb1805,20170824,20170823,210911500,3659.0,24112,251406,881695700.0,3659.0,156,3658.0,42
rb1805,20170824,20170823,210912000,3658.0,24122,251400,882061580.0,3659.0,150,3658.0,56
rb1805,20170824,20170823,210912500,3659.0,24152,251398,883159280.0,3659.0,135,3658.0,61
rb1805,20170824,20170823,210913000,3659.0,24422,251150,893038580.0,3660.0,173,3658.0,68
rb1805,20170824,20170823,210913500,3659.0,24422,251150,893038580.0,3660.0,173,3659.0,87
rb1805,20170824,20170823,210914000,3659.0,24422,251150,893038580.0,3660.0,173,3659.0,90
rb1805,20170824,20170823,210914500,3660.0,24442,251134,893770580.0,3660.0,163,3659.0,105
rb1805,20170824,20170823,210915000,3660.0,24456,251128,894282980.0,3660.0,156,3659.0,106
rb1805,20170824,20170823,210915500,3660.0,24482,251116,895234560.0,3660.0,144,3659.0,105
rb1805,20170824,20170823,210916000,3660.0,24486,251112,895380960.0,3660.0,142,3659.0,155
rb1805,20170824,20170823,210916500,3660.0,24486,251112,895380960.0,3660.0,142,3659.0,156
rb1805,20170824,20170823,210917000,3660.0,24488,251110,895454160.0,3660.0,141,3659.0,153
rb1805,20170824,20170823,210917500,3659.0,24492,251106,895600520.0,3660.0,141,3659.0,151
rb1805,20170824,20170823,210918000,3659.0,24512,251086,896332320.0,3660.0,141,3659.0,143
rb1805,20170824,20170823,210918500,3660.0,24692,250922,902918540.0,3660.0,140,3659.0,54
rb1805,20170824,20170823,210919000,3659.0,24800,251000,906870260.0,3659.0,13,3658.0,42
rb1805,20170824,20170823,210919500,3660.0,24888,250918,910090680.0,3660.0,115,3658.0,34
rb1805,20170824,20170823,210920000,3660.0,24888,250918,910090680.0,3659.0,1,3658.0,11
rb1805,20170824,20170823,210920500,3660.0,24888,250918,910090680.0,3659.0,13,3658.0,12
rb1805,20170824,20170823,210921000,3658.0,24898,250908,910456480.0,3659.0,21,3658.0,7
rb1805,20170824,20170823,210921500,3658.0,24914,250914,911041760.0,3658.0,32,3657.0,16
rb1805,20170824,20170823,210922000,3657.0,24946,250926,912212000.0,3658.0,17,3656.0,15
rb1805,20170824,20170823,210922500,3658.0,24948,250928,912285160.0,3658.0,25,3656.0,25
rb1805,20170824,20170823,210923000,3658.0,24948,250928,912285160.0,3658.0,25,3656.0,26
rb1805,20170824,20170823,210923500,3658.0,24948,250928,912285160.0,3658.0,25,3656.0,26
rb1805,20170824,20170823,210924000,3658.0,24948,250928,912285160.0,3658.0,25,3656.0,27
rb1805,20170824,20170823,210924500,3658.0,24948,250928,912285160.0,3657.0,1,3656.0,34
rb1805,20170824,20170823,210925000,3657.0,24950,250930,912358300.0,3658.0,22,3657.0,80
rb1805,20170824,20170823,210925500,3657.0,24950,250930,912358300.0,3658.0,13,3657.0,68
rb1805,20170824,20170823,210926000,3658.0,24976,250930,913309380.0,3659.0,40,3658.0,62
rb1805,20170824,20170823,210926500,3658.0,24976,250930,913309380.0,3659.0,28,3658.0,58
rb1805,20170824,20170823,210927000,3658.0,24976,250930,913309380.0,3659.0,25,3658.0,59
rb1805,20170824,20170823,210927500,3659.0,25024,250900,915065700.0,3660.0,133,3659.0,7
rb1805,20170824,20170823,210928000,3659.0,25026,250898,915138880.0,3660.0,133,3659.0,6
rb1805,20170824,20170823,210928500,3659.0,25038,250886,915577960.0,3659.0,4,3658.0,28
rb1805,20170824,20170823,210929000,3658.0,25040,250888,915651120.0,3659.0,4,3658.0,27
rb1805,20170824,20170823,210929500,3658.0,25040,250888,915651120.0,3659.0,4,3658.0,30
rb1805,20170824,20170823,210930000,3658.0,25040,250888,915651120.0,3659.0,4,3658.0,30
rb1805,20170824,20170823,210930500,3659.0,25042,250888,915724300.0,3659.0,6,3658.0,30
rb1805,20170824,20170823,210931000,3659.0,25042,250888,915724300.0,3659.0,9,3658.0,30
rb1805,20170824,20170823,210931500,3659.0,25044,250888,915797480.0,3659.0,8,3658.0,30
rb1805,20170824,20170823,210932000,3659.0,25060,250884,916382920.0,3660.0,144,3658.0,30
rb1805,20170824,20170823,210932500,3659.0,25060,250884,916382920.0,3660.0,145,3658.0,30
rb1805,20170824,20170823,210933500,3659.0,25060,250884,916382920.0,3660.0,145,3658.0,29
rb1805,20170824,20170823,210934000,3659.0,25060,250884,916382920.0,3660.0,146,3658.0,29
rb1805,20170824,20170823,210934500,3659.0,25060,250884,916382920.0,3659.0,1,3658.0,31
rb1805,20170824,20170823,210935000,3659.0,25060,250884,916382920.0,3659.0,1,3658.0,31
rb1805,20170824,20170823,210935500,3659.0,25062,250886,916456100.0,3659.0,5,3658.0,31
rb1805,20170824,20170823,210936000,3658.0,25088,250912,917407400.0,3659.0,10,3658.0,30
rb1805,20170824,20170823,210936500,3658.0,25090,250912,917480560.0,3659.0,2,3658.0,26
rb1805,20170824,20170823,210937000,3658.0,25090,250912,917480560.0,3659.0,2,3658.0,26
rb1805,20170824,20170823,210937500,3659.0,25092,250912,917553740.0,3659.0,3,3658.0,29
rb1805,20170824,20170823,210938000,3659.0,25096,250916,917700080.0,3659.0,4,3658.0,28
rb1805,20170824,20170823,210938500,3659.0,25096,250916,917700080.0,3659.0,5,3658.0,28
rb1805,20170824,20170823,210939000,3658.0,25100,250920,917846400.0,3659.0,6,3658.0,26
rb1805,20170824,20170823,210940000,3658.0,25100,250920,917846400.0,3659.0,6,3658.0,27
rb1805,20170824,20170823,210940500,3658.0,25150,250966,919675400.0,3658.0,7,3657.0,58
rb1805,20170824,20170823,210941000,3658.0,25164,250974,920187520.0,3659.0,7,3658.0,14
rb1805,20170824,20170823,210941500,3658.0,25164,250974,920187520.0,3659.0,7,3658.0,19
rb1805,20170824,20170823,210942000,3659.0,25166,250974,920260700.0,3659.0,7,3658.0,22
rb1805,20170824,20170823,210942500,3659.0,25166,250974,920260700.0,3659.0,9,3658.0,23
rb1805,20170824,20170823,210944000,3659.0,25166,250974,920260700.0,3659.0,11,3658.0,23
rb1805,20170824,20170823,210944500,3658.0,25170,250974,920407020.0,3659.0,11,3658.0,21
rb1805,20170824,20170823,210945000,3658.0,25170,250974,920407020.0,3659.0,11,3658.0,21
rb1805,20170824,20170823,210945500,3659.0,25172,250974,920480200.0,3659.0,13,3658.0,34
rb1805,20170824,20170823,210946000,3659.0,25172,250974,920480200.0,3659.0,11,3658.0,34
rb1805,20170824,20170823,210946500,3659.0,25194,250960,921285180.0,3660.0,134,3659.0,14
rb1805,20170824,20170823,210947000,3659.0,25194,250960,921285180.0,3660.0,135,3659.0,15
rb1805,20170824,20170823,210947500,3659.0,25194,250960,921285180.0,3660.0,133,3659.0,15
rb1805,20170824,20170823,210948000,3659.0,25194,250960,921285180.0,3660.0,133,3659.0,16
rb1805,20170824,20170823,210948500,3659.0,25196,250958,921358360.0,3660.0,133,3659.0,17
rb1805,20170824,20170823,210949000,3659.0,25196,250958,921358360.0,3660.0,133,3659.0,17
rb1805,20170824,20170823,210949500,3660.0,25198,250958,921431560.0,3660.0,132,3659.0,18
