instrument,tradingday,calendarday,time,lastp,volume,openinterest,turnover,ask1,asksz1,bid1,bidsz1
rb1805,20171019,20171018,183548500,3611.0,0,724588,0.0,0.0,0,0.0,0
rb1805,20171019,20171018,205900500,3607.0,646,724780,23301220.0,3607.0,129,3606.0,101
rb1805,20171019,20171018,210000500,3607.0,1132,724994,40832060.0,3609.0,37,3607.0,325
rb1805,20171019,20171018,210001000,3606.0,2372,724774,85558580.0,3607.0,1,3606.0,49
rb1805,20171019,20171018,210001500,3606.0,2910,724874,104957620.0,3606.0,203,3603.0,36
rb1805,20171019,20171018,210002000,3605.0,3332,724864,120164980.0,3605.0,49,3603.0,10
rb1805,20171019,20171018,210002500,3605.0,4274,725162,154101760.0,3606.0,243,3605.0,3
rb1805,20171019,20171018,210003000,3605.0,4572,725180,164844280.0,3605.0,35,3603.0,9
rb1805,20171019,20171018,210003500,3605.0,4692,725162,169169320.0,3605.0,53,3604.0,1
rb1805,20171019,20171018,210004000,3606.0,4866,725158,175442540.0,3606.0,181,3605.0,29
rb1805,20171019,20171018,210004500,3605.0,5034,725156,181499940.0,3606.0,126,3605.0,23
rb1805,20171019,20171018,210005000,3605.0,5466,725414,197071340.0,3604.0,1,3603.0,22
rb1805,20171019,20171018,210005500,3604.0,5684,725440,204926980.0,3605.0,35,3604.0,20
rb1805,20171019,20171018,210006000,3604.0,6094,725580,219697460.0,3604.0,54,3601.0,96
rb1805,20171019,20171018,210006500,3602.0,6416,725700,231292380.0,3601.0,3,3600.0,378
rb1805,20171019,20171018,210007000,3599.0,7520,725902,271041040.0,3601.0,66,3599.0,226
rb1805,20171019,20171018,210007500,3596.0,9008,725580,324558060.0,3596.0,8,3590.0,35
rb1805,20171019,20171018,210008000,3595.0,10198,725916,367350380.0,3596.0,4,3595.0,9
rb1805,20171019,20171018,210008500,3599.0,10650,725710,383606220.0,3599.0,89,3597.0,1
rb1805,20171019,20171018,210009000,3599.0,11018,725818,396846460.0,3599.0,50,3598.0,17
rb1805,20171019,20171018,210009500,3597.0,11310,725792,407349980.0,3597.0,40,3596.0,115
rb1805,20171019,20171018,210010000,3597.0,12270,726002,441896800.0,3601.0,119,3597.0,41
rb1805,20171019,20171018,210010500,3597.0,12830,726136,462044700.0,3598.0,1,3597.0,18
rb1805,20171019,20171018,210011000,3597.0,13206,726004,475568720.0,3597.0,33,3596.0,41
rb1805,20171019,20171018,210011500,3597.0,13434,726110,483768260.0,3598.0,30,3597.0,24
rb1805,20171019,20171018,210012000,3598.0,13600,726100,489738080.0,3598.0,27,3595.0,57
rb1805,20171019,20171018,210012500,3597.0,13654,726072,491680480.0,3598.0,38,3596.0,10
rb1805,20171019,20171018,210013000,3597.0,13716,726064,493910660.0,3598.0,21,3596.0,6
rb1805,20171019,20171018,210013500,3596.0,13788,726094,496500480.0,3596.0,19,3595.0,65
rb1805,20171019,20171018,210014000,3598.0,13888,726072,500097500.0,3599.0,12,3597.0,3
rb1805,20171019,20171018,210014500,3599.0,13984,726064,503550900.0,3600.0,15,3599.0,6
rb1805,20171019,20171018,210015000,3598.0,14120,726080,508443500.0,3598.0,1,3597.0,4
rb1805,20171019,20171018,210015500,3597.0,14278,725984,514127240.0,3598.0,10,3597.0,47
rb1805,20171019,20171018,210016000,3597.0,14462,726050,520745740.0,3598.0,18,3597.0,1
rb1805,20171019,20171018,210016500,3597.0,14554,726050,524055720.0,3599.0,178,3596.0,55
rb1805,20171019,20171018,210017000,3599.0,14678,726010,528517180.0,3599.0,167,3598.0,14
rb1805,20171019,20171018,210017500,3598.0,14688,726020,528876980.0,3599.0,186,3598.0,20
rb1805,20171019,20171018,210018000,3598.0,14700,726028,529308780.0,3599.0,184,3598.0,38
rb1805,20171019,20171018,210018500,3599.0,14776,726026,532043420.0,3599.0,190,3598.0,21
rb1805,20171019,20171018,210019000,3598.0,14878,726044,535712980.0,3598.0,17,3597.0,16
rb1805,20171019,20171018,210019500,3597.0,14932,726086,537655380.0,3597.0,17,3596.0,58
rb1805,20171019,20171018,210020000,3597.0,15002,726070,540173000.0,3597.0,4,3596.0,41
rb1805,20171019,20171018,210020500,3596.0,15152,726156,545567580.0,3598.0,50,3597.0,1
rb1805,20171019,20171018,210021000,3598.0,15174,726174,546358780.0,3598.0,80,3596.0,4
rb1805,20171019,20171018,210021500,3597.0,15204,726190,547437880.0,3598.0,84,3597.0,3
rb1805,20171019,20171018,210022000,3597.0,15242,726200,548804840.0,3598.0,92,3597.0,14
rb1805,20171019,20171018,210022500,3597.0,15326,726180,551826180.0,3597.0,4,3596.0,14
rb1805,20171019,20171018,210023000,3597.0,15450,726126,556286560.0,3598.0,87,3597.0,25
rb1805,20171019,20171018,210023500,3597.0,15526,726128,559020260.0,3597.0,29,3596.0,18
rb1805,20171019,20171018,210024000,3597.0,15654,726116,563623420.0,3597.0,40,3595.0,30
rb1805,20171019,20171018,210024500,3598.0,15754,726166,567220580.0,3598.0,52,3597.0,9
rb1805,20171019,20171018,210025000,3597.0,15870,726144,571392960.0,3598.0,71,3597.0,10
rb1805,20171019,20171018,210025500,3598.0,16020,726238,576788940.0,3598.0,41,3597.0,21
rb1805,20171019,20171018,210026000,3597.0,16140,726280,581106240.0,3599.0,147,3597.0,23
rb1805,20171019,20171018,210026500,3598.0,16258,726292,585352720.0,3599.0,106,3598.0,1
rb1805,20171019,20171018,210027000,3597.0,16324,726280,587726840.0,3598.0,19,3597.0,48
rb1805,20171019,20171018,210027500,3597.0,16380,726272,589741560.0,3599.0,106,3598.0,1
rb1805,20171019,20171018,210028000,3599.0,16390,726268,590101320.0,3599.0,106,3598.0,108
rb1805,20171019,20171018,210028500,3599.0,16432,726268,591612820.0,3599.0,93,3598.0,90
rb1805,20171019,20171018,210029000,3598.0,16670,726178,600178200.0,3600.0,55,3599.0,1
rb1805,20171019,20171018,210029500,3598.0,16768,726262,603704880.0,3599.0,4,3598.0,70
rb1805,20171019,20171018,210030000,3599.0,16866,726236,607232660.0,3600.0,28,3599.0,2
rb1805,20171019,20171018,210030500,3598.0,16910,726238,608816360.0,3600.0,24,3598.0,102
rb1805,20171019,20171018,210031000,3598.0,16926,726246,609392120.0,3599.0,26,3598.0,98
rb1805,20171019,20171018,210031500,3600.0,17010,726224,612415480.0,3600.0,14,3599.0,18
rb1805,20171019,20171018,210032000,3600.0,17096,726250,615510980.0,3601.0,166,3599.0,18
rb1805,20171019,20171018,210032500,3601.0,17168,726304,618102300.0,3601.0,186,3600.0,1
rb1805,20171019,20171018,210033000,3599.0,17262,726326,621485400.0,3599.0,18,3598.0,79
rb1805,20171019,20171018,210033500,3601.0,17334,726344,624077100.0,3601.0,173,3600.0,6
rb1805,20171019,20171018,210034000,3598.0,17478,726390,629260240.0,3599.0,10,3598.0,91
rb1805,20171019,20171018,210034500,3599.0,17556,726374,632067540.0,3599.0,3,3598.0,96
rb1805,20171019,20171018,210035000,3599.0,17662,726336,635882880.0,3600.0,14,3599.0,346
rb1805,20171019,20171018,210035500,3600.0,17708,726372,637538700.0,3600.0,9,3599.0,348
rb1805,20171019,20171018,210036000,3600.0,17788,726390,640418320.0,3600.0,20,3599.0,332
rb1805,20171019,20171018,210036500,3600.0,17830,726378,641930320.0,3600.0,18,3599.0,393
rb1805,20171019,20171018,210037000,3600.0,17872,726400,643442340.0,3601.0,181,3600.0,39
rb1805,20171019,20171018,210037500,3600.0,17910,726374,644810480.0,3601.0,200,3600.0,54
rb1805,20171019,20171018,210038000,3600.0,18370,726086,661374480.0,3602.0,27,3601.0,1
rb1805,20171019,20171018,210038500,3601.0,18520,726060,666774700.0,3602.0,27,3601.0,20
rb1805,20171019,20171018,210039000,3601.0,18562,726040,668287520.0,3602.0,7,3601.0,27
rb1805,20171019,20171018,210039500,3602.0,18596,726026,669512220.0,3603.0,11,3602.0,17
rb1805,20171019,20171018,210040000,3602.0,18632,726010,670809040.0,3603.0,19,3602.0,11
rb1805,20171019,20171018,210040500,3602.0,18680,726014,672538260.0,3603.0,27,3602.0,27
rb1805,20171019,20171018,210041000,3602.0,18784,725994,676284960.0,3603.0,57,3602.0,98
rb1805,20171019,20171018,210041500,3603.0,18826,726002,677797960.0,3603.0,56,3601.0,18
rb1805,20171019,20171018,210042000,3602.0,18864,726004,679166700.0,3603.0,68,3602.0,97
rb1805,20171019,20171018,210042500,3603.0,18932,725968,681616700.0,3603.0,44,3602.0,12
rb1805,20171019,20171018,210043000,3603.0,19054,725856,686012360.0,3604.0,46,3603.0,27
rb1805,20171019,20171018,210043500,3602.0,19186,725912,690767520.0,3604.0,68,3603.0,1
rb1805,20171019,20171018,210044000,3602.0,19210,725912,691632120.0,3602.0,12,3601.0,14
rb1805,20171019,20171018,210044500,3601.0,19246,725912,692928620.0,3602.0,17,3601.0,17
rb1805,20171019,20171018,210045000,3601.0,19296,725914,694729300.0,3601.0,3,3600.0,48
rb1805,20171019,20171018,210045500,3602.0,19308,725916,695161480.0,3602.0,40,3601.0,4
rb1805,20171019,20171018,210046000,3602.0,19416,725914,699050800.0,3602.0,46,3601.0,27
rb1805,20171019,20171018,210046500,3601.0,19432,725916,699627060.0,3602.0,42,3601.0,31
rb1805,20171019,20171018,210047000,3601.0,19496,725914,701931700.0,3601.0,18,3600.0,53
rb1805,20171019,20171018,210047500,3601.0,19536,725918,703372100.0,3601.0,4,3600.0,58
rb1805,20171019,20171018,210048000,3601.0,19588,725934,705244640.0,3602.0,46,3601.0,30
rb1805,20171019,20171018,210048500,3602.0,19630,725904,706757120.0,3602.0,53,3601.0,15
rb1805,20171019,20171018,210049000,3601.0,19762,725908,711510560.0,3601.0,36,3600.0,60
rb1805,20171019,20171018,210049500,3601.0,20000,725850,720079780.0,3601.0,4,3599.0,420
rb1805,20171019,20171018,210050000,3601.0,20090,725922,723319340.0,3602.0,41,3601.0,6
rb1805,20171019,20171018,210050500,3599.0,20128,725956,724687320.0,3601.0,77,3599.0,383
rb1805,20171019,20171018,210051000,3599.0,20136,725964,724975260.0,3600.0,7,3599.0,410
rb1805,20171019,20171018,210051500,3599.0,20156,725980,725695220.0,3600.0,14,3599.0,408
rb1805,20171019,20171018,210052000,3600.0,20164,725982,725983220.0,3600.0,16,3599.0,413
rb1805,20171019,20171018,210052500,3599.0,20252,725982,729150360.0,3600.0,38,3599.0,370
rb1805,20171019,20171018,210053000,3600.0,20310,725952,731238340.0,3600.0,13,3599.0,369
rb1805,20171019,20171018,210053500,3600.0,20382,725958,733829900.0,3601.0,89,3599.0,349
rb1805,20171019,20171018,210054000,3600.0,20416,725980,735053940.0,3601.0,83,3600.0,6
rb1805,20171019,20171018,210054500,3600.0,20462,725976,736710060.0,3600.0,76,3599.0,349
rb1805,20171019,20171018,210055000,3600.0,20486,725974,737573860.0,3600.0,98,3599.0,349
rb1805,20171019,20171018,210055500,3600.0,20516,725974,738653820.0,3600.0,112,3599.0,347
rb1805,20171019,20171018,210056000,3600.0,21142,725968,761183700.0,3600.0,205,3599.0,22
rb1805,20171019,20171018,210056500,3599.0,21310,725984,767229920.0,3599.0,246,3598.0,53
rb1805,20171019,20171018,210057000,3598.0,21464,725988,772770580.0,3598.0,46,3597.0,78
rb1805,20171019,20171018,210057500,3598.0,21598,726014,777591680.0,3599.0,193,3598.0,18
rb1805,20171019,20171018,210058000,3597.0,21658,726034,779750380.0,3599.0,196,3597.0,80
rb1805,20171019,20171018,210058500,3598.0,21682,726052,780613920.0,3598.0,4,3597.0,80
rb1805,20171019,20171018,210059000,3598.0,21718,726066,781909240.0,3599.0,172,3598.0,13
rb1805,20171019,20171018,210059500,3597.0,21764,726048,783564320.0,3598.0,19,3597.0,82
rb1805,20171019,20171018,210100000,3599.0,21902,725998,788529740.0,3599.0,138,3598.0,12
rb1805,20171019,20171018,210100500,3597.0,22006,726008,792270840.0,3598.0,6,3597.0,42
rb1805,20171019,20171018,210101000,3597.0,22102,725996,795724100.0,3598.0,22,3597.0,4
rb1805,20171019,20171018,210101500,3597.0,22166,725992,798026000.0,3597.0,69,3596.0,47
rb1805,20171019,20171018,210102000,3596.0,22276,725978,801981680.0,3597.0,62,3596.0,5
rb1805,20171019,20171018,210102500,3597.0,22398,725912,806369720.0,3597.0,35,3596.0,10
rb1805,20171019,20171018,210103000,3595.0,22580,725942,812914940.0,3596.0,15,3595.0,79
rb1805,20171019,20171018,210103500,3596.0,22740,725900,818668760.0,3598.0,33,3596.0,126
rb1805,20171019,20171018,210104000,3598.0,23024,725820,828884240.0,3599.0,83,3597.0,2
rb1805,20171019,20171018,210104500,3598.0,23054,725834,829963440.0,3599.0,85,3597.0,66
rb1805,20171019,20171018,210105000,3598.0,23230,725794,836294300.0,3599.0,81,3598.0,6
rb1805,20171019,20171018,210105500,3599.0,23288,725816,838381420.0,3599.0,75,3598.0,16
rb1805,20171019,20171018,210106000,3598.0,23360,725838,840971800.0,3598.0,23,3597.0,7
rb1805,20171019,20171018,210106500,3599.0,23446,725824,844066260.0,3599.0,68,3598.0,53
rb1805,20171019,20171018,210107000,3597.0,23670,725662,852125780.0,3598.0,4,3597.0,47
rb1805,20171019,20171018,210107500,3598.0,23874,725666,859466920.0,3600.0,154,3599.0,31
rb1805,20171019,20171018,210108000,3600.0,23926,725640,861338600.0,3600.0,143,3599.0,85
rb1805,20171019,20171018,210108500,3599.0,24072,725696,866593260.0,3600.0,147,3599.0,41
rb1805,20171019,20171018,210109000,3600.0,24124,725730,868464880.0,3600.0,144,3599.0,48
rb1805,20171019,20171018,210109500,3599.0,24150,725730,869400660.0,3600.0,145,3599.0,39
rb1805,20171019,20171018,210110000,3600.0,24206,725774,871416460.0,3600.0,128,3599.0,36
rb1805,20171019,20171018,210110500,3600.0,24490,725938,881640420.0,3601.0,44,3600.0,33
rb1805,20171019,20171018,210111000,3600.0,24586,726008,885096400.0,3601.0,59,3600.0,2
rb1805,20171019,20171018,210111500,3601.0,24588,726010,885168420.0,3601.0,68,3600.0,75
rb1805,20171019,20171018,210112000,3601.0,24716,726054,889776940.0,3601.0,31,3600.0,60
rb1805,20171019,20171018,210112500,3600.0,24910,726088,896762240.0,3601.0,19,3600.0,30
rb1805,20171019,20171018,210113000,3601.0,25108,726124,903891040.0,3602.0,98,3601.0,11
rb1805,20171019,20171018,210113500,3601.0,25134,726104,904827300.0,3602.0,101,3601.0,2
rb1805,20171019,20171018,210114000,3601.0,25176,726098,906339940.0,3601.0,1,3600.0,56
rb1805,20171019,20171018,210114500,3601.0,25192,726088,906916080.0,3602.0,95,3601.0,138
rb1805,20171019,20171018,210115000,3602.0,25252,726112,909077000.0,3602.0,79,3601.0,138
rb1805,20171019,20171018,210115500,3602.0,25264,726108,909509220.0,3602.0,66,3601.0,138
rb1805,20171019,20171018,210116000,3602.0,25338,726092,912174280.0,3602.0,59,3601.0,118
rb1805,20171019,20171018,210116500,3602.0,25354,726084,912750540.0,3602.0,64,3601.0,116
rb1805,20171019,20171018,210117000,3602.0,25722,726078,926001380.0,3602.0,58,3600.0,20
rb1805,20171019,20171018,210117500,3602.0,25852,726078,930683900.0,3603.0,51,3602.0,4
rb1805,20171019,20171018,210118000,3602.0,25934,726050,933637140.0,3603.0,60,3602.0,74
rb1805,20171019,20171018,210118500,3602.0,25964,726040,934717740.0,3603.0,61,3602.0,65
rb1805,20171019,20171018,210119000,3602.0,26164,725964,941924260.0,3604.0,46,3603.0,1
rb1805,20171019,20171018,210119500,3603.0,26436,726042,951722400.0,3604.0,58,3603.0,68
rb1805,20171019,20171018,210120000,3604.0,26788,726102,964406060.0,3605.0,279,3604.0,21
rb1805,20171019,20171018,210120500,3603.0,26864,726106,967145020.0,3604.0,9,3603.0,29
rb1805,20171019,20171018,210121000,3603.0,26984,726128,971468980.0,3603.0,3,3602.0,70
rb1805,20171019,20171018,210121500,3604.0,27042,726100,973558640.0,3604.0,51,3603.0,121
rb1805,20171019,20171018,210122000,3603.0,27070,726088,974567540.0,3604.0,94,3603.0,112
rb1805,20171019,20171018,210122500,3604.0,27088,726082,975216200.0,3604.0,100,3603.0,118
rb1805,20171019,20171018,210123000,3603.0,27246,726000,980910020.0,3604.0,67,3603.0,94
rb1805,20171019,20171018,210123500,3604.0,27398,725930,986388020.0,3605.0,280,3604.0,22
rb1805,20171019,20171018,210124000,3604.0,27448,725926,988190060.0,3604.0,60,3603.0,98
rb1805,20171019,20171018,210124500,3604.0,27684,725990,996693500.0,3604.0,45,3603.0,2
rb1805,20171019,20171018,210125000,3603.0,27772,725988,999864160.0,3604.0,52,3602.0,77
rb1805,20171019,20171018,210125500,3604.0,27776,725992,1000008320.0,3604.0,54,3603.0,30
rb1805,20171019,20171018,210126000,3604.0,27872,725990,1003467740.0,3604.0,44,3603.0,3
rb1805,20171019,20171018,210126500,3603.0,27934,726022,1005701600.0,3603.0,21,3602.0,140
rb1805,20171019,20171018,210127000,3603.0,28024,726020,1008944680.0,3604.0,35,3603.0,35
rb1805,20171019,20171018,210127500,3603.0,28110,726016,1012043680.0,3604.0,18,3603.0,19
rb1805,20171019,20171018,210128000,3604.0,28162,726044,1013917660.0,3604.0,36,3603.0,9
rb1805,20171019,20171018,210128500,3603.0,28200,726054,1015286780.0,3603.0,41,3602.0,149
rb1805,20171019,20171018,210129000,3604.0,28412,726098,1022925940.0,3603.0,1,3602.0,151
rb1805,20171019,20171018,210129500,3602.0,28458,726056,1024582900.0,3603.0,22,3602.0,132
rb1805,20171019,20171018,210130000,3602.0,28502,726028,1026167920.0,3603.0,47,3602.0,115
rb1805,20171019,20171018,210130500,3603.0,28528,726010,1027104680.0,3603.0,52,3602.0,121
rb1805,20171019,20171018,210131000,3603.0,28574,726042,1028762060.0,3603.0,51,3602.0,121
rb1805,20171019,20171018,210131500,3603.0,28622,726046,1030491440.0,3603.0,42,3602.0,133
rb1805,20171019,20171018,210132000,3602.0,28650,726044,1031500040.0,3603.0,71,3602.0,117
rb1805,20171019,20171018,210132500,3602.0,28894,726170,1040288920.0,3602.0,165,3601.0,72
rb1805,20171019,20171018,210133000,3602.0,29056,726198,1046122700.0,3601.0,14,3600.0,87
rb1805,20171019,20171018,210133500,3600.0,29130,726188,1048787220.0,3601.0,22,3600.0,63
rb1805,20171019,20171018,210134000,3600.0,29270,726250,1053827280.0,3600.0,7,3599.0,63
rb1805,20171019,20171018,210134500,3601.0,29292,726244,1054619340.0,3601.0,83,3600.0,1
rb1805,20171019,20171018,210135000,3600.0,29310,726244,1055267340.0,3600.0,6,3599.0,41
rb1805,20171019,20171018,210135500,3600.0,29392,726212,1058218620.0,3600.0,2,3599.0,18
rb1805,20171019,20171018,210136000,3600.0,29414,726210,1059010540.0,3601.0,103,3599.0,20
rb1805,20171019,20171018,210136500,3600.0,29422,726206,1059298540.0,3600.0,23,3599.0,21
rb1805,20171019,20171018,210137000,3600.0,29442,726198,1060018520.0,3600.0,16,3599.0,25
rb1805,20171019,20171018,210137500,3599.0,29532,726118,1063257880.0,3599.0,18,3598.0,167
rb1805,20171019,20171018,210138000,3599.0,29612,726114,1066137400.0,3600.0,45,3599.0,125
rb1805,20171019,20171018,210138500,3599.0,29646,726098,1067361140.0,3600.0,87,3599.0,65
rb1805,20171019,20171018,210139000,3600.0,29662,726106,1067937120.0,3600.0,106,3599.0,78
rb1805,20171019,20171018,210139500,3599.0,29672,726098,1068297040.0,3600.0,113,3599.0,82
rb1805,20171019,20171018,210140000,3600.0,29810,725984,1073263720.0,3600.0,110,3599.0,18
rb1805,20171019,20171018,210140500,3599.0,29862,725970,1075135180.0,3599.0,46,3598.0,163
rb1805,20171019,20171018,210141000,3599.0,29882,725980,1075854960.0,3599.0,20,3598.0,116
rb1805,20171019,20171018,210141500,3599.0,29914,726000,1077006560.0,3599.0,9,3598.0,111
rb1805,20171019,20171018,210142000,3599.0,29922,726008,1077294480.0,3599.0,33,3598.0,111
rb1805,20171019,20171018,210142500,3598.0,29968,726012,1078949660.0,3599.0,55,3598.0,93
rb1805,20171019,20171018,210143000,3599.0,29984,726008,1079525480.0,3599.0,51,3598.0,103
rb1805,20171019,20171018,210143500,3598.0,30032,726006,1081252560.0,3599.0,66,3598.0,82
rb1805,20171019,20171018,210144000,3598.0,30240,726044,1088736380.0,3598.0,44,3597.0,50
rb1805,20171019,20171018,210144500,3597.0,30354,726052,1092837100.0,3597.0,71,3596.0,85
rb1805,20171019,20171018,210145000,3597.0,30452,726000,1096361400.0,3597.0,69,3596.0,20
rb1805,20171019,20171018,210145500,3596.0,30568,725964,1100533080.0,3596.0,113,3595.0,172
rb1805,20171019,20171018,210146000,3595.0,30640,725956,1103121860.0,3596.0,168,3595.0,155
rb1805,20171019,20171018,210146500,3595.0,30732,725964,1106429500.0,3596.0,158,3595.0,105
rb1805,20171019,20171018,210147000,3596.0,30802,726004,1108946180.0,3596.0,149,3595.0,72
rb1805,20171019,20171018,210147500,3596.0,30864,725998,1111175580.0,3596.0,128,3595.0,89
rb1805,20171019,20171018,210148000,3596.0,31178,726026,1122467060.0,3597.0,57,3596.0,1
rb1805,20171019,20171018,210148500,3597.0,31286,726100,1126349760.0,3597.0,58,3596.0,6
rb1805,20171019,20171018,210149000,3597.0,31412,726030,1130881900.0,3597.0,1,3596.0,66
rb1805,20171019,20171018,210149500,3597.0,31426,726032,1131385460.0,3598.0,29,3597.0,11
rb1805,20171019,20171018,210150000,3596.0,31632,725896,1138793580.0,3598.0,19,3596.0,18
rb1805,20171019,20171018,210150500,3597.0,31646,725902,1139297120.0,3597.0,11,3596.0,18
rb1805,20171019,20171018,210151000,3595.0,31674,725904,1140303980.0,3596.0,16,3595.0,58
rb1805,20171019,20171018,210151500,3597.0,31718,725912,1141886280.0,3597.0,2,3596.0,53
rb1805,20171019,20171018,210152000,3596.0,31756,725912,1143252940.0,3597.0,10,3596.0,33
rb1805,20171019,20171018,210152500,3596.0,31832,725934,1145985920.0,3596.0,89,3595.0,72
rb1805,20171019,20171018,210153000,3595.0,31912,725964,1148862100.0,3596.0,174,3595.0,40
rb1805,20171019,20171018,210153500,3595.0,31926,725970,1149365460.0,3596.0,163,3595.0,43
rb1805,20171019,20171018,210154000,3595.0,31982,725994,1151379020.0,3596.0,146,3595.0,47
rb1805,20171019,20171018,210154500,3596.0,32024,725994,1152889200.0,3596.0,137,3595.0,40
rb1805,20171019,20171018,210155000,3596.0,32188,725992,1158786360.0,3596.0,70,3595.0,29
rb1805,20171019,20171018,210155500,3596.0,32204,726000,1159361660.0,3596.0,65,3595.0,77
rb1805,20171019,20171018,210156000,3596.0,32234,726016,1160440300.0,3596.0,76,3595.0,63
rb1805,20171019,20171018,210156500,3595.0,32268,726034,1161662700.0,3596.0,72,3595.0,83
rb1805,20171019,20171018,210157000,3596.0,32290,726046,1162453660.0,3596.0,70,3595.0,80
rb1805,20171019,20171018,210157500,3595.0,32324,726072,1163676220.0,3596.0,57,3595.0,89
rb1805,20171019,20171018,210158000,3595.0,32366,726090,1165186300.0,3596.0,48,3595.0,78
rb1805,20171019,20171018,210158500,3596.0,32420,726102,1167127880.0,3596.0,35,3595.0,71
rb1805,20171019,20171018,210159000,3596.0,32532,726194,1171155380.0,3597.0,78,3596.0,48
rb1805,20171019,20171018,210159500,3596.0,32548,726210,1171730740.0,3597.0,22,3596.0,49
rb1805,20171019,20171018,210200000,3597.0,32596,726212,1173457300.0,3598.0,83,3597.0,60
rb1805,20171019,20171018,210200500,3597.0,32654,726214,1175543780.0,3598.0,59,3597.0,54
rb1805,20171019,20171018,210201000,3596.0,32824,726222,1181658160.0,3598.0,64,3596.0,95
rb1805,20171019,20171018,210201500,3596.0,32918,726270,1185038560.0,3597.0,2,3596.0,44
rb1805,20171019,20171018,210202000,3596.0,33044,726342,1189569580.0,3598.0,73,3597.0,2
rb1805,20171019,20171018,210202500,3596.0,33096,726328,1191439640.0,3596.0,12,3595.0,110
rb1805,20171019,20171018,210203000,3596.0,33138,726326,1192950000.0,3597.0,108,3596.0,35
rb1805,20171019,20171018,210203500,3596.0,33212,726274,1195611060.0,3596.0,24,3595.0,133
rb1805,20171019,20171018,210204000,3597.0,33306,726222,1198991500.0,3597.0,98,3596.0,45
rb1805,20171019,20171018,210204500,3597.0,33526,726238,1206904780.0,3598.0,29,3596.0,113
rb1805,20171019,20171018,210205000,3597.0,33544,726238,1207552240.0,3598.0,38,3597.0,19
rb1805,20171019,20171018,210205500,3597.0,33566,726224,1208343640.0,3598.0,45,3597.0,20
rb1805,20171019,20171018,210206000,3598.0,33582,726210,1208919220.0,3598.0,24,3597.0,95
rb1805,20171019,20171018,210206500,3599.0,33638,726190,1210934180.0,3599.0,38,3598.0,19
rb1805,20171019,20171018,210207000,3597.0,33764,726192,1215466860.0,3599.0,44,3597.0,95
rb1805,20171019,20171018,210207500,3599.0,33772,726194,1215754740.0,3599.0,41,3598.0,17
rb1805,20171019,20171018,210208000,3599.0,33808,726210,1217050040.0,3598.0,1,3597.0,83
rb1805,20171019,20171018,210208500,3598.0,33868,726238,1219209280.0,3599.0,25,3598.0,23
rb1805,20171019,20171018,210209000,3598.0,33936,726216,1221655820.0,3599.0,35,3598.0,4
rb1805,20171019,20171018,210209500,3598.0,34050,726182,1225757540.0,3599.0,75,3598.0,15
rb1805,20171019,20171018,210210000,3598.0,34608,726378,1245833100.0,3598.0,71,3597.0,2
rb1805,20171019,20171018,210210500,3597.0,34624,726376,1246408600.0,3597.0,8,3596.0,66
rb1805,20171019,20171018,210211000,3597.0,34756,726440,1251155480.0,3597.0,17,3595.0,130
rb1805,20171019,20171018,210211500,3597.0,34768,726440,1251587020.0,3597.0,24,3596.0,2
rb1805,20171019,20171018,210212000,3595.0,34780,726440,1252018500.0,3596.0,87,3595.0,136
rb1805,20171019,20171018,210212500,3595.0,34822,726438,1253528780.0,3596.0,118,3595.0,135
rb1805,20171019,20171018,210213000,3595.0,35012,726524,1260359420.0,3596.0,335,3595.0,58
rb1805,20171019,20171018,210213500,3594.0,35150,726606,1265320360.0,3595.0,101,3594.0,46
rb1805,20171019,20171018,210214000,3594.0,35350,726606,1272507840.0,3594.0,8,3593.0,62
rb1805,20171019,20171018,210214500,3594.0,35484,726614,1277322940.0,3594.0,43,3593.0,18
rb1805,20171019,20171018,210215000,3594.0,35572,726618,1280485260.0,3594.0,48,3593.0,6
rb1805,20171019,20171018,210215500,3594.0,35718,726610,1285731840.0,3594.0,21,3593.0,13
rb1805,20171019,20171018,210216000,3593.0,35784,726606,1288103420.0,3594.0,14,3593.0,55
rb1805,20171019,20171018,210216500,3594.0,35958,726666,1294356100.0,3595.0,88,3594.0,58
rb1805,20171019,20171018,210217000,3593.0,36088,726746,1299028280.0,3595.0,81,3593.0,21
rb1805,20171019,20171018,210217500,3593.0,36120,726752,1300178240.0,3594.0,7,3593.0,7
rb1805,20171019,20171018,210218000,3595.0,36214,726798,1303556280.0,3595.0,74,3593.0,10
rb1805,20171019,20171018,210218500,3593.0,36268,726796,1305496620.0,3593.0,30,3592.0,159
rb1805,20171019,20171018,210219000,3594.0,36370,726798,1309161840.0,3594.0,6,3593.0,56
rb1805,20171019,20171018,210219500,3593.0,36556,726890,1315844660.0,3593.0,50,3592.0,127
rb1805,20171019,20171018,210220000,3593.0,36672,726792,1320012540.0,3593.0,1,3592.0,127
rb1805,20171019,20171018,210220500,3593.0,36716,726782,1321593540.0,3595.0,97,3594.0,2
rb1805,20171019,20171018,210221000,3594.0,36750,726772,1322815500.0,3594.0,77,3593.0,4
rb1805,20171019,20171018,210221500,3594.0,36800,726764,1324612300.0,3594.0,72,3593.0,68
rb1805,20171019,20171018,210222000,3593.0,36824,726780,1325474640.0,3594.0,72,3593.0,70
rb1805,20171019,20171018,210222500,3593.0,36858,726792,1326696380.0,3594.0,75,3593.0,71
rb1805,20171019,20171018,210223000,3594.0,36926,726826,1329139840.0,3594.0,70,3593.0,58
rb1805,20171019,20171018,210223500,3594.0,36968,726808,1330649060.0,3594.0,63,3593.0,149
rb1805,20171019,20171018,210224000,3594.0,37054,726812,1333739120.0,3594.0,80,3593.0,111
rb1805,20171019,20171018,210224500,3593.0,37288,726964,1342146740.0,3593.0,42,3592.0,162
rb1805,20171019,20171018,210225000,3592.0,37332,726980,1343727400.0,3593.0,77,3592.0,138
rb1805,20171019,20171018,210225500,3592.0,37556,727048,1351773800.0,3593.0,55,3592.0,42
rb1805,20171019,20171018,210226000,3593.0,37708,727132,1357233540.0,3592.0,3,3591.0,50
rb1805,20171019,20171018,210226500,3592.0,37818,727146,1361184260.0,3592.0,3,3591.0,37
rb1805,20171019,20171018,210227000,3592.0,37894,727170,1363914120.0,3592.0,61,3591.0,13
rb1805,20171019,20171018,210227500,3590.0,37928,727148,1365135020.0,3591.0,31,3590.0,271
rb1805,20171019,20171018,210228000,3592.0,38582,727252,1388615260.0,3592.0,104,3591.0,119
rb1805,20171019,20171018,210228500,3591.0,38640,727236,1390698220.0,3592.0,97,3591.0,104
rb1805,20171019,20171018,210229000,3591.0,38710,727242,1393212080.0,3592.0,90,3591.0,93
rb1805,20171019,20171018,210229500,3591.0,38962,727216,1402261480.0,3591.0,44,3590.0,33
rb1805,20171019,20171018,210230000,3590.0,39076,727210,1406354180.0,3591.0,43,3590.0,4
rb1805,20171019,20171018,210230500,3590.0,39142,727236,1408723560.0,3590.0,16,3589.0,85
rb1805,20171019,20171018,210231000,3591.0,39292,727218,1414108660.0,3591.0,64,3590.0,93
rb1805,20171019,20171018,210231500,3590.0,39416,727206,1418560460.0,3591.0,64,3589.0,181
rb1805,20171019,20171018,210232000,3591.0,39540,727212,1423011140.0,3591.0,79,3589.0,133
rb1805,20171019,20171018,210232500,3589.0,39968,727048,1438375020.0,3591.0,22,3589.0,7
rb1805,20171019,20171018,210233000,3589.0,40096,727050,1442969120.0,3589.0,43,3588.0,158
rb1805,20171019,20171018,210233500,3589.0,40292,727092,1450004120.0,3590.0,1,3589.0,332
rb1805,20171019,20171018,210234000,3590.0,40434,727090,1455102080.0,3592.0,83,3590.0,70
rb1805,20171019,20171018,210234500,3590.0,40672,727048,1463647820.0,3592.0,52,3590.0,36
rb1805,20171019,20171018,210235000,3592.0,40682,727056,1464006960.0,3592.0,71,3591.0,2
rb1805,20171019,20171018,210235500,3590.0,40804,727036,1468387820.0,3591.0,9,3590.0,94
rb1805,20171019,20171018,210236000,3591.0,40862,727058,1470470640.0,3592.0,57,3591.0,41
rb1805,20171019,20171018,210236500,3591.0,40924,727052,1472697080.0,3592.0,68,3591.0,90
rb1805,20171019,20171018,210237000,3592.0,41054,727042,1477365960.0,3592.0,37,3591.0,128
rb1805,20171019,20171018,210237500,3592.0,41204,726976,1482753980.0,3593.0,82,3592.0,41
rb1805,20171019,20171018,210238000,3592.0,41244,726992,1484190820.0,3593.0,90,3592.0,29
rb1805,20171019,20171018,210238500,3591.0,41400,726980,1489793900.0,3593.0,96,3591.0,126
rb1805,20171019,20171018,210239000,3593.0,41626,727068,1497913500.0,3594.0,50,3593.0,74
rb1805,20171019,20171018,210239500,3593.0,41698,727084,1500500500.0,3594.0,68,3593.0,45
rb1805,20171019,20171018,210240000,3592.0,41806,727132,1504380820.0,3593.0,73,3592.0,15
rb1805,20171019,20171018,210240500,3593.0,41832,727128,1505314860.0,3593.0,71,3592.0,13
rb1805,20171019,20171018,210241000,3592.0,41900,727096,1507757420.0,3592.0,64,3591.0,86
rb1805,20171019,20171018,210241500,3592.0,41930,727092,1508835000.0,3592.0,50,3591.0,86
rb1805,20171019,20171018,210242000,3593.0,42110,727084,1515300880.0,3593.0,77,3592.0,47
rb1805,20171019,20171018,210242500,3592.0,42216,727182,1519108380.0,3592.0,50,3591.0,89
rb1805,20171019,20171018,210243000,3592.0,42422,727242,1526505940.0,3592.0,69,3591.0,9
rb1805,20171019,20171018,210243500,3591.0,42466,727240,1528085980.0,3591.0,33,3590.0,68
rb1805,20171019,20171018,210244000,3592.0,42504,727228,1529450600.0,3592.0,63,3591.0,8
rb1805,20171019,20171018,210244500,3592.0,42546,727252,1530958880.0,3592.0,68,3591.0,1
rb1805,20171019,20171018,210245000,3592.0,42618,727292,1533543820.0,3592.0,73,3591.0,22
rb1805,20171019,20171018,210245500,3592.0,42640,727294,1534333860.0,3592.0,73,3591.0,15
rb1805,20171019,20171018,210246000,3591.0,42730,727276,1537565840.0,3591.0,9,3590.0,123
rb1805,20171019,20171018,210246500,3592.0,42936,727350,1544965300.0,3593.0,104,3592.0,16
rb1805,20171019,20171018,210247000,3592.0,43000,727374,1547264100.0,3592.0,18,3591.0,3
rb1805,20171019,20171018,210247500,3591.0,43014,727378,1547766880.0,3592.0,51,3591.0,16
rb1805,20171019,20171018,210248000,3591.0,43062,727388,1549490560.0,3591.0,3,3590.0,133
rb1805,20171019,20171018,210248500,3591.0,43084,727390,1550280580.0,3591.0,1,3590.0,149
rb1805,20171019,20171018,210249000,3591.0,43102,727396,1550926960.0,3591.0,1,3590.0,141
rb1805,20171019,20171018,210249500,3591.0,43120,727398,1551573320.0,3591.0,10,3590.0,140
rb1805,20171019,20171018,210250000,3590.0,43184,727422,1553871580.0,3591.0,1,3590.0,159
rb1805,20171019,20171018,210250500,3592.0,43222,727454,1555236320.0,3592.0,106,3591.0,33
rb1805,20171019,20171018,210251000,3591.0,43232,727460,1555595440.0,3592.0,105,3591.0,20
rb1805,20171019,20171018,210251500,3590.0,43352,727510,1559904120.0,3592.0,107,3591.0,10
rb1805,20171019,20171018,210252000,3591.0,43414,727530,1562130760.0,3592.0,92,3591.0,22
rb1805,20171019,20171018,210252500,3591.0,43648,727550,1570533800.0,3591.0,20,3590.0,165
rb1805,20171019,20171018,210253000,3591.0,43702,727572,1572472720.0,3591.0,67,3590.0,138
rb1805,20171019,20171018,210253500,3591.0,43740,727578,1573836980.0,3591.0,150,3590.0,123
rb1805,20171019,20171018,210254000,3591.0,43766,727602,1574770400.0,3591.0,158,3590.0,113
rb1805,20171019,20171018,210254500,3591.0,43880,727706,1578863060.0,3591.0,160,3590.0,59
rb1805,20171019,20171018,210255000,3590.0,43966,727746,1581950520.0,3591.0,115,3590.0,24
rb1805,20171019,20171018,210255500,3590.0,43982,727750,1582525040.0,3591.0,110,3590.0,22
rb1805,20171019,20171018,210256000,3590.0,44000,727764,1583171280.0,3591.0,111,3590.0,23
rb1805,20171019,20171018,210256500,3590.0,44082,727804,1586115080.0,3590.0,21,3589.0,71
rb1805,20171019,20171018,210257000,3590.0,44138,727800,1588125540.0,3591.0,429,3590.0,7
rb1805,20171019,20171018,210257500,3590.0,44254,727816,1592290020.0,3590.0,39,3589.0,99
rb1805,20171019,20171018,210258000,3590.0,44344,727742,1595521020.0,3591.0,426,3590.0,18
rb1805,20171019,20171018,210258500,3591.0,44424,727718,1598393280.0,3591.0,420,3590.0,91
rb1805,20171019,20171018,210259000,3590.0,44516,727704,1601696260.0,3591.0,414,3590.0,60
rb1805,20171019,20171018,210259500,3590.0,44720,727710,1609020080.0,3591.0,393,3590.0,17
rb1805,20171019,20171018,210300000,3590.0,44832,727758,1613040320.0,3590.0,13,3589.0,101
rb1805,20171019,20171018,210300500,3589.0,44846,727756,1613542820.0,3590.0,50,3589.0,97
rb1805,20171019,20171018,210301000,3589.0,44942,727722,1616988360.0,3590.0,69,3589.0,62
rb1805,20171019,20171018,210301500,3589.0,45082,727724,1622013020.0,3589.0,44,3588.0,229
rb1805,20171019,20171018,210302000,3588.0,45194,727688,1626031680.0,3589.0,56,3588.0,173
rb1805,20171019,20171018,210302500,3588.0,45584,727474,1640025720.0,3589.0,34,3588.0,76
rb1805,20171019,20171018,210303000,3588.0,45750,727506,1645981940.0,3588.0,1,3587.0,287
rb1805,20171019,20171018,210303500,3588.0,45784,727494,1647201840.0,3588.0,22,3587.0,286
rb1805,20171019,20171018,210304000,3588.0,45880,727520,1650645560.0,3588.0,34,3587.0,253
rb1805,20171019,20171018,210304500,3587.0,46072,727652,1657532900.0,3588.0,23,3587.0,172
rb1805,20171019,20171018,210305000,3587.0,46692,727870,1679770460.0,3586.0,10,3585.0,197
rb1805,20171019,20171018,210305500,3585.0,46894,727742,1687013400.0,3587.0,39,3585.0,153
rb1805,20171019,20171018,210306000,3585.0,47128,727582,1695402820.0,3587.0,65,3585.0,64
rb1805,20171019,20171018,210306500,3585.0,47142,727582,1695904720.0,3587.0,80,3585.0,71
rb1805,20171019,20171018,210307000,3585.0,47170,727596,1696908740.0,3587.0,89,3585.0,78
rb1805,20171019,20171018,210307500,3585.0,47192,727604,1697697520.0,3587.0,89,3586.0,7
rb1805,20171019,20171018,210308000,3585.0,47266,727638,1700350900.0,3586.0,119,3585.0,127
rb1805,20171019,20171018,210308500,3586.0,47320,727644,1702287160.0,3586.0,121,3585.0,121
rb1805,20171019,20171018,210309000,3586.0,47648,727502,1714048400.0,3586.0,18,3585.0,125
rb1805,20171019,20171018,210309500,3587.0,47744,727498,1717491240.0,3587.0,34,3586.0,133
rb1805,20171019,20171018,210310000,3587.0,47800,727494,1719499720.0,3587.0,21,3586.0,284
rb1805,20171019,20171018,210310500,3585.0,48412,727450,1741446200.0,3587.0,31,3585.0,84
rb1805,20171019,20171018,210311000,3586.0,48516,727494,1745174920.0,3586.0,11,3585.0,42
rb1805,20171019,20171018,210311500,3586.0,48552,727484,1746465700.0,3586.0,15,3585.0,59
rb1805,20171019,20171018,210312000,3585.0,48584,727484,1747613100.0,3586.0,9,3585.0,122
rb1805,20171019,20171018,210312500,3585.0,48618,727474,1748832260.0,3586.0,16,3585.0,122
rb1805,20171019,20171018,210313000,3586.0,48686,727422,1751270540.0,3587.0,39,3585.0,120
rb1805,20171019,20171018,210313500,3586.0,48712,727436,1752202820.0,3587.0,62,3586.0,4
rb1805,20171019,20171018,210314000,3586.0,48742,727444,1753278600.0,3587.0,64,3585.0,206
rb1805,20171019,20171018,210314500,3586.0,48774,727460,1754426200.0,3587.0,60,3586.0,26
rb1805,20171019,20171018,210315000,3586.0,48870,727508,1757868580.0,3586.0,8,3585.0,218
rb1805,20171019,20171018,210315500,3586.0,49050,727556,1764323400.0,3587.0,106,3586.0,15
rb1805,20171019,20171018,210316000,3586.0,49108,727562,1766403380.0,3587.0,142,3586.0,31
rb1805,20171019,20171018,210316500,3586.0,49172,727564,1768698400.0,3586.0,59,3585.0,218
rb1805,20171019,20171018,210317000,3586.0,49416,727732,1777448280.0,3587.0,123,3586.0,7
rb1805,20171019,20171018,210317500,3586.0,49464,727752,1779169320.0,3587.0,137,3585.0,213
rb1805,20171019,20171018,210318000,3586.0,49568,727850,1782899780.0,3587.0,91,3586.0,1
rb1805,20171019,20171018,210318500,3586.0,49606,727870,1784262260.0,3586.0,10,3585.0,242
rb1805,20171019,20171018,210319000,3585.0,49640,727890,1785481300.0,3586.0,4,3585.0,254
rb1805,20171019,20171018,210319500,3585.0,49762,727888,1789855560.0,3586.0,76,3585.0,202
rb1805,20171019,20171018,210320000,3586.0,49912,727848,1795233440.0,3586.0,65,3585.0,135
rb1805,20171019,20171018,210320500,3585.0,50136,727734,1803263900.0,3586.0,66,3585.0,26
rb1805,20171019,20171018,210321000,3585.0,50200,727720,1805558360.0,3585.0,124,3584.0,143
rb1805,20171019,20171018,210321500,3584.0,50476,727830,1815450520.0,3585.0,208,3584.0,23
rb1805,20171019,20171018,210322000,3583.0,50858,727842,1829140940.0,3584.0,12,3583.0,48
rb1805,20171019,20171018,210322500,3583.0,51028,727802,1835232000.0,3583.0,445,3582.0,113
rb1805,20171019,20171018,210323000,3582.0,52056,727766,1872062500.0,3582.0,185,3581.0,121
rb1805,20171019,20171018,210323500,3581.0,52552,727658,1889828920.0,3582.0,12,3581.0,97
rb1805,20171019,20171018,210324000,3581.0,52998,727868,1905805760.0,3582.0,77,3581.0,107
rb1805,20171019,20171018,210324500,3581.0,53288,728050,1916193400.0,3583.0,49,3581.0,100
rb1805,20171019,20171018,210325000,3581.0,53662,728014,1929587940.0,3581.0,6,3580.0,528
rb1805,20171019,20171018,210325500,3581.0,53792,728030,1934243820.0,3583.0,45,3581.0,64
rb1805,20171019,20171018,210326000,3583.0,53826,728044,1935461820.0,3583.0,34,3582.0,2
rb1805,20171019,20171018,210326500,3582.0,53994,728078,1941479320.0,3583.0,53,3582.0,7
rb1805,20171019,20171018,210327000,3582.0,54234,728106,1950076100.0,3583.0,52,3582.0,5
rb1805,20171019,20171018,210327500,3583.0,54440,728142,1957455920.0,3583.0,7,3582.0,75
rb1805,20171019,20171018,210328000,3582.0,54654,728146,1965121540.0,3582.0,103,3581.0,57
rb1805,20171019,20171018,210328500,3581.0,54700,728114,1966768940.0,3582.0,97,3581.0,43
rb1805,20171019,20171018,210329000,3582.0,54886,728094,1973430320.0,3582.0,62,3581.0,3
rb1805,20171019,20171018,210329500,3581.0,55000,728038,1977513400.0,3581.0,1,3580.0,612
rb1805,20171019,20171018,210330000,3582.0,55030,728038,1978587820.0,3582.0,59,3581.0,8
rb1805,20171019,20171018,210330500,3581.0,55222,727918,1985463340.0,3581.0,80,3580.0,623
rb1805,20171019,20171018,210331000,3581.0,55494,727692,1995203840.0,3582.0,72,3581.0,43
rb1805,20171019,20171018,210331500,3581.0,55584,727660,1998426780.0,3581.0,164,3580.0,664
rb1805,20171019,20171018,210332000,3580.0,56016,727704,2013896540.0,3581.0,103,3580.0,655
rb1805,20171019,20171018,210332500,3581.0,56628,727792,2035808720.0,3582.0,142,3581.0,11
rb1805,20171019,20171018,210333000,3582.0,56778,727728,2041180280.0,3582.0,186,3581.0,101
rb1805,20171019,20171018,210333500,3581.0,56866,727682,2044331600.0,3582.0,197,3581.0,74
rb1805,20171019,20171018,210334000,3581.0,57474,727730,2066100340.0,3582.0,171,3581.0,9
rb1805,20171019,20171018,210334500,3580.0,57520,727718,2067747420.0,3581.0,4,3580.0,302
rb1805,20171019,20171018,210335000,3580.0,58158,727448,2090588120.0,3580.0,3,3579.0,128
rb1805,20171019,20171018,210335500,3579.0,58364,727376,2097963200.0,3580.0,10,3579.0,124
rb1805,20171019,20171018,210336000,3581.0,58570,727290,2105338080.0,3581.0,1,3579.0,110
rb1805,20171019,20171018,210336500,3580.0,58668,727210,2108846520.0,3580.0,1,3579.0,109
rb1805,20171019,20171018,210337000,3580.0,58788,727260,2113141700.0,3581.0,14,3580.0,9
rb1805,20171019,20171018,210337500,3579.0,59018,727152,2121375440.0,3580.0,301,3579.0,146
rb1805,20171019,20171018,210338000,3579.0,59316,727080,2132043700.0,3580.0,159,3579.0,122
rb1805,20171019,20171018,210338500,3580.0,59990,727304,2156172980.0,3581.0,13,3580.0,23
rb1805,20171019,20171018,210339000,3580.0,60664,726980,2180298620.0,3581.0,11,3578.0,249
rb1805,20171019,20171018,210339500,3581.0,60798,727054,2185096100.0,3582.0,164,3581.0,26
rb1805,20171019,20171018,210340000,3579.0,60898,727142,2188676700.0,3581.0,20,3579.0,89
rb1805,20171019,20171018,210340500,3579.0,61110,726988,2196264180.0,3579.0,401,3578.0,261
rb1805,20171019,20171018,210341000,3579.0,61526,726746,2211152480.0,3579.0,223,3578.0,317
rb1805,20171019,20171018,210341500,3581.0,62130,726718,2232772040.0,3581.0,7,3579.0,12
rb1805,20171019,20171018,210342000,3580.0,62196,726702,2235134960.0,3581.0,14,3580.0,44
rb1805,20171019,20171018,210342500,3582.0,62250,726688,2237068920.0,3581.0,1,3580.0,50
rb1805,20171019,20171018,210343000,3582.0,62276,726692,2238000000.0,3582.0,149,3581.0,41
rb1805,20171019,20171018,210343500,3580.0,62426,726658,2243371580.0,3581.0,19,3580.0,63
rb1805,20171019,20171018,210344000,3580.0,62588,726718,2249171440.0,3580.0,80,3579.0,110
rb1805,20171019,20171018,210344500,3580.0,62846,726710,2258405840.0,3580.0,66,3579.0,28
rb1805,20171019,20171018,210345000,3580.0,62872,726724,2259336640.0,3580.0,62,3579.0,36
rb1805,20171019,20171018,210345500,3580.0,63090,726896,2267141880.0,3581.0,38,3580.0,10
rb1805,20171019,20171018,210346000,3580.0,63092,726896,2267213480.0,3581.0,38,3580.0,27
rb1805,20171019,20171018,210346500,3581.0,63212,726872,2271510560.0,3582.0,148,3581.0,7
rb1805,20171019,20171018,210347000,3580.0,63294,726856,2274446700.0,3581.0,114,3580.0,106
rb1805,20171019,20171018,210347500,3580.0,63338,726850,2276022320.0,3581.0,93,3580.0,120
rb1805,20171019,20171018,210348000,3581.0,63530,726954,2282896140.0,3581.0,105,3580.0,6
rb1805,20171019,20171018,210348500,3580.0,63564,726972,2284113340.0,3580.0,6,3579.0,59
rb1805,20171019,20171018,210349000,3581.0,63592,726982,2285115780.0,3581.0,104,3580.0,13
rb1805,20171019,20171018,210349500,3581.0,63636,726940,2286691340.0,3581.0,89,3580.0,13
rb1805,20171019,20171018,210350000,3579.0,64030,726852,2300792940.0,3579.0,5,3578.0,325
rb1805,20171019,20171018,210350500,3579.0,64134,726910,2304515780.0,3579.0,166,3578.0,323
rb1805,20171019,20171018,210351000,3579.0,64306,726970,2310671440.0,3579.0,91,3578.0,305
rb1805,20171019,20171018,210351500,3579.0,64444,727026,2315610460.0,3579.0,22,3578.0,308
rb1805,20171019,20171018,210352000,3578.0,64580,727056,2320478240.0,3580.0,1,3578.0,368
rb1805,20171019,20171018,210352500,3579.0,64768,726986,2327208140.0,3581.0,38,3579.0,73
rb1805,20171019,20171018,210353000,3579.0,64904,726998,2332076020.0,3580.0,1,3579.0,39
rb1805,20171019,20171018,210353500,3579.0,64910,726998,2332290780.0,3581.0,41,3580.0,2
rb1805,20171019,20171018,210354000,3581.0,64948,727000,2333651180.0,3581.0,57,3580.0,22
rb1805,20171019,20171018,210354500,3580.0,65002,727034,2335584420.0,3581.0,79,3580.0,50
rb1805,20171019,20171018,210355000,3580.0,65022,727028,2336300540.0,3581.0,68,3580.0,158
rb1805,20171019,20171018,210355500,3581.0,65052,727034,2337374840.0,3581.0,37,3580.0,164
rb1805,20171019,20171018,210356000,3581.0,65084,727040,2338520740.0,3581.0,21,3580.0,185
rb1805,20171019,20171018,210356500,3581.0,65134,727044,2340311000.0,3581.0,10,3580.0,194
rb1805,20171019,20171018,210357000,3581.0,65224,727112,2343533900.0,3582.0,166,3581.0,173
rb1805,20171019,20171018,210357500,3582.0,65254,727110,2344608300.0,3582.0,163,3581.0,169
rb1805,20171019,20171018,210358000,3582.0,65334,727054,2347473780.0,3582.0,129,3581.0,277
rb1805,20171019,20171018,210358500,3581.0,65358,727052,2348333380.0,3582.0,126,3581.0,313
rb1805,20171019,20171018,210359000,3582.0,65650,727204,2358792800.0,3582.0,156,3581.0,314
rb1805,20171019,20171018,210359500,3582.0,66104,727204,2375052820.0,3582.0,42,3581.0,201
rb1805,20171019,20171018,210400000,3583.0,66192,727196,2378205020.0,3583.0,113,3582.0,118
rb1805,20171019,20171018,210400500,3583.0,66238,727186,2379853120.0,3583.0,121,3582.0,121
rb1805,20171019,20171018,210401000,3581.0,66684,727108,2395827600.0,3582.0,63,3581.0,144
rb1805,20171019,20171018,210401500,3582.0,66706,727096,2396615600.0,3582.0,50,3581.0,135
rb1805,20171019,20171018,210402000,3582.0,66724,727090,2397260320.0,3582.0,47,3581.0,82
rb1805,20171019,20171018,210402500,3582.0,66738,727086,2397761800.0,3582.0,55,3581.0,85
rb1805,20171019,20171018,210403000,3582.0,66768,727078,2398836360.0,3582.0,60,3581.0,86
rb1805,20171019,20171018,210403500,3582.0,66904,727082,2403707440.0,3582.0,15,3581.0,74
rb1805,20171019,20171018,210404000,3582.0,67006,727134,2407361080.0,3583.0,100,3582.0,20
rb1805,20171019,20171018,210404500,3582.0,67182,727062,2413665000.0,3582.0,83,3581.0,56
rb1805,20171019,20171018,210405000,3581.0,67218,727080,2414954300.0,3582.0,80,3581.0,50
rb1805,20171019,20171018,210405500,3582.0,67250,727090,2416100420.0,3582.0,69,3581.0,62
rb1805,20171019,20171018,210406000,3581.0,67280,727084,2417174800.0,3582.0,69,3581.0,54
rb1805,20171019,20171018,210406500,3582.0,67356,727088,2419897060.0,3582.0,39,3581.0,41
rb1805,20171019,20171018,210407000,3581.0,67386,727098,2420971640.0,3582.0,40,3581.0,42
rb1805,20171019,20171018,210407500,3582.0,67416,727110,2422046100.0,3582.0,37,3581.0,132
rb1805,20171019,20171018,210408000,3582.0,67494,727060,2424840060.0,3583.0,81,3582.0,12
rb1805,20171019,20171018,210408500,3583.0,67512,727048,2425484840.0,3583.0,58,3582.0,37
rb1805,20171019,20171018,210409000,3583.0,67516,727050,2425628140.0,3583.0,58,3582.0,89
rb1805,20171019,20171018,210409500,3583.0,67590,727046,2428279260.0,3583.0,38,3582.0,128
rb1805,20171019,20171018,210410000,3582.0,67972,727078,2441963260.0,3582.0,63,3581.0,55
rb1805,20171019,20171018,210410500,3582.0,68030,727078,2444040600.0,3582.0,46,3581.0,47
rb1805,20171019,20171018,210411000,3582.0,68074,727072,2445616580.0,3582.0,39,3581.0,58
rb1805,20171019,20171018,210411500,3581.0,68162,727060,2448768520.0,3582.0,6,3581.0,40
rb1805,20171019,20171018,210412000,3584.0,68208,727076,2450416400.0,3584.0,66,3583.0,1
rb1805,20171019,20171018,210412500,3582.0,68308,727012,2453998500.0,3583.0,57,3582.0,21
rb1805,20171019,20171018,210413000,3583.0,68312,727014,2454141800.0,3583.0,62,3582.0,86
rb1805,20171019,20171018,210413500,3583.0,68362,727042,2455933020.0,3583.0,48,3582.0,86
rb1805,20171019,20171018,210414000,3583.0,68394,727030,2457079380.0,3583.0,115,3582.0,83
rb1805,20171019,20171018,210414500,3583.0,68422,727026,2458082420.0,3583.0,141,3582.0,95
rb1805,20171019,20171018,210415000,3583.0,68486,727024,2460375340.0,3583.0,119,3582.0,85
rb1805,20171019,20171018,210415500,3583.0,68512,727024,2461306720.0,3583.0,121,3582.0,51
rb1805,20171019,20171018,210416000,3583.0,68780,726910,2470908800.0,3584.0,107,3583.0,107
rb1805,20171019,20171018,210416500,3582.0,69000,727006,2478791380.0,3583.0,69,3582.0,80
rb1805,20171019,20171018,210417000,3582.0,69024,727024,2479651100.0,3583.0,75,3582.0,72
rb1805,20171019,20171018,210417500,3583.0,69186,727110,2485454140.0,3583.0,122,3582.0,1
rb1805,20171019,20171018,210418000,3582.0,69224,727084,2486815300.0,3582.0,16,3581.0,358
rb1805,20171019,20171018,210418500,3582.0,69280,727088,2488821000.0,3582.0,45,3581.0,352
rb1805,20171019,20171018,210419000,3582.0,69348,727066,2491256500.0,3582.0,170,3581.0,340
rb1805,20171019,20171018,210419500,3582.0,69530,727120,2497774100.0,3582.0,165,3581.0,258
rb1805,20171019,20171018,210420000,3581.0,70038,726952,2515968660.0,3582.0,20,3581.0,158
rb1805,20171019,20171018,210420500,3581.0,70158,727020,2520266380.0,3582.0,17,3581.0,125
rb1805,20171019,20171018,210421000,3582.0,70250,726986,2523561600.0,3583.0,147,3582.0,10
rb1805,20171019,20171018,210421500,3582.0,70332,727030,2526498400.0,3582.0,73,3581.0,92
rb1805,20171019,20171018,210422000,3582.0,70670,726900,2538604240.0,3583.0,157,3580.0,300
rb1805,20171019,20171018,210422500,3582.0,70952,726744,2548707020.0,3582.0,5,3580.0,310
rb1805,20171019,20171018,210423000,3582.0,71014,726796,2550927860.0,3581.0,7,3580.0,638
rb1805,20171019,20171018,210423500,3581.0,71106,726756,2554222500.0,3582.0,28,3581.0,10
rb1805,20171019,20171018,210424000,3582.0,71148,726746,2555726580.0,3582.0,39,3580.0,639
rb1805,20171019,20171018,210424500,3581.0,71180,726768,2556872240.0,3581.0,6,3580.0,684
rb1805,20171019,20171018,210425000,3581.0,71230,726806,2558662780.0,3582.0,30,3581.0,52
rb1805,20171019,20171018,210425500,3581.0,71376,726856,2563891560.0,3582.0,34,3580.0,639
rb1805,20171019,20171018,210426000,3581.0,71468,726926,2567186220.0,3582.0,36,3581.0,11
rb1805,20171019,20171018,210426500,3580.0,71640,726864,2573344120.0,3581.0,31,3580.0,571
rb1805,20171019,20171018,210427000,3580.0,71702,726836,2575563780.0,3581.0,52,3580.0,555
rb1805,20171019,20171018,210427500,3581.0,71768,726806,2577926620.0,3581.0,86,3580.0,534
rb1805,20171019,20171018,210428000,3580.0,71912,726694,2583081980.0,3581.0,48,3580.0,482
rb1805,20171019,20171018,210428500,3581.0,71962,726684,2584872260.0,3581.0,60,3580.0,482
rb1805,20171019,20171018,210429000,3581.0,72028,726658,2587235200.0,3581.0,43,3580.0,459
rb1805,20171019,20171018,210429500,3581.0,72164,726622,2592104080.0,3581.0,49,3580.0,395
rb1805,20171019,20171018,210430000,3580.0,72252,726690,2595254540.0,3581.0,52,3580.0,355
rb1805,20171019,20171018,210430500,3581.0,72348,726734,2598691880.0,3581.0,37,3580.0,335
rb1805,20171019,20171018,210431000,3580.0,72388,726758,2600123900.0,3581.0,31,3580.0,315
rb1805,20171019,20171018,210431500,3581.0,72470,726828,2603059560.0,3581.0,36,3580.0,278
rb1805,20171019,20171018,210432000,3580.0,73042,727236,2623537160.0,3580.0,288,3579.0,108
rb1805,20171019,20171018,210432500,3579.0,73108,727242,2625899420.0,3580.0,283,3579.0,76
rb1805,20171019,20171018,210433000,3580.0,73234,727236,2630409180.0,3580.0,281,3579.0,29
rb1805,20171019,20171018,210433500,3579.0,73326,727302,2633701860.0,3579.0,82,3578.0,391
rb1805,20171019,20171018,210434000,3578.0,73364,727326,2635061640.0,3579.0,104,3578.0,375
rb1805,20171019,20171018,210434500,3578.0,73496,727380,2639784960.0,3579.0,113,3578.0,328
rb1805,20171019,20171018,210435000,3578.0,73552,727418,2641788700.0,3579.0,116,3578.0,305
rb1805,20171019,20171018,210435500,3579.0,73596,727448,2643363140.0,3579.0,109,3578.0,289
rb1805,20171019,20171018,210436000,3578.0,73680,727500,2646368800.0,3579.0,104,3578.0,251
rb1805,20171019,20171018,210436500,3578.0,73758,727564,2649159660.0,3579.0,94,3578.0,213
rb1805,20171019,20171018,210437000,3578.0,74208,727298,2665260620.0,3578.0,135,3577.0,98
rb1805,20171019,20171018,210437500,3577.0,74392,727416,2671842440.0,3578.0,134,3577.0,17
rb1805,20171019,20171018,210438000,3576.0,74532,727422,2676849900.0,3577.0,83,3576.0,73
rb1805,20171019,20171018,210438500,3576.0,74776,727390,2685575940.0,3576.0,93,3575.0,342
rb1805,20171019,20171018,210439000,3575.0,75062,727404,2695801380.0,3576.0,58,3575.0,299
rb1805,20171019,20171018,210439500,3575.0,75234,727316,2701950940.0,3576.0,34,3575.0,248
rb1805,20171019,20171018,210440000,3575.0,75322,727342,2705097200.0,3576.0,27,3575.0,214
rb1805,20171019,20171018,210440500,3575.0,75796,727576,2722043180.0,3575.0,9,3574.0,195
rb1805,20171019,20171018,210441000,3575.0,75844,727562,2723758980.0,3575.0,3,3574.0,188
rb1805,20171019,20171018,210441500,3575.0,75910,727548,2726118240.0,3575.0,79,3574.0,189
rb1805,20171019,20171018,210442000,3575.0,76042,727542,2730836780.0,3575.0,56,3574.0,166
rb1805,20171019,20171018,210442500,3575.0,76210,727564,2736841260.0,3575.0,54,3574.0,93
rb1805,20171019,20171018,210443000,3575.0,76334,727596,2741273900.0,3575.0,12,3574.0,77
rb1805,20171019,20171018,210443500,3575.0,76382,727624,2742989680.0,3576.0,34,3575.0,12
rb1805,20171019,20171018,210444000,3575.0,76624,727664,2751640900.0,3575.0,15,3574.0,61
rb1805,20171019,20171018,210444500,3574.0,76782,727618,2757289300.0,3576.0,21,3575.0,21
rb1805,20171019,20171018,210445000,3575.0,76904,727588,2761650620.0,3576.0,17,3575.0,5
rb1805,20171019,20171018,210445500,3575.0,77000,727556,2765082240.0,3576.0,77,3575.0,5
rb1805,20171019,20171018,210446000,3574.0,77078,727586,2767870660.0,3575.0,35,3574.0,31
rb1805,20171019,20171018,210446500,3574.0,77164,727626,2770944840.0,3575.0,65,3574.0,82
rb1805,20171019,20171018,210447000,3575.0,77246,727666,2773875860.0,3575.0,46,3574.0,60
rb1805,20171019,20171018,210447500,3575.0,77388,727802,2778952360.0,3576.0,79,3575.0,2
rb1805,20171019,20171018,210448000,3575.0,77442,727842,2780882740.0,3575.0,6,3574.0,66
rb1805,20171019,20171018,210448500,3575.0,77498,727836,2782884820.0,3576.0,75,3575.0,39
rb1805,20171019,20171018,210449000,3575.0,77526,727840,2783885880.0,3576.0,71,3575.0,45
rb1805,20171019,20171018,210449500,3576.0,77566,727846,2785315920.0,3576.0,66,3575.0,35
rb1805,20171019,20171018,210450000,3576.0,77646,727904,2788175960.0,3576.0,68,3575.0,35
rb1805,20171019,20171018,210450500,3575.0,77854,727930,2795611860.0,3575.0,31,3574.0,63
rb1805,20171019,20171018,210451000,3576.0,77956,727918,2799258080.0,3576.0,52,3575.0,31
rb1805,20171019,20171018,210451500,3576.0,78030,727938,2801903740.0,3576.0,63,3575.0,40
rb1805,20171019,20171018,210452000,3575.0,78088,727964,2803977240.0,3576.0,88,3575.0,23
rb1805,20171019,20171018,210452500,3575.0,78170,727984,2806908960.0,3576.0,81,3575.0,5
rb1805,20171019,20171018,210453000,3575.0,78220,728000,2808696500.0,3576.0,68,3575.0,7
rb1805,20171019,20171018,210453500,3575.0,78268,728032,2810412680.0,3575.0,8,3574.0,65
rb1805,20171019,20171018,210454000,3575.0,78360,728042,2813700980.0,3575.0,37,3574.0,41
rb1805,20171019,20171018,210454500,3575.0,78396,728066,2814987700.0,3575.0,37,3574.0,23
rb1805,20171019,20171018,210455000,3575.0,78412,728064,2815559700.0,3575.0,32,3574.0,23
rb1805,20171019,20171018,210455500,3575.0,78430,728060,2816203120.0,3575.0,36,3574.0,22
rb1805,20171019,20171018,210456000,3575.0,78460,728034,2817275620.0,3575.0,98,3574.0,18
rb1805,20171019,20171018,210456500,3574.0,78518,728058,2819348620.0,3574.0,3,3573.0,176
rb1805,20171019,20171018,210457000,3575.0,78572,728024,2821278780.0,3575.0,86,3574.0,10
rb1805,20171019,20171018,210457500,3574.0,78810,728078,2829784680.0,3575.0,94,3574.0,47
rb1805,20171019,20171018,210458000,3574.0,78988,728216,2836146420.0,3574.0,3,3573.0,173
rb1805,20171019,20171018,210458500,3575.0,79056,728214,2838577140.0,3575.0,78,3574.0,4
rb1805,20171019,20171018,210459000,3574.0,79124,728278,2841007060.0,3575.0,81,3574.0,14
rb1805,20171019,20171018,210459500,3575.0,79174,728300,2842794080.0,3575.0,83,3574.0,32
rb1805,20171019,20171018,210500000,3574.0,79414,728424,2851373660.0,3576.0,73,3575.0,1
rb1805,20171019,20171018,210500500,3574.0,79810,728618,2865523820.0,3574.0,37,3572.0,181
rb1805,20171019,20171018,210501000,3575.0,80264,728956,2881746260.0,3575.0,115,3573.0,2
rb1805,20171019,20171018,210501500,3575.0,80294,728946,2882818420.0,3574.0,2,3573.0,3
rb1805,20171019,20171018,210502000,3575.0,80362,728914,2885248800.0,3574.0,2,3573.0,66
rb1805,20171019,20171018,210502500,3575.0,80510,728854,2890539120.0,3575.0,35,3574.0,131
rb1805,20171019,20171018,210503000,3574.0,80806,728898,2901119540.0,3575.0,16,3574.0,15
rb1805,20171019,20171018,210503500,3574.0,80906,728886,2904694040.0,3575.0,18,3574.0,24
rb1805,20171019,20171018,210504000,3573.0,81018,728960,2908696820.0,3574.0,101,3573.0,139
rb1805,20171019,20171018,210504500,3574.0,81184,729016,2914629200.0,3574.0,27,3573.0,110
rb1805,20171019,20171018,210505000,3573.0,81284,729024,2918202640.0,3574.0,26,3573.0,103
rb1805,20171019,20171018,210505500,3574.0,81432,729016,2923492160.0,3575.0,38,3574.0,11
rb1805,20171019,20171018,210506000,3575.0,81566,729098,2928281340.0,3575.0,33,3574.0,4
rb1805,20171019,20171018,210506500,3575.0,81678,729062,2932285100.0,3575.0,43,3574.0,172
rb1805,20171019,20171018,210507000,3575.0,81776,729094,2935788600.0,3576.0,68,3575.0,141
rb1805,20171019,20171018,210507500,3576.0,82080,729180,2946657960.0,3577.0,50,3576.0,19
rb1805,20171019,20171018,210508000,3576.0,82136,729186,2948660840.0,3577.0,34,3576.0,57
rb1805,20171019,20171018,210508500,3577.0,82252,729144,2952809980.0,3578.0,61,3577.0,13
rb1805,20171019,20171018,210509000,3576.0,82408,729194,2958389260.0,3578.0,60,3576.0,16
rb1805,20171019,20171018,210509500,3578.0,82598,729348,2965187400.0,3579.0,54,3578.0,28
rb1805,20171019,20171018,210510000,3576.0,82756,729380,2970839460.0,3578.0,1,3576.0,12
rb1805,20171019,20171018,210510500,3578.0,82874,729338,2975060680.0,3578.0,71,3577.0,6
rb1805,20171019,20171018,210511000,3579.0,82982,729298,2978924600.0,3579.0,51,3578.0,10
rb1805,20171019,20171018,210511500,3577.0,83076,729308,2982287520.0,3578.0,1,3577.0,78
rb1805,20171019,20171018,210512000,3578.0,83220,729286,2987438760.0,3578.0,1,3577.0,26
rb1805,20171019,20171018,210512500,3578.0,83482,729182,2996811360.0,3579.0,39,3578.0,10
rb1805,20171019,20171018,210513000,3578.0,83564,729146,2999744360.0,3579.0,43,3576.0,6
rb1805,20171019,20171018,210513500,3579.0,83654,729118,3002964920.0,3579.0,50,3578.0,40
rb1805,20171019,20171018,210514000,3578.0,83720,729116,3005326500.0,3579.0,65,3578.0,20
rb1805,20171019,20171018,210514500,3578.0,83796,729084,3008045780.0,3578.0,5,3577.0,4
rb1805,20171019,20171018,210515000,3575.0,83928,729050,3012766340.0,3576.0,24,3575.0,118
rb1805,20171019,20171018,210515500,3579.0,84080,729048,3018204280.0,3579.0,49,3576.0,106
rb1805,20171019,20171018,210516000,3577.0,84126,729032,3019850400.0,3579.0,43,3577.0,2
rb1805,20171019,20171018,210516500,3577.0,84166,729042,3021281320.0,3579.0,69,3577.0,6
rb1805,20171019,20171018,210517000,3579.0,84184,729040,3021925480.0,3579.0,144,3577.0,28
rb1805,20171019,20171018,210517500,3579.0,84480,728770,3032519260.0,3580.0,184,3579.0,175
rb1805,20171019,20171018,210518000,3579.0,84628,728812,3037817260.0,3580.0,147,3579.0,165
rb1805,20171019,20171018,210518500,3580.0,84676,728816,3039535280.0,3580.0,143,3579.0,147
rb1805,20171019,20171018,210519000,3580.0,84712,728796,3040823980.0,3580.0,131,3579.0,346
rb1805,20171019,20171018,210519500,3580.0,84756,728766,3042399060.0,3580.0,127,3579.0,345
rb1805,20171019,20171018,210520000,3580.0,84886,728784,3047053060.0,3581.0,155,3580.0,73
rb1805,20171019,20171018,210520500,3581.0,84912,728776,3047983960.0,3581.0,162,3580.0,76
rb1805,20171019,20171018,210521000,3580.0,85062,728720,3053355000.0,3581.0,124,3580.0,156
rb1805,20171019,20171018,210521500,3581.0,85200,728792,3058295480.0,3581.0,134,3580.0,98
rb1805,20171019,20171018,210522000,3580.0,85482,728804,3068391080.0,3580.0,15,3579.0,362
rb1805,20171019,20171018,210522500,3580.0,85606,728820,3072831260.0,3581.0,112,3580.0,17
rb1805,20171019,20171018,210523000,3580.0,85680,728820,3075480460.0,3580.0,2,3579.0,368
rb1805,20171019,20171018,210523500,3580.0,85690,728820,3075838480.0,3581.0,133,3580.0,11
rb1805,20171019,20171018,210524000,3580.0,85816,728732,3080348320.0,3580.0,47,3579.0,314
rb1805,20171019,20171018,210524500,3580.0,85970,728652,3085861900.0,3581.0,167,3579.0,314
rb1805,20171019,20171018,210525000,3580.0,85990,728648,3086577900.0,3580.0,41,3579.0,314
rb1805,20171019,20171018,210525500,3581.0,86088,728558,3090086400.0,3581.0,177,3580.0,16
rb1805,20171019,20171018,210526000,3580.0,86134,728534,3091733400.0,3580.0,10,3579.0,328
rb1805,20171019,20171018,210526500,3581.0,86182,728500,3093452020.0,3581.0,152,3580.0,14
rb1805,20171019,20171018,210527000,3580.0,86286,728456,3097175480.0,3580.0,4,3579.0,303
rb1805,20171019,20171018,210527500,3581.0,86318,728436,3098321320.0,3581.0,169,3580.0,10
rb1805,20171019,20171018,210528000,3580.0,86358,728408,3099753280.0,3580.0,21,3579.0,305
rb1805,20171019,20171018,210528500,3580.0,86382,728386,3100612460.0,3580.0,11,3579.0,307
rb1805,20171019,20171018,210529000,3580.0,86484,728296,3104264120.0,3581.0,142,3580.0,35
rb1805,20171019,20171018,210529500,3580.0,86530,728282,3105911300.0,3581.0,124,3580.0,42
rb1805,20171019,20171018,210530000,3580.0,86610,728256,3108775540.0,3581.0,79,3580.0,21
rb1805,20171019,20171018,210530500,3580.0,86698,728200,3111925600.0,3580.0,5,3579.0,292
rb1805,20171019,20171018,210531000,3580.0,86724,728202,3112856380.0,3581.0,119,3580.0,1
rb1805,20171019,20171018,210531500,3580.0,86768,728198,3114431560.0,3580.0,9,3579.0,283
rb1805,20171019,20171018,210532000,3580.0,86822,728146,3116364260.0,3580.0,36,3579.0,259
rb1805,20171019,20171018,210532500,3579.0,86878,728144,3118369040.0,3580.0,103,3579.0,258
rb1805,20171019,20171018,210533000,3580.0,86922,728110,3119944040.0,3580.0,163,3579.0,248
rb1805,20171019,20171018,210533500,3579.0,87078,728088,3125528540.0,3580.0,149,3579.0,234
rb1805,20171019,20171018,210534000,3580.0,87096,728090,3126172920.0,3580.0,145,3579.0,233
rb1805,20171019,20171018,210534500,3580.0,87110,728092,3126674040.0,3580.0,164,3579.0,235
rb1805,20171019,20171018,210535000,3580.0,87178,728052,3129108340.0,3580.0,132,3579.0,230
rb1805,20171019,20171018,210535500,3580.0,87304,728074,3133618100.0,3580.0,85,3579.0,179
rb1805,20171019,20171018,210536000,3579.0,87312,728074,3133904460.0,3580.0,85,3579.0,177
rb1805,20171019,20171018,210536500,3580.0,87398,728030,3136983200.0,3580.0,45,3579.0,174
rb1805,20171019,20171018,210537000,3580.0,87492,728016,3140348400.0,3581.0,131,3580.0,5
rb1805,20171019,20171018,210537500,3580.0,87524,728006,3141494000.0,3580.0,6,3579.0,177
rb1805,20171019,20171018,210538000,3581.0,87536,728008,3141923600.0,3581.0,142,3579.0,176
rb1805,20171019,20171018,210538500,3580.0,87574,728042,3143283960.0,3581.0,142,3580.0,87
rb1805,20171019,20171018,210539000,3580.0,87610,728068,3144572760.0,3581.0,142,3580.0,102
rb1805,20171019,20171018,210539500,3581.0,87622,728060,3145002460.0,3581.0,137,3580.0,111
rb1805,20171019,20171018,210540000,3580.0,87624,728060,3145074060.0,3581.0,141,3580.0,117
rb1805,20171019,20171018,210540500,3580.0,87734,727964,3149013060.0,3581.0,91,3580.0,113
rb1805,20171019,20171018,210541000,3581.0,87958,727866,3157033660.0,3581.0,24,3580.0,73
rb1805,20171019,20171018,210541500,3580.0,88112,727866,3162546900.0,3580.0,3,3579.0,193
rb1805,20171019,20171018,210542000,3581.0,88182,727830,3165053540.0,3582.0,186,3581.0,26
rb1805,20171019,20171018,210542500,3581.0,88238,727830,3167059320.0,3582.0,165,3581.0,61
rb1805,20171019,20171018,210543000,3581.0,88288,727824,3168849900.0,3582.0,163,3581.0,44
rb1805,20171019,20171018,210543500,3581.0,88380,727838,3172144420.0,3581.0,17,3580.0,47
rb1805,20171019,20171018,210544000,3581.0,88418,727864,3173505100.0,3581.0,5,3580.0,67
rb1805,20171019,20171018,210544500,3581.0,88430,727872,3173934820.0,3581.0,1,3580.0,68
rb1805,20171019,20171018,210545000,3581.0,88432,727872,3174006440.0,3581.0,8,3580.0,67
rb1805,20171019,20171018,210545500,3580.0,88472,727858,3175438480.0,3581.0,158,3580.0,45
rb1805,20171019,20171018,210546000,3580.0,88592,727878,3179734480.0,3580.0,38,3579.0,220
rb1805,20171019,20171018,210546500,3580.0,88612,727878,3180450480.0,3580.0,27,3579.0,218
rb1805,20171019,20171018,210547000,3580.0,88660,727910,3182168860.0,3580.0,8,3579.0,217
rb1805,20171019,20171018,210547500,3579.0,88670,727910,3182526820.0,3580.0,5,3579.0,215
rb1805,20171019,20171018,210548000,3580.0,88710,727904,3183959020.0,3581.0,162,3580.0,30
rb1805,20171019,20171018,210548500,3580.0,88756,727906,3185605820.0,3581.0,160,3580.0,15
rb1805,20171019,20171018,210549000,3580.0,88810,727900,3187539000.0,3580.0,61,3579.0,215
rb1805,20171019,20171018,210549500,3580.0,88816,727898,3187753800.0,3580.0,58,3579.0,216
rb1805,20171019,20171018,210550000,3580.0,88866,727938,3189543780.0,3580.0,40,3579.0,226
rb1805,20171019,20171018,210550500,3580.0,88946,727970,3192407780.0,3580.0,4,3579.0,226
rb1805,20171019,20171018,210551000,3580.0,88974,727988,3193410360.0,3581.0,143,3579.0,226
rb1805,20171019,20171018,210551500,3581.0,89098,727992,3197848400.0,3581.0,140,3580.0,2
rb1805,20171019,20171018,210552000,3579.0,89122,728004,3198707480.0,3580.0,7,3579.0,166
rb1805,20171019,20171018,210552500,3580.0,89136,728018,3199208580.0,3580.0,5,3579.0,154
rb1805,20171019,20171018,210553000,3580.0,89166,728026,3200282600.0,3581.0,152,3580.0,11
rb1805,20171019,20171018,210553500,3579.0,89194,728026,3201284960.0,3580.0,49,3579.0,153
rb1805,20171019,20171018,210554000,3580.0,89304,728120,3205222940.0,3581.0,155,3580.0,5
rb1805,20171019,20171018,210554500,3581.0,89314,728116,3205580960.0,3581.0,155,3580.0,4
rb1805,20171019,20171018,210555000,3581.0,89314,728116,3205580960.0,3581.0,177,3580.0,10
rb1805,20171019,20171018,210555500,3580.0,89358,728134,3207156140.0,3580.0,35,3579.0,163
rb1805,20171019,20171018,210556000,3579.0,89684,728088,3218824880.0,3581.0,200,3580.0,14
rb1805,20171019,20171018,210556500,3580.0,89696,728088,3219254480.0,3581.0,200,3580.0,36
rb1805,20171019,20171018,210557000,3580.0,89698,728090,3219326080.0,3581.0,200,3580.0,38
rb1805,20171019,20171018,210557500,3581.0,89706,728084,3219612560.0,3581.0,196,3580.0,41
rb1805,20171019,20171018,210558000,3581.0,89716,728084,3219970600.0,3581.0,110,3580.0,58
rb1805,20171019,20171018,210558500,3580.0,89886,727978,3226056600.0,3580.0,26,3579.0,60
rb1805,20171019,20171018,210559000,3580.0,89988,727948,3229708200.0,3580.0,2,3579.0,67
rb1805,20171019,20171018,210559500,3580.0,90002,727946,3230209420.0,3581.0,109,3580.0,48
rb1805,20171019,20171018,210600000,3581.0,90142,727912,3235222800.0,3581.0,61,3580.0,48
rb1805,20171019,20171018,210600500,3580.0,90300,727796,3240880560.0,3581.0,34,3580.0,59
rb1805,20171019,20171018,210601000,3580.0,90500,727730,3248040320.0,3580.0,7,3579.0,40
rb1805,20171019,20171018,210601500,3579.0,90506,727728,3248255060.0,3580.0,8,3579.0,37
rb1805,20171019,20171018,210602000,3580.0,90604,727782,3251762860.0,3580.0,98,3579.0,10
rb1805,20171019,20171018,210602500,3579.0,90668,727826,3254053420.0,3579.0,54,3578.0,245
rb1805,20171019,20171018,210603000,3578.0,91062,728040,3268150920.0,3579.0,133,3578.0,57
rb1805,20171019,20171018,210603500,3578.0,91222,728166,3273875740.0,3578.0,39,3577.0,57
rb1805,20171019,20171018,210604000,3577.0,91294,728174,3276451220.0,3578.0,52,3577.0,23
rb1805,20171019,20171018,210604500,3578.0,91334,728200,3277882320.0,3578.0,11,3577.0,18
rb1805,20171019,20171018,210605000,3577.0,91380,728184,3279527780.0,3577.0,2,3576.0,48
rb1805,20171019,20171018,210605500,3577.0,91396,728178,3280100100.0,3578.0,12,3577.0,1
rb1805,20171019,20171018,210606000,3577.0,91408,728184,3280529320.0,3577.0,6,3576.0,54
rb1805,20171019,20171018,210606500,3577.0,91440,728210,3281673920.0,3577.0,5,3576.0,55
rb1805,20171019,20171018,210607000,3577.0,91460,728220,3282389320.0,3578.0,31,3577.0,3
rb1805,20171019,20171018,210607500,3578.0,91482,728238,3283176340.0,3578.0,28,3577.0,12
rb1805,20171019,20171018,210608000,3578.0,91554,728304,3285752720.0,3579.0,50,3578.0,4
rb1805,20171019,20171018,210608500,3577.0,91714,728424,3291477080.0,3579.0,64,3578.0,2
rb1805,20171019,20171018,210609000,3578.0,91724,728426,3291834840.0,3579.0,52,3578.0,16
rb1805,20171019,20171018,210609500,3578.0,91772,728418,3293552380.0,3578.0,72,3577.0,15
rb1805,20171019,20171018,210610000,3577.0,91780,728418,3293838540.0,3578.0,75,3577.0,11
rb1805,20171019,20171018,210610500,3577.0,91852,728368,3296414200.0,3578.0,64,3577.0,22
rb1805,20171019,20171018,210611000,3578.0,91994,728322,3301494320.0,3578.0,25,3577.0,1
rb1805,20171019,20171018,210611500,3578.0,91998,728318,3301637440.0,3578.0,143,3577.0,6
rb1805,20171019,20171018,210612000,3577.0,92028,728340,3302710540.0,3577.0,60,3576.0,100
rb1805,20171019,20171018,210612500,3577.0,92242,728364,3310366180.0,3578.0,105,3577.0,71
rb1805,20171019,20171018,210613000,3577.0,92432,728344,3317164020.0,3578.0,28,3577.0,58
rb1805,20171019,20171018,210613500,3578.0,92546,728304,3321242940.0,3579.0,98,3578.0,63
rb1805,20171019,20171018,210614000,3579.0,92554,728306,3321529260.0,3579.0,85,3578.0,60
rb1805,20171019,20171018,210614500,3578.0,92662,728298,3325393780.0,3579.0,70,3578.0,27
rb1805,20171019,20171018,210615000,3578.0,92696,728298,3326610320.0,3579.0,69,3578.0,26
rb1805,20171019,20171018,210615500,3578.0,92704,728302,3326896580.0,3579.0,69,3578.0,45
rb1805,20171019,20171018,210616000,3579.0,92714,728308,3327254480.0,3579.0,59,3578.0,45
rb1805,20171019,20171018,210616500,3578.0,92736,728300,3328041640.0,3579.0,63,3578.0,48
rb1805,20171019,20171018,210617000,3578.0,92764,728296,3329043740.0,3579.0,47,3578.0,59
rb1805,20171019,20171018,210617500,3578.0,92768,728298,3329186880.0,3579.0,46,3578.0,59
rb1805,20171019,20171018,210618000,3578.0,92778,728298,3329544680.0,3579.0,47,3578.0,60
rb1805,20171019,20171018,210618500,3579.0,92788,728298,3329902580.0,3579.0,46,3578.0,52
rb1805,20171019,20171018,210619000,3579.0,92814,728284,3330833060.0,3579.0,39,3578.0,44
rb1805,20171019,20171018,210619500,3579.0,92884,728288,3333338140.0,3579.0,48,3578.0,68
rb1805,20171019,20171018,210620000,3578.0,92888,728290,3333481280.0,3579.0,47,3578.0,67
rb1805,20171019,20171018,210620500,3579.0,92910,728298,3334268640.0,3579.0,37,3578.0,63
rb1805,20171019,20171018,210621000,3579.0,92912,728298,3334340220.0,3579.0,37,3578.0,64
rb1805,20171019,20171018,210621500,3578.0,92954,728318,3335843060.0,3579.0,33,3578.0,55
rb1805,20171019,20171018,210622000,3579.0,92964,728318,3336200940.0,3580.0,195,3579.0,4
rb1805,20171019,20171018,210622500,3579.0,93032,728286,3338634080.0,3579.0,47,3578.0,18
rb1805,20171019,20171018,210623000,3579.0,93052,728286,3339349880.0,3579.0,41,3578.0,34
rb1805,20171019,20171018,210623500,3579.0,93070,728298,3339994100.0,3579.0,37,3578.0,50
rb1805,20171019,20171018,210624000,3579.0,93070,728298,3339994100.0,3579.0,37,3578.0,50
rb1805,20171019,20171018,210624500,3579.0,93074,728300,3340137260.0,3579.0,53,3578.0,51
rb1805,20171019,20171018,210625000,3578.0,93086,728298,3340566620.0,3579.0,61,3578.0,48
rb1805,20171019,20171018,210625500,3578.0,93278,728424,3347435520.0,3578.0,2,3577.0,12
rb1805,20171019,20171018,210626000,3577.0,93364,728420,3350512500.0,3578.0,16,3577.0,20
rb1805,20171019,20171018,210626500,3578.0,93406,728414,3352015280.0,3579.0,63,3578.0,14
rb1805,20171019,20171018,210627000,3578.0,93472,728390,3354377120.0,3579.0,46,3578.0,53
rb1805,20171019,20171018,210627500,3578.0,93482,728392,3354734960.0,3579.0,49,3578.0,52
rb1805,20171019,20171018,210628000,3578.0,93582,728468,3358312960.0,3579.0,75,3578.0,4
rb1805,20171019,20171018,210628500,3578.0,93632,728478,3360101480.0,3578.0,22,3576.0,158
rb1805,20171019,20171018,210629000,3578.0,93664,728482,3361246420.0,3578.0,13,3577.0,1
rb1805,20171019,20171018,210629500,3578.0,93682,728486,3361890460.0,3578.0,8,3577.0,2
rb1805,20171019,20171018,210630000,3578.0,93684,728486,3361962020.0,3578.0,12,3577.0,72
rb1805,20171019,20171018,210630500,3578.0,93730,728474,3363607960.0,3579.0,75,3578.0,5
rb1805,20171019,20171018,210631000,3578.0,93734,728472,3363751080.0,3579.0,75,3578.0,4
rb1805,20171019,20171018,210631500,3578.0,93736,728472,3363822640.0,3579.0,75,3578.0,4
rb1805,20171019,20171018,210632000,3578.0,93740,728474,3363965760.0,3579.0,77,3578.0,3
rb1805,20171019,20171018,210632500,3577.0,93800,728432,3366112100.0,3579.0,77,3578.0,5
rb1805,20171019,20171018,210633000,3579.0,94006,728454,3373480980.0,3578.0,1,3577.0,16
rb1805,20171019,20171018,210633500,3578.0,94020,728456,3373981900.0,3579.0,74,3578.0,5
rb1805,20171019,20171018,210634000,3578.0,94030,728448,3374339700.0,3578.0,22,3577.0,17
rb1805,20171019,20171018,210634500,3577.0,94064,728416,3375555880.0,3577.0,17,3576.0,198
rb1805,20171019,20171018,210635000,3577.0,94128,728376,3377845420.0,3578.0,31,3577.0,13
rb1805,20171019,20171018,210635500,3577.0,94156,728350,3378846980.0,3577.0,24,3576.0,198
rb1805,20171019,20171018,210636000,3577.0,94182,728344,3379777000.0,3578.0,58,3577.0,14
rb1805,20171019,20171018,210636500,3578.0,94214,728334,3380921720.0,3578.0,54,3577.0,104
rb1805,20171019,20171018,210637000,3578.0,94240,728320,3381851920.0,3578.0,35,3577.0,109
rb1805,20171019,20171018,210637500,3578.0,94254,728314,3382352840.0,3578.0,28,3577.0,101
rb1805,20171019,20171018,210638000,3578.0,94312,728282,3384427620.0,3578.0,41,3577.0,93
rb1805,20171019,20171018,210638500,3577.0,94534,728306,3392368560.0,3577.0,34,3576.0,195
rb1805,20171019,20171018,210639000,3576.0,94586,728268,3394228080.0,3577.0,34,3576.0,171
rb1805,20171019,20171018,210639500,3576.0,94642,728272,3396230740.0,3577.0,41,3576.0,149
rb1805,20171019,20171018,210640000,3577.0,94650,728278,3396516860.0,3577.0,96,3576.0,147
rb1805,20171019,20171018,210640500,3577.0,94706,728324,3398519480.0,3577.0,102,3576.0,124
rb1805,20171019,20171018,210641000,3576.0,94712,728326,3398734040.0,3577.0,106,3576.0,121
rb1805,20171019,20171018,210641500,3576.0,94748,728330,3400021560.0,3577.0,103,3576.0,111
rb1805,20171019,20171018,210642000,3577.0,94778,728332,3401094580.0,3577.0,93,3576.0,107
rb1805,20171019,20171018,210642500,3577.0,94836,728316,3403168940.0,3577.0,88,3576.0,91
rb1805,20171019,20171018,210643000,3577.0,94860,728312,3404027380.0,3577.0,78,3576.0,89
rb1805,20171019,20171018,210643500,3577.0,95024,728332,3409893540.0,3578.0,67,3577.0,38
rb1805,20171019,20171018,210644000,3578.0,95026,728332,3409965100.0,3578.0,69,3577.0,39
rb1805,20171019,20171018,210644500,3578.0,95042,728338,3410537440.0,3578.0,71,3577.0,32
rb1805,20171019,20171018,210645000,3576.0,95112,728402,3413041320.0,3577.0,17,3576.0,58
rb1805,20171019,20171018,210645500,3576.0,95118,728406,3413255920.0,3577.0,16,3576.0,152
rb1805,20171019,20171018,210646000,3577.0,95160,728420,3414758260.0,3578.0,71,3577.0,42
rb1805,20171019,20171018,210646500,3579.0,95310,728320,3420125220.0,3579.0,86,3578.0,1
rb1805,20171019,20171018,210647000,3578.0,95330,728318,3420840780.0,3578.0,18,3577.0,77
rb1805,20171019,20171018,210647500,3578.0,95424,728274,3424203280.0,3578.0,12,3577.0,40
rb1805,20171019,20171018,210648000,3578.0,95432,728266,3424489460.0,3578.0,13,3577.0,33
rb1805,20171019,20171018,210648500,3577.0,95440,728266,3424775620.0,3578.0,20,3577.0,33
rb1805,20171019,20171018,210649000,3578.0,95446,728262,3424990280.0,3578.0,19,3577.0,34
rb1805,20171019,20171018,210649500,3577.0,95482,728252,3426278260.0,3579.0,90,3578.0,5
rb1805,20171019,20171018,210650000,3577.0,95528,728256,3427923780.0,3578.0,21,3577.0,8
rb1805,20171019,20171018,210650500,3578.0,95570,728264,3429426540.0,3579.0,87,3578.0,24
rb1805,20171019,20171018,210651000,3578.0,95654,728330,3432432220.0,3578.0,38,3577.0,295
rb1805,20171019,20171018,210651500,3578.0,95736,728404,3435366180.0,3579.0,82,3578.0,147
rb1805,20171019,20171018,210652000,3579.0,95754,728406,3436010380.0,3579.0,67,3578.0,160
rb1805,20171019,20171018,210652500,3578.0,95836,728368,3438945120.0,3579.0,19,3578.0,176
rb1805,20171019,20171018,210653000,3579.0,95924,728404,3442094640.0,3580.0,147,3579.0,46
rb1805,20171019,20171018,210653500,3579.0,95944,728384,3442810440.0,3580.0,138,3579.0,50
rb1805,20171019,20171018,210654000,3580.0,95956,728376,3443239940.0,3580.0,137,3579.0,69
rb1805,20171019,20171018,210654500,3580.0,95972,728366,3443812660.0,3580.0,144,3579.0,67
rb1805,20171019,20171018,210655000,3580.0,95994,728354,3444600180.0,3580.0,137,3579.0,65
rb1805,20171019,20171018,210655500,3579.0,95998,728354,3444743340.0,3580.0,141,3579.0,63
rb1805,20171019,20171018,210656000,3579.0,96018,728338,3445459140.0,3580.0,141,3579.0,54
rb1805,20171019,20171018,210656500,3580.0,96132,728362,3449539300.0,3580.0,137,3579.0,2
rb1805,20171019,20171018,210657000,3579.0,96144,728360,3449968780.0,3579.0,47,3578.0,149
rb1805,20171019,20171018,210657500,3578.0,96158,728360,3450469720.0,3579.0,32,3578.0,143
rb1805,20171019,20171018,210658000,3579.0,96170,728354,3450899160.0,3579.0,81,3578.0,141
rb1805,20171019,20171018,210658500,3578.0,96228,728390,3452974480.0,3579.0,75,3578.0,118
rb1805,20171019,20171018,210659000,3579.0,96232,728392,3453117640.0,3579.0,80,3578.0,117
rb1805,20171019,20171018,210659500,3579.0,96238,728396,3453332380.0,3579.0,77,3578.0,117
rb1805,20171019,20171018,210700000,3579.0,96404,728424,3459273620.0,3580.0,133,3579.0,33
rb1805,20171019,20171018,210700500,3579.0,96434,728404,3460347520.0,3580.0,123,3579.0,30
rb1805,20171019,20171018,210701000,3579.0,96466,728414,3461492800.0,3579.0,35,3578.0,244
rb1805,20171019,20171018,210701500,3580.0,96578,728520,3465501300.0,3580.0,136,3579.0,219
rb1805,20171019,20171018,210702000,3580.0,96658,728518,3468364520.0,3580.0,136,3579.0,181
rb1805,20171019,20171018,210702500,3579.0,97068,728712,3483038060.0,3579.0,67,3578.0,225
rb1805,20171019,20171018,210703000,3579.0,97208,728640,3488047360.0,3579.0,74,3578.0,160
rb1805,20171019,20171018,210703500,3580.0,97332,728578,3492484900.0,3580.0,134,3579.0,10
rb1805,20171019,20171018,210704000,3579.0,97390,728550,3494560460.0,3579.0,15,3578.0,125
rb1805,20171019,20171018,210704500,3579.0,97434,728526,3496135280.0,3580.0,128,3579.0,32
rb1805,20171019,20171018,210705000,3580.0,97452,728524,3496779620.0,3580.0,121,3579.0,43
rb1805,20171019,20171018,210705500,3579.0,97460,728522,3497065980.0,3580.0,119,3579.0,63
rb1805,20171019,20171018,210706000,3580.0,97506,728538,3498712380.0,3580.0,116,3579.0,54
rb1805,20171019,20171018,210706500,3580.0,97516,728534,3499070340.0,3580.0,114,3579.0,56
rb1805,20171019,20171018,210707000,3580.0,97542,728548,3500001080.0,3580.0,110,3579.0,54
rb1805,20171019,20171018,210707500,3579.0,97548,728550,3500215840.0,3580.0,120,3579.0,57
rb1805,20171019,20171018,210708000,3579.0,97606,728586,3502291820.0,3580.0,113,3579.0,38
rb1805,20171019,20171018,210708500,3579.0,97820,728688,3509952900.0,3580.0,12,3579.0,36
rb1805,20171019,20171018,210709000,3580.0,97862,728688,3511456460.0,3581.0,40,3580.0,30
rb1805,20171019,20171018,210709500,3580.0,97918,728674,3513461460.0,3581.0,33,3580.0,30
rb1805,20171019,20171018,210710000,3581.0,97952,728704,3514678680.0,3581.0,83,3580.0,21
rb1805,20171019,20171018,210710500,3580.0,98012,728680,3516826680.0,3580.0,101,3579.0,53
rb1805,20171019,20171018,210711000,3580.0,98108,728738,3520262680.0,3580.0,57,3579.0,14
rb1805,20171019,20171018,210711500,3580.0,98114,728732,3520477480.0,3580.0,54,3579.0,15
rb1805,20171019,20171018,210712000,3580.0,98242,728616,3525059880.0,3581.0,94,3580.0,28
rb1805,20171019,20171018,210712500,3581.0,98296,728618,3526993100.0,3581.0,95,3580.0,14
rb1805,20171019,20171018,210713000,3581.0,98308,728614,3527422720.0,3581.0,107,3580.0,9
rb1805,20171019,20171018,210713500,3581.0,98320,728618,3527852360.0,3581.0,105,3580.0,8
rb1805,20171019,20171018,210714000,3581.0,98332,728614,3528282000.0,3581.0,103,3580.0,4
rb1805,20171019,20171018,210714500,3581.0,98388,728594,3530287300.0,3581.0,71,3580.0,10
rb1805,20171019,20171018,210715000,3581.0,98526,728642,3535228960.0,3582.0,263,3581.0,23
rb1805,20171019,20171018,210715500,3580.0,98612,728710,3538308280.0,3580.0,11,3579.0,117
rb1805,20171019,20171018,210716000,3580.0,98634,728710,3539095880.0,3582.0,273,3581.0,2
rb1805,20171019,20171018,210716500,3581.0,98694,728678,3541244160.0,3581.0,12,3580.0,52
rb1805,20171019,20171018,210717000,3581.0,98766,728672,3543822340.0,3581.0,12,3580.0,44
rb1805,20171019,20171018,210717500,3581.0,98800,728648,3545039880.0,3581.0,104,3580.0,51
rb1805,20171019,20171018,210718000,3581.0,98838,728616,3546400640.0,3581.0,93,3580.0,51
rb1805,20171019,20171018,210718500,3581.0,98848,728616,3546758740.0,3581.0,93,3580.0,49
rb1805,20171019,20171018,210719000,3580.0,98886,728626,3548119140.0,3581.0,100,3580.0,45
rb1805,20171019,20171018,210719500,3581.0,98918,728636,3549264920.0,3581.0,96,3580.0,39
rb1805,20171019,20171018,210720000,3581.0,98938,728626,3549981060.0,3581.0,90,3580.0,66
rb1805,20171019,20171018,210720500,3580.0,98950,728620,3550410740.0,3581.0,92,3580.0,54
rb1805,20171019,20171018,210721000,3581.0,98962,728626,3550840460.0,3581.0,88,3580.0,54
rb1805,20171019,20171018,210721500,3580.0,99136,728584,3557070120.0,3581.0,76,3580.0,1
rb1805,20171019,20171018,210722000,3580.0,99154,728590,3557714520.0,3580.0,6,3579.0,71
rb1805,20171019,20171018,210722500,3580.0,99166,728598,3558144120.0,3581.0,77,3580.0,7
rb1805,20171019,20171018,210723000,3581.0,99246,728536,3561008820.0,3581.0,50,3579.0,71
rb1805,20171019,20171018,210723500,3579.0,99248,728538,3561080400.0,3581.0,52,3579.0,72
rb1805,20171019,20171018,210724000,3581.0,99264,728550,3561653320.0,3581.0,45,3580.0,18
rb1805,20171019,20171018,210724500,3580.0,99268,728546,3561796540.0,3581.0,45,3580.0,20
rb1805,20171019,20171018,210725000,3581.0,99280,728534,3562226260.0,3581.0,42,3580.0,20
rb1805,20171019,20171018,210725500,3580.0,99324,728524,3563801640.0,3581.0,30,3580.0,18
rb1805,20171019,20171018,210726000,3581.0,99332,728522,3564088080.0,3581.0,29,3580.0,20
rb1805,20171019,20171018,210726500,3580.0,99372,728530,3565520260.0,3581.0,23,3580.0,9
rb1805,20171019,20171018,210727000,3581.0,99376,728534,3565663500.0,3581.0,26,3580.0,17
rb1805,20171019,20171018,210727500,3581.0,99384,728532,3565949960.0,3581.0,29,3580.0,17
rb1805,20171019,20171018,210728000,3581.0,99406,728546,3566737780.0,3581.0,19,3580.0,25
rb1805,20171019,20171018,210728500,3580.0,99432,728554,3567668620.0,3581.0,37,3580.0,14
rb1805,20171019,20171018,210729000,3580.0,99434,728554,3567740220.0,3581.0,106,3580.0,17
rb1805,20171019,20171018,210729500,3581.0,99468,728550,3568957740.0,3581.0,114,3580.0,18
rb1805,20171019,20171018,210730000,3580.0,99496,728546,3569960220.0,3581.0,109,3580.0,11
rb1805,20171019,20171018,210730500,3580.0,99496,728546,3569960220.0,3581.0,121,3580.0,9
rb1805,20171019,20171018,210731000,3580.0,99498,728548,3570031820.0,3581.0,101,3580.0,9
rb1805,20171019,20171018,210731500,3581.0,99520,728550,3570819480.0,3581.0,98,3580.0,3
rb1805,20171019,20171018,210732000,3581.0,99536,728552,3571392320.0,3581.0,97,3580.0,17
rb1805,20171019,20171018,210732500,3581.0,99536,728552,3571392320.0,3581.0,98,3580.0,23
rb1805,20171019,20171018,210733000,3578.0,99946,728938,3586064360.0,3581.0,97,3578.0,57
rb1805,20171019,20171018,210733500,3581.0,99972,728948,3586995200.0,3581.0,123,3580.0,2
rb1805,20171019,20171018,210734000,3580.0,100010,728968,3588355740.0,3580.0,10,3579.0,9
rb1805,20171019,20171018,210734500,3580.0,100242,728976,3596663000.0,3581.0,32,3580.0,21
rb1805,20171019,20171018,210735000,3580.0,100316,728962,3599312700.0,3581.0,37,3580.0,18
rb1805,20171019,20171018,210735500,3581.0,100424,728936,3603180500.0,3581.0,26,3580.0,22
rb1805,20171019,20171018,210736000,3581.0,100430,728934,3603395360.0,3581.0,23,3580.0,22
rb1805,20171019,20171018,210736500,3580.0,100444,728926,3603896640.0,3581.0,25,3580.0,36
rb1805,20171019,20171018,210737000,3581.0,100464,728920,3604612840.0,3581.0,16,3580.0,36
rb1805,20171019,20171018,210737500,3581.0,100514,728938,3606403420.0,3582.0,278,3581.0,24
rb1805,20171019,20171018,210738000,3581.0,100528,728950,3606904760.0,3582.0,279,3581.0,21
rb1805,20171019,20171018,210738500,3582.0,100538,728950,3607262880.0,3582.0,278,3581.0,47
rb1805,20171019,20171018,210739000,3581.0,100552,728950,3607764300.0,3582.0,275,3581.0,46
rb1805,20171019,20171018,210739500,3582.0,100586,728956,3608982180.0,3582.0,257,3581.0,54
rb1805,20171019,20171018,210740000,3581.0,100620,728952,3610199740.0,3582.0,256,3581.0,44
rb1805,20171019,20171018,210740500,3582.0,100636,728944,3610772820.0,3582.0,250,3581.0,49
rb1805,20171019,20171018,210741000,3581.0,100660,728960,3611632300.0,3582.0,248,3581.0,39
rb1805,20171019,20171018,210741500,3582.0,100680,728960,3612348660.0,3582.0,240,3581.0,38
rb1805,20171019,20171018,210742000,3582.0,101052,728956,3625673700.0,3582.0,55,3581.0,38
rb1805,20171019,20171018,210742500,3582.0,101234,728910,3632193540.0,3583.0,99,3582.0,157
rb1805,20171019,20171018,210743000,3583.0,101444,728950,3639717840.0,3584.0,67,3583.0,35
rb1805,20171019,20171018,210743500,3584.0,101550,728894,3643516700.0,3584.0,48,3583.0,36
rb1805,20171019,20171018,210744000,3584.0,101686,728828,3648390480.0,3584.0,9,3583.0,16
rb1805,20171019,20171018,210744500,3584.0,101702,728822,3648963840.0,3584.0,16,3583.0,3
rb1805,20171019,20171018,210745000,3584.0,101736,728832,3650182400.0,3584.0,79,3583.0,9
rb1805,20171019,20171018,210745500,3583.0,101762,728832,3651114040.0,3583.0,13,3582.0,177
rb1805,20171019,20171018,210746000,3584.0,101812,728818,3652905760.0,3584.0,102,3583.0,2
rb1805,20171019,20171018,210746500,3583.0,101876,728806,3655198840.0,3584.0,105,3583.0,9
rb1805,20171019,20171018,210747000,3583.0,101906,728790,3656274000.0,3584.0,94,3583.0,7
rb1805,20171019,20171018,210747500,3583.0,101948,728768,3657778920.0,3583.0,6,3582.0,171
rb1805,20171019,20171018,210748000,3584.0,102250,728566,3668597960.0,3584.0,65,3582.0,61
rb1805,20171019,20171018,210748500,3583.0,102276,728546,3669529700.0,3583.0,5,3582.0,61
rb1805,20171019,20171018,210749000,3584.0,102288,728542,3669959680.0,3584.0,79,3583.0,1
rb1805,20171019,20171018,210749500,3584.0,102334,728538,3671608060.0,3584.0,67,3583.0,4
rb1805,20171019,20171018,210750000,3583.0,102380,728558,3673256140.0,3584.0,77,3583.0,11
rb1805,20171019,20171018,210750500,3583.0,102424,728556,3674832460.0,3583.0,21,3582.0,34
rb1805,20171019,20171018,210751000,3583.0,102444,728566,3675548940.0,3583.0,24,3582.0,41
rb1805,20171019,20171018,210751500,3583.0,102454,728576,3675907240.0,3583.0,20,3582.0,42
rb1805,20171019,20171018,210752000,3583.0,102502,728596,3677627080.0,3583.0,15,3582.0,54
rb1805,20171019,20171018,210752500,3583.0,102542,728626,3679060300.0,3584.0,102,3583.0,8
rb1805,20171019,20171018,210753000,3583.0,102688,728548,3684291460.0,3583.0,68,3582.0,48
rb1805,20171019,20171018,210753500,3583.0,102720,728548,3685437980.0,3583.0,56,3582.0,46
rb1805,20171019,20171018,210754000,3583.0,102730,728542,3685796260.0,3583.0,55,3582.0,100
rb1805,20171019,20171018,210754500,3583.0,102754,728522,3686655980.0,3583.0,119,3582.0,90
rb1805,20171019,20171018,210755000,3582.0,102938,728544,3693246860.0,3582.0,64,3581.0,52
rb1805,20171019,20171018,210755500,3582.0,102948,728546,3693605040.0,3582.0,81,3581.0,39
rb1805,20171019,20171018,210756000,3582.0,102992,728520,3695181100.0,3582.0,111,3581.0,39
rb1805,20171019,20171018,210756500,3582.0,103028,728536,3696470380.0,3582.0,102,3581.0,36
rb1805,20171019,20171018,210757000,3581.0,103080,728530,3698332940.0,3582.0,87,3581.0,32
rb1805,20171019,20171018,210757500,3581.0,103118,728542,3699693800.0,3582.0,84,3581.0,17
rb1805,20171019,20171018,210758000,3582.0,103158,728526,3701126600.0,3582.0,65,3581.0,22
rb1805,20171019,20171018,210758500,3581.0,103168,728526,3701484720.0,3582.0,65,3581.0,30
rb1805,20171019,20171018,210759000,3582.0,103172,728526,3701628000.0,3582.0,63,3581.0,55
rb1805,20171019,20171018,210759500,3581.0,103288,728572,3705783080.0,3582.0,7,3581.0,80
rb1805,20171019,20171018,210800000,3582.0,103304,728582,3706356200.0,3583.0,173,3582.0,28
rb1805,20171019,20171018,210800500,3582.0,103412,728586,3710225760.0,3583.0,126,3582.0,32
rb1805,20171019,20171018,210801000,3583.0,103440,728582,3711228780.0,3583.0,136,3582.0,20
rb1805,20171019,20171018,210801500,3583.0,103442,728580,3711300440.0,3583.0,181,3582.0,20
rb1805,20171019,20171018,210802000,3582.0,103476,728574,3712518340.0,3583.0,185,3582.0,24
rb1805,20171019,20171018,210802500,3582.0,103502,728574,3713449780.0,3583.0,180,3582.0,33
rb1805,20171019,20171018,210803000,3582.0,103548,728582,3715097600.0,3583.0,176,3582.0,38
rb1805,20171019,20171018,210803500,3582.0,103556,728582,3715384220.0,3583.0,173,3582.0,37
rb1805,20171019,20171018,210804000,3582.0,103604,728600,3717103800.0,3583.0,157,3582.0,25
rb1805,20171019,20171018,210804500,3583.0,103632,728616,3718106880.0,3583.0,151,3582.0,17
rb1805,20171019,20171018,210805000,3582.0,103666,728644,3719324760.0,3583.0,152,3582.0,2
rb1805,20171019,20171018,210805500,3583.0,103684,728644,3719969680.0,3583.0,144,3582.0,3
rb1805,20171019,20171018,210806000,3583.0,103712,728666,3720972760.0,3583.0,141,3582.0,11
rb1805,20171019,20171018,210806500,3583.0,103722,728668,3721331000.0,3583.0,138,3582.0,14
rb1805,20171019,20171018,210807000,3582.0,103740,728684,3721975780.0,3583.0,138,3582.0,31
rb1805,20171019,20171018,210807500,3583.0,103744,728688,3722119100.0,3583.0,135,3582.0,31
rb1805,20171019,20171018,210808000,3582.0,103784,728718,3723552140.0,3583.0,124,3582.0,23
rb1805,20171019,20171018,210808500,3582.0,103818,728716,3724770080.0,3583.0,121,3582.0,32
rb1805,20171019,20171018,210809000,3583.0,103824,728718,3724985020.0,3583.0,121,3582.0,57
rb1805,20171019,20171018,210809500,3583.0,103840,728728,3725558260.0,3583.0,115,3582.0,60
rb1805,20171019,20171018,210810000,3583.0,103842,728728,3725629920.0,3583.0,114,3582.0,60
rb1805,20171019,20171018,210810500,3582.0,103892,728768,3727421400.0,3583.0,87,3582.0,62
rb1805,20171019,20171018,210811000,3582.0,103986,728776,3730789340.0,3583.0,42,3582.0,60
rb1805,20171019,20171018,210811500,3583.0,104024,728748,3732150880.0,3583.0,28,3582.0,60
rb1805,20171019,20171018,210812000,3583.0,104122,728706,3735662240.0,3584.0,127,3583.0,152
rb1805,20171019,20171018,210812500,3584.0,104126,728706,3735805600.0,3584.0,128,3583.0,152
rb1805,20171019,20171018,210813000,3583.0,104154,728706,3736809100.0,3584.0,106,3583.0,153
rb1805,20171019,20171018,210813500,3583.0,104286,728738,3741539900.0,3584.0,44,3583.0,149
rb1805,20171019,20171018,210814000,3584.0,104322,728728,3742830140.0,3584.0,26,3583.0,151
rb1805,20171019,20171018,210814500,3584.0,104368,728702,3744478780.0,3584.0,33,3583.0,158
rb1805,20171019,20171018,210815000,3584.0,104390,728690,3745267240.0,3584.0,24,3583.0,156
rb1805,20171019,20171018,210815500,3584.0,104558,728672,3751287360.0,3585.0,176,3584.0,15
rb1805,20171019,20171018,210816000,3584.0,104642,728598,3754298600.0,3585.0,137,3584.0,20
rb1805,20171019,20171018,210816500,3584.0,104646,728594,3754441960.0,3585.0,137,3584.0,28
rb1805,20171019,20171018,210817000,3584.0,104732,728594,3757524480.0,3585.0,151,3584.0,6
rb1805,20171019,20171018,210817500,3584.0,104738,728594,3757739520.0,3585.0,154,3584.0,4
rb1805,20171019,20171018,210818000,3585.0,104774,728574,3759030100.0,3585.0,145,3584.0,3
rb1805,20171019,20171018,210818500,3585.0,104810,728556,3760320540.0,3584.0,2,3583.0,119
rb1805,20171019,20171018,210819000,3585.0,104900,728498,3763546980.0,3585.0,104,3584.0,7
rb1805,20171019,20171018,210819500,3584.0,104920,728510,3764263780.0,3584.0,41,3583.0,120
rb1805,20171019,20171018,210820000,3583.0,104960,728520,3765697280.0,3584.0,32,3583.0,110
rb1805,20171019,20171018,210820500,3584.0,104968,728528,3765984000.0,3584.0,30,3583.0,110
rb1805,20171019,20171018,210821000,3584.0,104984,728530,3766557440.0,3584.0,43,3583.0,110
rb1805,20171019,20171018,210821500,3584.0,104998,728538,3767059180.0,3584.0,48,3583.0,109
rb1805,20171019,20171018,210822000,3584.0,105016,728546,3767704300.0,3584.0,43,3583.0,109
rb1805,20171019,20171018,210822500,3584.0,105060,728548,3769281240.0,3584.0,25,3583.0,113
rb1805,20171019,20171018,210823000,3583.0,105120,728556,3771431320.0,3584.0,19,3583.0,95
rb1805,20171019,20171018,210823500,3584.0,105130,728560,3771789720.0,3584.0,14,3583.0,98
rb1805,20171019,20171018,210824000,3584.0,105180,728588,3773581720.0,3585.0,158,3583.0,102
rb1805,20171019,20171018,210824500,3584.0,105204,728598,3774441820.0,3585.0,158,3584.0,8
rb1805,20171019,20171018,210825000,3584.0,105222,728600,3775086940.0,3584.0,55,3583.0,100
rb1805,20171019,20171018,210825500,3584.0,105230,728602,3775373640.0,3584.0,38,3583.0,101
rb1805,20171019,20171018,210826000,3584.0,105322,728564,3778670820.0,3585.0,164,3584.0,8
rb1805,20171019,20171018,210826500,3584.0,105332,728556,3779029260.0,3585.0,159,3584.0,9
rb1805,20171019,20171018,210827000,3584.0,105342,728550,3779387720.0,3585.0,158,3584.0,17
rb1805,20171019,20171018,210827500,3585.0,105356,728548,3779889600.0,3585.0,168,3584.0,17
rb1805,20171019,20171018,210828000,3584.0,105366,728548,3780248020.0,3585.0,183,3584.0,26
rb1805,20171019,20171018,210828500,3585.0,105386,728538,3780965020.0,3585.0,173,3584.0,37
rb1805,20171019,20171018,210829000,3585.0,105396,728536,3781323460.0,3585.0,172,3584.0,36
rb1805,20171019,20171018,210829500,3584.0,105444,728518,3783044220.0,3585.0,152,3584.0,35
rb1805,20171019,20171018,210830000,3584.0,105454,728528,3783402620.0,3585.0,149,3584.0,52
rb1805,20171019,20171018,210830500,3585.0,105458,728526,3783546020.0,3585.0,147,3584.0,55
rb1805,20171019,20171018,210831000,3584.0,105486,728530,3784549640.0,3585.0,233,3584.0,66
rb1805,20171019,20171018,210831500,3584.0,105620,728620,3789352200.0,3585.0,246,3584.0,8
rb1805,20171019,20171018,210832000,3584.0,105638,728618,3789997320.0,3584.0,4,3583.0,164
rb1805,20171019,20171018,210832500,3583.0,105640,728618,3790068980.0,3584.0,38,3583.0,160
rb1805,20171019,20171018,210833000,3584.0,105646,728622,3790284020.0,3584.0,35,3583.0,162
rb1805,20171019,20171018,210833500,3583.0,105654,728622,3790570720.0,3584.0,59,3583.0,156
rb1805,20171019,20171018,210834000,3583.0,105670,728616,3791144100.0,3584.0,65,3583.0,149
rb1805,20171019,20171018,210834500,3584.0,105680,728616,3791502500.0,3584.0,90,3583.0,151
rb1805,20171019,20171018,210835000,3584.0,105698,728626,3792147540.0,3584.0,128,3583.0,147
rb1805,20171019,20171018,210835500,3584.0,105788,728598,3795373100.0,3584.0,106,3583.0,155
rb1805,20171019,20171018,210836000,3584.0,105796,728602,3795659800.0,3584.0,144,3583.0,154
rb1805,20171019,20171018,210836500,3584.0,105826,728606,3796734840.0,3584.0,139,3583.0,146
rb1805,20171019,20171018,210837000,3583.0,105830,728606,3796878180.0,3584.0,145,3583.0,145
rb1805,20171019,20171018,210837500,3584.0,105850,728618,3797594960.0,3584.0,136,3583.0,142
rb1805,20171019,20171018,210838000,3584.0,105862,728620,3798025020.0,3584.0,142,3583.0,145
rb1805,20171019,20171018,210838500,3583.0,105870,728624,3798311720.0,3584.0,140,3583.0,144
rb1805,20171019,20171018,210839000,3584.0,105878,728628,3798598380.0,3584.0,140,3583.0,141
rb1805,20171019,20171018,210839500,3584.0,105880,728628,3798670060.0,3584.0,140,3583.0,141
rb1805,20171019,20171018,210840000,3583.0,105898,728646,3799315000.0,3584.0,160,3583.0,139
rb1805,20171019,20171018,210840500,3584.0,106234,728464,3811357120.0,3584.0,26,3583.0,136
rb1805,20171019,20171018,210841000,3585.0,106296,728440,3813579260.0,3585.0,334,3584.0,18
rb1805,20171019,20171018,210841500,3584.0,106310,728448,3814081020.0,3584.0,6,3583.0,140
rb1805,20171019,20171018,210842000,3584.0,106322,728450,3814511100.0,3585.0,319,3584.0,6
rb1805,20171019,20171018,210842500,3583.0,106348,728444,3815442840.0,3584.0,33,3583.0,135
rb1805,20171019,20171018,210843000,3583.0,106348,728444,3815442840.0,3584.0,29,3583.0,136
rb1805,20171019,20171018,210843500,3583.0,106352,728444,3815586160.0,3584.0,113,3583.0,134
rb1805,20171019,20171018,210844000,3583.0,106386,728466,3816804380.0,3584.0,115,3583.0,119
rb1805,20171019,20171018,210844500,3584.0,106390,728464,3816947740.0,3584.0,120,3583.0,120
rb1805,20171019,20171018,210845000,3583.0,106502,728476,3820961720.0,3584.0,74,3583.0,115
rb1805,20171019,20171018,210845500,3584.0,106506,728472,3821105080.0,3584.0,73,3583.0,118
rb1805,20171019,20171018,210846000,3583.0,106536,728472,3822180020.0,3584.0,71,3583.0,108
rb1805,20171019,20171018,210846500,3584.0,106698,728356,3827986100.0,3585.0,330,3584.0,22
rb1805,20171019,20171018,210847000,3583.0,106830,728306,3832716100.0,3585.0,325,3583.0,89
rb1805,20171019,20171018,210847500,3584.0,107012,728254,3839237180.0,3584.0,1,3583.0,22
rb1805,20171019,20171018,210848000,3583.0,107112,728202,3842820180.0,3584.0,5,3583.0,6
rb1805,20171019,20171018,210848500,3583.0,107128,728192,3843393480.0,3583.0,27,3582.0,522
rb1805,20171019,20171018,210849000,3583.0,107142,728190,3843895100.0,3583.0,33,3582.0,517
rb1805,20171019,20171018,210849500,3583.0,107182,728178,3845328280.0,3583.0,14,3582.0,516
rb1805,20171019,20171018,210850000,3583.0,107184,728178,3845399940.0,3583.0,11,3582.0,497
rb1805,20171019,20171018,210850500,3582.0,107196,728184,3845829840.0,3584.0,117,3582.0,502
rb1805,20171019,20171018,210851000,3584.0,107206,728180,3846188180.0,3584.0,140,3583.0,14
rb1805,20171019,20171018,210851500,3584.0,107206,728180,3846188180.0,3584.0,130,3583.0,21
rb1805,20171019,20171018,210852000,3583.0,107210,728180,3846331500.0,3584.0,142,3583.0,22
rb1805,20171019,20171018,210852500,3583.0,107218,728182,3846618160.0,3584.0,139,3583.0,23
rb1805,20171019,20171018,210853000,3584.0,107226,728180,3846904820.0,3584.0,140,3583.0,21
rb1805,20171019,20171018,210853500,3582.0,107292,728134,3849269560.0,3583.0,39,3582.0,505
rb1805,20171019,20171018,210854000,3583.0,107312,728132,3849986120.0,3583.0,32,3582.0,503
rb1805,20171019,20171018,210854500,3583.0,107360,728132,3851705880.0,3583.0,27,3582.0,499
rb1805,20171019,20171018,210855000,3583.0,107416,728108,3853712360.0,3583.0,2,3582.0,498
rb1805,20171019,20171018,210855500,3583.0,107444,728096,3854715640.0,3584.0,143,3583.0,4
rb1805,20171019,20171018,210856000,3583.0,107452,728098,3855002300.0,3584.0,142,3583.0,3
rb1805,20171019,20171018,210856500,3584.0,107458,728098,3855217340.0,3584.0,145,3583.0,41
rb1805,20171019,20171018,210857000,3584.0,107632,728022,3861453500.0,3584.0,60,3583.0,69
rb1805,20171019,20171018,210857500,3584.0,107768,728054,3866327740.0,3585.0,334,3584.0,47
rb1805,20171019,20171018,210858000,3584.0,107780,728054,3866757840.0,3585.0,338,3584.0,78
rb1805,20171019,20171018,210858500,3584.0,107824,728050,3868334840.0,3585.0,338,3584.0,58
rb1805,20171019,20171018,210859000,3584.0,107834,728050,3868693240.0,3585.0,339,3584.0,51
rb1805,20171019,20171018,210859500,3584.0,107838,728048,3868836600.0,3585.0,342,3584.0,50
rb1805,20171019,20171018,210900000,3584.0,107846,728044,3869123320.0,3585.0,342,3584.0,46
rb1805,20171019,20171018,210900500,3585.0,107906,728012,3871273840.0,3585.0,335,3584.0,9
rb1805,20171019,20171018,210901000,3584.0,107936,728006,3872349040.0,3584.0,49,3583.0,87
rb1805,20171019,20171018,210901500,3583.0,107956,728000,3873065800.0,3584.0,54,3583.0,77
rb1805,20171019,20171018,210902000,3584.0,107988,727970,3874212680.0,3584.0,44,3583.0,78
rb1805,20171019,20171018,210902500,3583.0,107992,727970,3874356000.0,3584.0,57,3583.0,63
rb1805,20171019,20171018,210903000,3583.0,108124,727922,3879085560.0,3583.0,29,3582.0,507
rb1805,20171019,20171018,210903500,3583.0,108126,727922,3879157220.0,3583.0,32,3582.0,510
rb1805,20171019,20171018,210904000,3583.0,108408,727816,3889258500.0,3583.0,60,3582.0,374
rb1805,20171019,20171018,210904500,3583.0,108418,727816,3889616780.0,3583.0,60,3582.0,376
rb1805,20171019,20171018,210905000,3582.0,108426,727808,3889903360.0,3583.0,60,3582.0,374
rb1805,20171019,20171018,210905500,3582.0,108912,727592,3907314940.0,3583.0,32,3582.0,282
rb1805,20171019,20171018,210906000,3582.0,108936,727602,3908174640.0,3583.0,91,3582.0,271
rb1805,20171019,20171018,210906500,3583.0,108972,727628,3909464220.0,3583.0,99,3582.0,265
rb1805,20171019,20171018,210907000,3582.0,108992,727648,3910180680.0,3583.0,97,3582.0,260
rb1805,20171019,20171018,210907500,3582.0,109096,727652,3913905960.0,3583.0,99,3582.0,208
rb1805,20171019,20171018,210908000,3582.0,109304,727654,3921358580.0,3583.0,7,3582.0,210
rb1805,20171019,20171018,210908500,3583.0,109332,727680,3922361820.0,3584.0,136,3583.0,10
rb1805,20171019,20171018,210909000,3583.0,109340,727678,3922648480.0,3584.0,136,3583.0,12
rb1805,20171019,20171018,210909500,3583.0,109382,727654,3924153420.0,3584.0,137,3583.0,2
rb1805,20171019,20171018,210910000,3583.0,109386,727650,3924296740.0,3583.0,4,3582.0,199
rb1805,20171019,20171018,210910500,3584.0,109396,727650,3924655060.0,3583.0,5,3582.0,198
rb1805,20171019,20171018,210911000,3583.0,109402,727654,3924870040.0,3583.0,13,3582.0,198
rb1805,20171019,20171018,210911500,3583.0,109406,727658,3925013360.0,3583.0,43,3582.0,298
rb1805,20171019,20171018,210912000,3583.0,109406,727658,3925013360.0,3583.0,44,3582.0,298
rb1805,20171019,20171018,210912500,3583.0,109502,727622,3928453040.0,3584.0,112,3583.0,15
rb1805,20171019,20171018,210913000,3583.0,109514,727618,3928883020.0,3584.0,103,3583.0,12
rb1805,20171019,20171018,210913500,3583.0,109640,727644,3933397600.0,3584.0,106,3583.0,20
rb1805,20171019,20171018,210914000,3584.0,109644,727642,3933540940.0,3584.0,84,3583.0,23
rb1805,20171019,20171018,210914500,3583.0,109646,727640,3933612600.0,3584.0,79,3583.0,53
rb1805,20171019,20171018,210915000,3583.0,109660,727642,3934114220.0,3584.0,88,3583.0,46
rb1805,20171019,20171018,210915500,3583.0,109664,727640,3934257540.0,3584.0,89,3583.0,46
rb1805,20171019,20171018,210916000,3583.0,109666,727640,3934329200.0,3584.0,90,3583.0,47
rb1805,20171019,20171018,210916500,3583.0,109674,727642,3934615860.0,3584.0,89,3583.0,94
rb1805,20171019,20171018,210917000,3583.0,109700,727654,3935547600.0,3584.0,81,3583.0,91
rb1805,20171019,20171018,210917500,3583.0,109712,727656,3935977600.0,3584.0,82,3583.0,103
rb1805,20171019,20171018,210918000,3583.0,109712,727656,3935977600.0,3584.0,74,3583.0,105
rb1805,20171019,20171018,210918500,3583.0,109712,727656,3935977600.0,3584.0,73,3583.0,127
rb1805,20171019,20171018,210919000,3583.0,109716,727654,3936120940.0,3584.0,73,3583.0,126
rb1805,20171019,20171018,210919500,3583.0,109716,727654,3936120940.0,3584.0,73,3583.0,126
rb1805,20171019,20171018,210920000,3583.0,109722,727652,3936335940.0,3584.0,72,3583.0,137
rb1805,20171019,20171018,210920500,3583.0,109752,727680,3937411040.0,3584.0,63,3583.0,133
rb1805,20171019,20171018,210921000,3584.0,109754,727680,3937482720.0,3584.0,62,3583.0,134
rb1805,20171019,20171018,210921500,3584.0,109768,727694,3937984480.0,3584.0,55,3583.0,134
rb1805,20171019,20171018,210922000,3583.0,109782,727684,3938486100.0,3584.0,55,3583.0,127
rb1805,20171019,20171018,210922500,3584.0,109856,727674,3941138220.0,3584.0,26,3583.0,130
rb1805,20171019,20171018,210923000,3583.0,109864,727670,3941424880.0,3584.0,22,3583.0,126
rb1805,20171019,20171018,210923500,3584.0,109908,727650,3943001840.0,3585.0,290,3584.0,20
rb1805,20171019,20171018,210924000,3584.0,109936,727676,3944005360.0,3585.0,285,3584.0,11
