instrument,tradingday,calendarday,time,lastp,volume,openinterest,turnover,ask1,asksz1,bid1,bidsz1
rb1805,20171206,20171205,205900500,4025.0,3192,2978998,128478000.0,4026.0,45,4025.0,605
rb1805,20171206,20171205,210000500,4026.0,3892,2978918,156661320.0,4027.0,204,4026.0,46
rb1805,20171206,20171205,210001000,4026.0,5550,2978710,223417500.0,4026.0,40,4025.0,537
rb1805,20171206,20171205,210001500,4028.0,6918,2978670,278492040.0,4028.0,159,4026.0,318
rb1805,20171206,20171205,210002000,4027.0,7546,2978582,303779000.0,4028.0,170,4027.0,2
rb1805,20171206,20171205,210002500,4026.0,8044,2978514,323830820.0,4027.0,19,4026.0,429
rb1805,20171206,20171205,210003000,4027.0,8766,2978330,352905860.0,4027.0,90,4026.0,312
rb1805,20171206,20171205,210003500,4028.0,9370,2978414,377231560.0,4029.0,124,4028.0,6
rb1805,20171206,20171205,210004000,4028.0,9832,2978482,395837320.0,4028.0,16,4027.0,83
rb1805,20171206,20171205,210004500,4026.0,10326,2978496,415731880.0,4027.0,379,4026.0,347
rb1805,20171206,20171205,210005000,4027.0,10910,2978156,439246280.0,4027.0,443,4026.0,275
rb1805,20171206,20171205,210005500,4027.0,11184,2978046,450279080.0,4027.0,375,4026.0,219
rb1805,20171206,20171205,210006000,4026.0,11400,2978074,458975820.0,4027.0,360,4026.0,147
rb1805,20171206,20171205,210006500,4026.0,11716,2978188,471698080.0,4026.0,76,4025.0,429
rb1805,20171206,20171205,210007000,4025.0,12362,2978426,497700180.0,4026.0,86,4025.0,193
rb1805,20171206,20171205,210007500,4025.0,12832,2978606,516617660.0,4025.0,251,4024.0,64
rb1805,20171206,20171205,210008000,4024.0,13236,2978768,532872500.0,4024.0,5,4023.0,20
rb1805,20171206,20171205,210008500,4022.0,13718,2978990,552262820.0,4023.0,2,4022.0,43
rb1805,20171206,20171205,210009000,4023.0,13896,2978970,559423320.0,4024.0,45,4023.0,2
rb1805,20171206,20171205,210009500,4022.0,13938,2978966,561112860.0,4023.0,33,4022.0,18
rb1805,20171206,20171205,210010000,4022.0,14090,2979030,567226320.0,4022.0,244,4021.0,415
rb1805,20171206,20171205,210010500,4021.0,15070,2979590,606632940.0,4021.0,91,4020.0,337
rb1805,20171206,20171205,210011000,4020.0,15478,2979738,623035320.0,4021.0,13,4020.0,174
rb1805,20171206,20171205,210011500,4020.0,15942,2979606,641688840.0,4020.0,36,4019.0,179
rb1805,20171206,20171205,210012000,4020.0,16248,2979658,653989080.0,4020.0,63,4019.0,145
rb1805,20171206,20171205,210012500,4019.0,16648,2979724,670065440.0,4020.0,205,4019.0,75
rb1805,20171206,20171205,210013000,4020.0,17496,2979572,704152900.0,4021.0,23,4020.0,215
rb1805,20171206,20171205,210013500,4021.0,18172,2979476,731334740.0,4022.0,215,4021.0,159
rb1805,20171206,20171205,210014000,4021.0,18554,2979478,746694780.0,4021.0,101,4020.0,275
rb1805,20171206,20171205,210014500,4020.0,18792,2979464,756263080.0,4021.0,318,4020.0,146
rb1805,20171206,20171205,210015000,4020.0,19230,2979506,773874300.0,4021.0,144,4020.0,127
rb1805,20171206,20171205,210015500,4020.0,19300,2979504,776688620.0,4021.0,141,4020.0,163
rb1805,20171206,20171205,210016000,4020.0,19656,2979474,791000720.0,4021.0,144,4020.0,92
rb1805,20171206,20171205,210016500,4021.0,19864,2979590,799363000.0,4021.0,114,4020.0,41
rb1805,20171206,20171205,210017000,4020.0,19912,2979622,801292860.0,4021.0,110,4020.0,37
rb1805,20171206,20171205,210017500,4020.0,20130,2979670,810056840.0,4021.0,99,4020.0,122
rb1805,20171206,20171205,210018000,4020.0,20464,2979610,823486060.0,4022.0,180,4020.0,156
rb1805,20171206,20171205,210018500,4022.0,20570,2979692,827748960.0,4022.0,158,4021.0,34
rb1805,20171206,20171205,210019000,4023.0,20922,2979592,841905920.0,4023.0,158,4022.0,1
rb1805,20171206,20171205,210019500,4022.0,21010,2979652,845445580.0,4023.0,151,4022.0,14
rb1805,20171206,20171205,210020000,4022.0,21074,2979666,848019660.0,4023.0,147,4022.0,119
rb1805,20171206,20171205,210020500,4022.0,21258,2979612,855421860.0,4023.0,64,4022.0,121
rb1805,20171206,20171205,210021000,4023.0,21368,2979588,859846900.0,4023.0,25,4022.0,113
rb1805,20171206,20171205,210021500,4023.0,21558,2979516,867489920.0,4024.0,23,4023.0,3
rb1805,20171206,20171205,210022000,4023.0,21840,2979264,878834800.0,4024.0,25,4023.0,193
rb1805,20171206,20171205,210022500,4025.0,22084,2979076,888651860.0,4025.0,417,4024.0,5
rb1805,20171206,20171205,210023000,4025.0,22246,2979164,895171660.0,4024.0,1,4023.0,226
rb1805,20171206,20171205,210023500,4024.0,22364,2979178,899920260.0,4025.0,354,4024.0,47
rb1805,20171206,20171205,210024000,4025.0,22486,2979248,904830600.0,4025.0,301,4024.0,51
rb1805,20171206,20171205,210024500,4024.0,22582,2979298,908693820.0,4025.0,293,4024.0,24
rb1805,20171206,20171205,210025000,4025.0,22630,2979310,910625480.0,4025.0,295,4024.0,24
rb1805,20171206,20171205,210025500,4024.0,22670,2979324,912235300.0,4025.0,287,4024.0,27
rb1805,20171206,20171205,210026000,4024.0,22766,2979310,916098460.0,4024.0,141,4023.0,320
rb1805,20171206,20171205,210026500,4024.0,22846,2979242,919317640.0,4024.0,110,4023.0,324
rb1805,20171206,20171205,210027000,4024.0,23102,2979148,929618840.0,4024.0,12,4023.0,313
rb1805,20171206,20171205,210027500,4025.0,23798,2979032,957632440.0,4026.0,83,4025.0,90
rb1805,20171206,20171205,210028000,4026.0,23882,2979010,961013500.0,4026.0,85,4025.0,60
rb1805,20171206,20171205,210028500,4025.0,23958,2978978,964072720.0,4026.0,75,4025.0,73
rb1805,20171206,20171205,210029000,4026.0,23976,2978988,964797280.0,4026.0,77,4025.0,67
rb1805,20171206,20171205,210029500,4025.0,24078,2979052,968903580.0,4026.0,38,4025.0,58
rb1805,20171206,20171205,210030000,4024.0,24282,2979134,977114460.0,4025.0,118,4024.0,44
rb1805,20171206,20171205,210030500,4024.0,24352,2979156,979931620.0,4025.0,135,4024.0,28
rb1805,20171206,20171205,210031000,4025.0,24386,2979176,981300060.0,4025.0,178,4024.0,26
rb1805,20171206,20171205,210031500,4025.0,24398,2979182,981783000.0,4025.0,183,4024.0,24
rb1805,20171206,20171205,210032000,4025.0,24518,2979200,986612400.0,4025.0,161,4024.0,4
rb1805,20171206,20171205,210032500,4025.0,24540,2979206,987497820.0,4024.0,23,4023.0,379
rb1805,20171206,20171205,210033000,4023.0,24606,2979210,990153800.0,4024.0,10,4023.0,371
rb1805,20171206,20171205,210033500,4023.0,25404,2979020,1022257700.0,4023.0,23,4022.0,121
rb1805,20171206,20171205,210034000,4023.0,25460,2979016,1024510380.0,4023.0,19,4022.0,111
rb1805,20171206,20171205,210034500,4023.0,25574,2978952,1029096640.0,4024.0,72,4023.0,16
rb1805,20171206,20171205,210035000,4023.0,25636,2978952,1031590900.0,4024.0,117,4023.0,33
rb1805,20171206,20171205,210035500,4023.0,25732,2978938,1035452980.0,4023.0,160,4022.0,168
rb1805,20171206,20171205,210036000,4023.0,25784,2978926,1037544860.0,4023.0,152,4022.0,161
rb1805,20171206,20171205,210036500,4023.0,25842,2978892,1039878060.0,4023.0,144,4022.0,156
rb1805,20171206,20171205,210037000,4023.0,26106,2978684,1050498700.0,4023.0,21,4022.0,152
rb1805,20171206,20171205,210037500,4023.0,26164,2978660,1052832100.0,4024.0,110,4023.0,1
rb1805,20171206,20171205,210038000,4023.0,26188,2978678,1053797640.0,4024.0,140,4023.0,16
rb1805,20171206,20171205,210038500,4023.0,26226,2978698,1055326420.0,4024.0,214,4023.0,10
rb1805,20171206,20171205,210039000,4023.0,26356,2978692,1060556340.0,4024.0,243,4023.0,96
rb1805,20171206,20171205,210039500,4023.0,26364,2978684,1060878180.0,4024.0,247,4023.0,99
rb1805,20171206,20171205,210040000,4023.0,26424,2978680,1063292440.0,4024.0,224,4023.0,90
rb1805,20171206,20171205,210040500,4023.0,26544,2978712,1068121080.0,4024.0,172,4023.0,87
rb1805,20171206,20171205,210041000,4024.0,26756,2978588,1076649920.0,4024.0,169,4023.0,34
rb1805,20171206,20171205,210041500,4024.0,27152,2978662,1092584460.0,4025.0,294,4024.0,141
rb1805,20171206,20171205,210042000,4025.0,27174,2978670,1093469760.0,4025.0,296,4024.0,384
rb1805,20171206,20171205,210042500,4024.0,27400,2978672,1102564040.0,4025.0,297,4024.0,316
rb1805,20171206,20171205,210043000,4024.0,27566,2978730,1109244540.0,4025.0,277,4024.0,290
rb1805,20171206,20171205,210043500,4024.0,27702,2978742,1114717320.0,4025.0,311,4024.0,330
rb1805,20171206,20171205,210044000,4024.0,27772,2978774,1117534700.0,4025.0,232,4024.0,426
rb1805,20171206,20171205,210044500,4024.0,27836,2978812,1120110280.0,4025.0,223,4024.0,413
rb1805,20171206,20171205,210045000,4025.0,28098,2978838,1130655320.0,4025.0,122,4024.0,471
rb1805,20171206,20171205,210045500,4025.0,28154,2978852,1132909200.0,4025.0,115,4024.0,467
rb1805,20171206,20171205,210046000,4025.0,28288,2978820,1138302540.0,4025.0,60,4024.0,471
rb1805,20171206,20171205,210046500,4025.0,28468,2978886,1145547520.0,4026.0,252,4025.0,19
rb1805,20171206,20171205,210047000,4025.0,28618,2978954,1151584620.0,4026.0,255,4025.0,2
rb1805,20171206,20171205,210047500,4025.0,28670,2978980,1153677420.0,4025.0,491,4024.0,503
rb1805,20171206,20171205,210048000,4024.0,28780,2979000,1158104700.0,4025.0,492,4024.0,492
rb1805,20171206,20171205,210048500,4024.0,28990,2978894,1166555140.0,4025.0,491,4024.0,410
rb1805,20171206,20171205,210049000,4025.0,29032,2978858,1168245600.0,4025.0,482,4024.0,411
rb1805,20171206,20171205,210049500,4025.0,29416,2978524,1183697960.0,4025.0,496,4024.0,231
rb1805,20171206,20171205,210050000,4024.0,30032,2978286,1208487080.0,4024.0,38,4023.0,196
rb1805,20171206,20171205,210050500,4024.0,30100,2978272,1211223040.0,4024.0,40,4023.0,179
rb1805,20171206,20171205,210051000,4023.0,30204,2978284,1215407940.0,4024.0,48,4023.0,178
rb1805,20171206,20171205,210051500,4024.0,30380,2978338,1222489260.0,4024.0,55,4023.0,132
rb1805,20171206,20171205,210052000,4024.0,30624,2978478,1232307780.0,4025.0,439,4024.0,72
rb1805,20171206,20171205,210052500,4024.0,30634,2978484,1232710200.0,4025.0,446,4024.0,95
rb1805,20171206,20171205,210053000,4024.0,30684,2978504,1234722240.0,4025.0,477,4024.0,78
rb1805,20171206,20171205,210053500,4024.0,30770,2978542,1238182960.0,4025.0,475,4024.0,47
rb1805,20171206,20171205,210054000,4024.0,30872,2978640,1242287440.0,4024.0,162,4023.0,140
rb1805,20171206,20171205,210054500,4024.0,31674,2978464,1274559900.0,4025.0,518,4024.0,13
rb1805,20171206,20171205,210055000,4023.0,31776,2978436,1278664280.0,4024.0,26,4023.0,154
rb1805,20171206,20171205,210055500,4024.0,31884,2978494,1283010160.0,4024.0,69,4023.0,182
rb1805,20171206,20171205,210056000,4023.0,32276,2978308,1298780440.0,4024.0,68,4022.0,96
rb1805,20171206,20171205,210056500,4024.0,32314,2978344,1300309480.0,4024.0,69,4023.0,101
rb1805,20171206,20171205,210057000,4024.0,32368,2978392,1302482100.0,4024.0,76,4023.0,93
rb1805,20171206,20171205,210057500,4024.0,32442,2978408,1305459240.0,4024.0,71,4023.0,62
rb1805,20171206,20171205,210058000,4023.0,32508,2978442,1308114560.0,4024.0,73,4023.0,36
rb1805,20171206,20171205,210058500,4023.0,32602,2978514,1311896180.0,4023.0,63,4022.0,101
rb1805,20171206,20171205,210059000,4024.0,32972,2978462,1326782140.0,4024.0,3,4023.0,18
rb1805,20171206,20171205,210059500,4023.0,33054,2978488,1330081520.0,4024.0,13,4023.0,7
rb1805,20171206,20171205,210100000,4023.0,33088,2978498,1331449300.0,4023.0,15,4022.0,73
rb1805,20171206,20171205,210100500,4023.0,33254,2978560,1338127000.0,4023.0,31,4022.0,54
rb1805,20171206,20171205,210101000,4023.0,33466,2978552,1346655260.0,4024.0,87,4023.0,15
rb1805,20171206,20171205,210101500,4024.0,33732,2978450,1357358420.0,4025.0,656,4024.0,205
rb1805,20171206,20171205,210102000,4024.0,33848,2978436,1362026660.0,4025.0,646,4024.0,168
rb1805,20171206,20171205,210102500,4024.0,34048,2978428,1370074680.0,4025.0,648,4024.0,80
rb1805,20171206,20171205,210103000,4023.0,34306,2978446,1380456080.0,4024.0,61,4023.0,42
rb1805,20171206,20171205,210103500,4023.0,34316,2978446,1380858380.0,4024.0,78,4023.0,82
rb1805,20171206,20171205,210104000,4023.0,34342,2978446,1381904580.0,4024.0,74,4023.0,78
rb1805,20171206,20171205,210104500,4023.0,34392,2978494,1383916420.0,4024.0,71,4023.0,76
rb1805,20171206,20171205,210105000,4024.0,34408,2978510,1384560260.0,4024.0,70,4023.0,57
rb1805,20171206,20171205,210105500,4024.0,34480,2978506,1387457520.0,4024.0,175,4023.0,58
rb1805,20171206,20171205,210106000,4023.0,34606,2978590,1392526460.0,4023.0,212,4022.0,109
rb1805,20171206,20171205,210106500,4023.0,34710,2978574,1396709460.0,4023.0,212,4022.0,16
rb1805,20171206,20171205,210107000,4022.0,34766,2978624,1398961780.0,4022.0,54,4021.0,676
rb1805,20171206,20171205,210107500,4021.0,34876,2978554,1403384960.0,4022.0,250,4021.0,626
rb1805,20171206,20171205,210108000,4021.0,34892,2978562,1404028420.0,4022.0,246,4021.0,630
rb1805,20171206,20171205,210108500,4021.0,35118,2978426,1413116420.0,4022.0,227,4021.0,543
rb1805,20171206,20171205,210109000,4021.0,35304,2978292,1420596000.0,4022.0,234,4021.0,478
rb1805,20171206,20171205,210109500,4021.0,35536,2978256,1429924900.0,4022.0,260,4021.0,374
rb1805,20171206,20171205,210110000,4022.0,35698,2978268,1436439180.0,4022.0,259,4021.0,306
rb1805,20171206,20171205,210110500,4022.0,35734,2978268,1437886820.0,4022.0,264,4021.0,293
rb1805,20171206,20171205,210111000,4022.0,35994,2978296,1448342000.0,4022.0,244,4021.0,203
rb1805,20171206,20171205,210111500,4021.0,36436,2978132,1466114940.0,4022.0,263,4020.0,300
rb1805,20171206,20171205,210112000,4022.0,36590,2978140,1472308660.0,4022.0,211,4020.0,301
rb1805,20171206,20171205,210112500,4022.0,36626,2978140,1473756480.0,4022.0,198,4021.0,13
rb1805,20171206,20171205,210113000,4021.0,36744,2978156,1478500840.0,4021.0,10,4020.0,285
rb1805,20171206,20171205,210113500,4021.0,36786,2978136,1480189580.0,4021.0,56,4020.0,288
rb1805,20171206,20171205,210114000,4020.0,36808,2978134,1481074160.0,4021.0,116,4020.0,301
rb1805,20171206,20171205,210114500,4021.0,37084,2978110,1492172000.0,4022.0,221,4021.0,175
rb1805,20171206,20171205,210115000,4022.0,37374,2978196,1503834920.0,4022.0,122,4021.0,100
rb1805,20171206,20171205,210115500,4021.0,37528,2978180,1510027760.0,4022.0,125,4021.0,124
rb1805,20171206,20171205,210116000,4021.0,37812,2978212,1521447540.0,4022.0,109,4021.0,13
rb1805,20171206,20171205,210116500,4021.0,37880,2978206,1524181720.0,4022.0,121,4021.0,1
rb1805,20171206,20171205,210117000,4020.0,37902,2978204,1525066220.0,4021.0,30,4020.0,308
rb1805,20171206,20171205,210117500,4020.0,38160,2978230,1535440320.0,4021.0,392,4020.0,374
rb1805,20171206,20171205,210118000,4021.0,38928,2978322,1566314100.0,4021.0,413,4020.0,8
rb1805,20171206,20171205,210118500,4020.0,38998,2978326,1569128080.0,4020.0,170,4019.0,261
rb1805,20171206,20171205,210119000,4020.0,39070,2978294,1572022440.0,4020.0,139,4019.0,270
rb1805,20171206,20171205,210119500,4020.0,39204,2978244,1577409180.0,4020.0,81,4019.0,269
rb1805,20171206,20171205,210120000,4019.0,39758,2978326,1599674820.0,4020.0,65,4019.0,13
rb1805,20171206,20171205,210120500,4018.0,39812,2978300,1601845000.0,4019.0,5,4018.0,470
rb1805,20171206,20171205,210121000,4018.0,40624,2977684,1634472820.0,4020.0,156,4018.0,167
rb1805,20171206,20171205,210121500,4018.0,40826,2977766,1642589420.0,4019.0,3,4018.0,80
rb1805,20171206,20171205,210122000,4019.0,41040,2977732,1651188800.0,4019.0,82,4018.0,59
rb1805,20171206,20171205,210122500,4018.0,41268,2977888,1660351880.0,4020.0,191,4018.0,143
rb1805,20171206,20171205,210123000,4018.0,41354,2977864,1663807520.0,4019.0,26,4018.0,110
rb1805,20171206,20171205,210123500,4018.0,41630,2978026,1674897220.0,4018.0,25,4017.0,134
rb1805,20171206,20171205,210124000,4019.0,41740,2978008,1679317180.0,4019.0,93,4018.0,204
rb1805,20171206,20171205,210124500,4018.0,41840,2977976,1683335660.0,4019.0,78,4018.0,201
rb1805,20171206,20171205,210125000,4018.0,42024,2977884,1690728860.0,4019.0,98,4018.0,142
rb1805,20171206,20171205,210125500,4018.0,42164,2977884,1696354300.0,4019.0,91,4018.0,95
rb1805,20171206,20171205,210126000,4018.0,42416,2977752,1706479760.0,4019.0,96,4018.0,9
rb1805,20171206,20171205,210126500,4018.0,43774,2976484,1761044200.0,4018.0,30,4017.0,280
rb1805,20171206,20171205,210127000,4018.0,43902,2976452,1766186340.0,4018.0,204,4017.0,183
rb1805,20171206,20171205,210127500,4018.0,44450,2976806,1788202060.0,4018.0,148,4017.0,5
rb1805,20171206,20171205,210128000,4016.0,44818,2976716,1802985520.0,4017.0,27,4016.0,352
rb1805,20171206,20171205,210128500,4017.0,44984,2976716,1809652480.0,4017.0,39,4016.0,324
rb1805,20171206,20171205,210129000,4017.0,45120,2976702,1815114660.0,4017.0,40,4016.0,287
rb1805,20171206,20171205,210129500,4016.0,45158,2976712,1816640820.0,4017.0,97,4016.0,277
rb1805,20171206,20171205,210130000,4017.0,45336,2976772,1823790620.0,4017.0,40,4016.0,274
rb1805,20171206,20171205,210130500,4016.0,46210,2977108,1858902480.0,4017.0,25,4016.0,192
rb1805,20171206,20171205,210131000,4017.0,46408,2976946,1866856140.0,4018.0,55,4017.0,49
rb1805,20171206,20171205,210131500,4017.0,46566,2976962,1873203380.0,4018.0,40,4017.0,305
rb1805,20171206,20171205,210132000,4017.0,47094,2977088,1894413140.0,4018.0,47,4017.0,364
rb1805,20171206,20171205,210132500,4018.0,47260,2977032,1901082560.0,4019.0,234,4018.0,33
rb1805,20171206,20171205,210133000,4017.0,47708,2977064,1919079980.0,4018.0,7,4017.0,30
rb1805,20171206,20171205,210133500,4018.0,47792,2977120,1922454760.0,4018.0,29,4017.0,34
rb1805,20171206,20171205,210134000,4017.0,47888,2977086,1926311180.0,4017.0,21,4016.0,369
rb1805,20171206,20171205,210134500,4017.0,47966,2977148,1929444400.0,4017.0,1,4016.0,379
rb1805,20171206,20171205,210135000,4017.0,48110,2977152,1935229460.0,4018.0,126,4017.0,21
rb1805,20171206,20171205,210135500,4017.0,48352,2977090,1944950560.0,4017.0,48,4016.0,385
rb1805,20171206,20171205,210136000,4017.0,48600,2977110,1954912720.0,4017.0,1,4016.0,362
rb1805,20171206,20171205,210136500,4017.0,48638,2977132,1956439280.0,4018.0,109,4017.0,96
rb1805,20171206,20171205,210137000,4017.0,48888,2977332,1966481720.0,4017.0,2,4016.0,368
rb1805,20171206,20171205,210137500,4017.0,49012,2977272,1971462700.0,4017.0,177,4016.0,360
rb1805,20171206,20171205,210138000,4017.0,49120,2977268,1975800720.0,4017.0,161,4016.0,373
rb1805,20171206,20171205,210138500,4016.0,50022,2977528,2012026180.0,4016.0,64,4015.0,393
rb1805,20171206,20171205,210139000,4016.0,50064,2977554,2013712880.0,4016.0,45,4015.0,394
rb1805,20171206,20171205,210139500,4016.0,50180,2977610,2018371120.0,4016.0,86,4015.0,378
rb1805,20171206,20171205,210140000,4015.0,50522,2977758,2032104800.0,4016.0,9,4015.0,327
rb1805,20171206,20171205,210140500,4015.0,50906,2977754,2047523780.0,4016.0,5,4015.0,224
rb1805,20171206,20171205,210141000,4016.0,51048,2977878,2053226380.0,4017.0,218,4016.0,421
rb1805,20171206,20171205,210141500,4016.0,51332,2978134,2064631960.0,4017.0,205,4016.0,416
rb1805,20171206,20171205,210142000,4018.0,51868,2978348,2086162840.0,4018.0,140,4017.0,277
rb1805,20171206,20171205,210142500,4017.0,51930,2978368,2088653580.0,4018.0,80,4017.0,274
rb1805,20171206,20171205,210143000,4017.0,52514,2978902,2112113040.0,4018.0,90,4017.0,201
rb1805,20171206,20171205,210143500,4017.0,52840,2978948,2125210540.0,4018.0,55,4017.0,151
rb1805,20171206,20171205,210144000,4017.0,53070,2978874,2134449680.0,4018.0,78,4017.0,41
rb1805,20171206,20171205,210144500,4018.0,53250,2978904,2141680920.0,4018.0,71,4017.0,15
rb1805,20171206,20171205,210145000,4017.0,53370,2978980,2146501260.0,4017.0,13,4016.0,683
rb1805,20171206,20171205,210145500,4017.0,53420,2979020,2148509660.0,4017.0,30,4016.0,697
rb1805,20171206,20171205,210146000,4017.0,53460,2979032,2150116360.0,4017.0,145,4016.0,714
rb1805,20171206,20171205,210146500,4017.0,53528,2979020,2152847920.0,4017.0,127,4016.0,725
rb1805,20171206,20171205,210147000,4017.0,53726,2978916,2160801560.0,4017.0,114,4016.0,725
rb1805,20171206,20171205,210147500,4017.0,53978,2978990,2170924420.0,4018.0,140,4017.0,152
rb1805,20171206,20171205,210148000,4018.0,54050,2979004,2173816680.0,4018.0,137,4017.0,144
rb1805,20171206,20171205,210148500,4017.0,54418,2979252,2188599660.0,4017.0,4,4016.0,824
rb1805,20171206,20171205,210149000,4017.0,54454,2979238,2190045840.0,4018.0,261,4017.0,182
rb1805,20171206,20171205,210149500,4018.0,54480,2979222,2191090480.0,4018.0,260,4017.0,189
rb1805,20171206,20171205,210150000,4017.0,54524,2979196,2192858100.0,4018.0,251,4017.0,274
rb1805,20171206,20171205,210150500,4018.0,55442,2979386,2229738160.0,4018.0,62,4017.0,85
rb1805,20171206,20171205,210151000,4017.0,55510,2979392,2232469800.0,4018.0,65,4017.0,69
rb1805,20171206,20171205,210151500,4018.0,55668,2979472,2238816800.0,4018.0,72,4017.0,24
rb1805,20171206,20171205,210152000,4018.0,55884,2979434,2247495080.0,4019.0,230,4018.0,53
rb1805,20171206,20171205,210152500,4017.0,56078,2979428,2255289040.0,4017.0,75,4016.0,927
rb1805,20171206,20171205,210153000,4016.0,56354,2979538,2266375460.0,4017.0,47,4016.0,897
rb1805,20171206,20171205,210153500,4018.0,56520,2979518,2273043620.0,4018.0,336,4017.0,3
rb1805,20171206,20171205,210154000,4017.0,56592,2979476,2275936020.0,4017.0,5,4016.0,884
rb1805,20171206,20171205,210154500,4017.0,56822,2979294,2285177040.0,4017.0,115,4016.0,871
rb1805,20171206,20171205,210155000,4017.0,56840,2979292,2285900080.0,4017.0,117,4016.0,875
rb1805,20171206,20171205,210155500,4017.0,56880,2979266,2287506880.0,4017.0,120,4016.0,892
rb1805,20171206,20171205,210156000,4017.0,57142,2979074,2298031140.0,4017.0,17,4016.0,877
rb1805,20171206,20171205,210156500,4017.0,57204,2979068,2300521700.0,4018.0,176,4017.0,85
rb1805,20171206,20171205,210157000,4017.0,57356,2979080,2306627560.0,4018.0,178,4017.0,31
rb1805,20171206,20171205,210157500,4018.0,57788,2979354,2323985280.0,4019.0,226,4018.0,265
rb1805,20171206,20171205,210158000,4018.0,57894,2979438,2328244400.0,4019.0,175,4018.0,399
rb1805,20171206,20171205,210158500,4019.0,57946,2979410,2330334220.0,4019.0,171,4018.0,398
rb1805,20171206,20171205,210159000,4018.0,58108,2979502,2336843480.0,4019.0,165,4018.0,376
rb1805,20171206,20171205,210159500,4018.0,58244,2979554,2342309060.0,4019.0,108,4018.0,364
rb1805,20171206,20171205,210200000,4018.0,58792,2979460,2364327760.0,4019.0,133,4018.0,98
rb1805,20171206,20171205,210200500,4018.0,58958,2979492,2370998060.0,4019.0,113,4018.0,42
rb1805,20171206,20171205,210201000,4018.0,59118,2979534,2377426260.0,4018.0,49,4017.0,479
rb1805,20171206,20171205,210201500,4018.0,59236,2979620,2382167500.0,4018.0,36,4017.0,524
rb1805,20171206,20171205,210202000,4018.0,59564,2979556,2395348440.0,4019.0,13,4018.0,33
rb1805,20171206,20171205,210202500,4018.0,59760,2979630,2403223860.0,4018.0,9,4017.0,529
rb1805,20171206,20171205,210203000,4018.0,59874,2979568,2407804460.0,4019.0,39,4018.0,225
rb1805,20171206,20171205,210203500,4019.0,59942,2979578,2410537120.0,4019.0,23,4018.0,262
rb1805,20171206,20171205,210204000,4019.0,60060,2979586,2415279540.0,4020.0,291,4019.0,6
rb1805,20171206,20171205,210204500,4020.0,60100,2979582,2416887220.0,4020.0,276,4019.0,110
rb1805,20171206,20171205,210205000,4020.0,60252,2979536,2422996880.0,4020.0,183,4019.0,150
rb1805,20171206,20171205,210205500,4021.0,60792,2979904,2444704740.0,4021.0,184,4020.0,10
rb1805,20171206,20171205,210206000,4021.0,60858,2979920,2447358440.0,4021.0,98,4020.0,100
rb1805,20171206,20171205,210206500,4021.0,61024,2979910,2454033040.0,4021.0,28,4020.0,296
rb1805,20171206,20171205,210207000,4022.0,61170,2979930,2459904500.0,4022.0,81,4021.0,347
rb1805,20171206,20171205,210207500,4022.0,61374,2979886,2468109380.0,4023.0,122,4022.0,176
rb1805,20171206,20171205,210208000,4022.0,61694,2979868,2480980740.0,4023.0,76,4022.0,286
rb1805,20171206,20171205,210208500,4023.0,61916,2979906,2489911040.0,4023.0,20,4022.0,249
rb1805,20171206,20171205,210209000,4023.0,62134,2979780,2498681240.0,4024.0,219,4023.0,12
rb1805,20171206,20171205,210209500,4023.0,62350,2979674,2507370540.0,4023.0,54,4022.0,182
rb1805,20171206,20171205,210210000,4023.0,62376,2979688,2508416400.0,4023.0,128,4022.0,186
rb1805,20171206,20171205,210210500,4022.0,62768,2979792,2524182920.0,4022.0,53,4021.0,535
rb1805,20171206,20171205,210211000,4022.0,62932,2979802,2530777660.0,4022.0,31,4021.0,449
rb1805,20171206,20171205,210211500,4022.0,63242,2979720,2543248260.0,4023.0,125,4021.0,449
rb1805,20171206,20171205,210212000,4022.0,63302,2979666,2545661880.0,4023.0,118,4022.0,4
rb1805,20171206,20171205,210212500,4022.0,63546,2979462,2555477760.0,4023.0,24,4022.0,3
rb1805,20171206,20171205,210213000,4022.0,63572,2979456,2556523440.0,4022.0,62,4021.0,449
rb1805,20171206,20171205,210213500,4022.0,63668,2979426,2560384300.0,4022.0,30,4021.0,415
rb1805,20171206,20171205,210214000,4021.0,63930,2979476,2570921660.0,4022.0,66,4021.0,400
rb1805,20171206,20171205,210214500,4022.0,64082,2979352,2577033700.0,4022.0,65,4021.0,331
rb1805,20171206,20171205,210215000,4022.0,64094,2979362,2577516340.0,4022.0,75,4021.0,334
rb1805,20171206,20171205,210215500,4021.0,64112,2979372,2578240220.0,4022.0,116,4021.0,330
rb1805,20171206,20171205,210216000,4022.0,64276,2979462,2584836080.0,4022.0,76,4021.0,320
rb1805,20171206,20171205,210216500,4021.0,64724,2979528,2602850440.0,4022.0,65,4021.0,111
rb1805,20171206,20171205,210217000,4022.0,64924,2979488,2610893820.0,4023.0,196,4022.0,39
rb1805,20171206,20171205,210217500,4021.0,65026,2979476,2614996200.0,4022.0,107,4021.0,95
rb1805,20171206,20171205,210218000,4022.0,65056,2979506,2616202740.0,4022.0,110,4021.0,92
rb1805,20171206,20171205,210218500,4021.0,65276,2979440,2625050800.0,4022.0,21,4021.0,85
rb1805,20171206,20171205,210219000,4022.0,65334,2979454,2627383560.0,4023.0,210,4022.0,22
rb1805,20171206,20171205,210219500,4021.0,65488,2979450,2633577100.0,4022.0,160,4021.0,174
rb1805,20171206,20171205,210220000,4022.0,65496,2979452,2633898820.0,4022.0,168,4021.0,115
rb1805,20171206,20171205,210220500,4022.0,65738,2979468,2643630320.0,4022.0,137,4021.0,15
rb1805,20171206,20171205,210221000,4023.0,66166,2979332,2660844960.0,4023.0,193,4022.0,4
rb1805,20171206,20171205,210221500,4022.0,66450,2979156,2672269440.0,4023.0,92,4022.0,78
rb1805,20171206,20171205,210222000,4023.0,66532,2979116,2675567600.0,4023.0,145,4022.0,45
rb1805,20171206,20171205,210222500,4021.0,66848,2979088,2688275180.0,4021.0,104,4020.0,449
rb1805,20171206,20171205,210223000,4021.0,67010,2979110,2694787860.0,4021.0,101,4020.0,360
rb1805,20171206,20171205,210223500,4021.0,67054,2979130,2696557100.0,4021.0,79,4020.0,311
rb1805,20171206,20171205,210224000,4021.0,67262,2979334,2704920780.0,4021.0,25,4020.0,311
rb1805,20171206,20171205,210224500,4020.0,67344,2979364,2708217560.0,4021.0,6,4020.0,296
rb1805,20171206,20171205,210225000,4021.0,67358,2979364,2708780480.0,4022.0,267,4020.0,295
rb1805,20171206,20171205,210225500,4020.0,67436,2979400,2711916540.0,4022.0,265,4020.0,274
rb1805,20171206,20171205,210226000,4021.0,67440,2979402,2712077400.0,4022.0,265,4021.0,4
rb1805,20171206,20171205,210226500,4021.0,67534,2979450,2715857000.0,4022.0,266,4021.0,18
rb1805,20171206,20171205,210227000,4021.0,67588,2979502,2718028200.0,4021.0,80,4020.0,274
rb1805,20171206,20171205,210227500,4021.0,67622,2979516,2719395300.0,4021.0,72,4020.0,279
rb1805,20171206,20171205,210228000,4021.0,67686,2979574,2721968160.0,4021.0,46,4020.0,251
rb1805,20171206,20171205,210228500,4020.0,67740,2979598,2724139240.0,4021.0,52,4020.0,258
rb1805,20171206,20171205,210229000,4021.0,67878,2979590,2729687220.0,4021.0,73,4020.0,211
rb1805,20171206,20171205,210229500,4021.0,68072,2979638,2737487740.0,4022.0,280,4021.0,467
rb1805,20171206,20171205,210230000,4021.0,68098,2979632,2738533220.0,4022.0,225,4021.0,462
rb1805,20171206,20171205,210230500,4021.0,68140,2979628,2740222040.0,4022.0,199,4021.0,445
rb1805,20171206,20171205,210231000,4021.0,68160,2979618,2741026240.0,4022.0,204,4021.0,435
rb1805,20171206,20171205,210231500,4021.0,68210,2979616,2743036740.0,4022.0,212,4021.0,413
rb1805,20171206,20171205,210232000,4022.0,68222,2979612,2743519320.0,4022.0,212,4021.0,426
rb1805,20171206,20171205,210232500,4021.0,68706,2979582,2762980960.0,4022.0,213,4021.0,188
rb1805,20171206,20171205,210233000,4021.0,69092,2979522,2778502020.0,4021.0,149,4020.0,226
rb1805,20171206,20171205,210233500,4021.0,69100,2979528,2778823700.0,4021.0,169,4020.0,231
rb1805,20171206,20171205,210234000,4021.0,69180,2979538,2782039920.0,4021.0,172,4020.0,209
rb1805,20171206,20171205,210234500,4020.0,69216,2979560,2783487280.0,4021.0,200,4020.0,201
rb1805,20171206,20171205,210235000,4020.0,69434,2979572,2792253020.0,4021.0,102,4020.0,199
rb1805,20171206,20171205,210235500,4020.0,69444,2979578,2792655060.0,4021.0,117,4020.0,202
rb1805,20171206,20171205,210236000,4020.0,69456,2979576,2793137480.0,4021.0,139,4020.0,198
rb1805,20171206,20171205,210236500,4021.0,70008,2979742,2815335400.0,4022.0,160,4021.0,50
rb1805,20171206,20171205,210237000,4021.0,70040,2979758,2816622120.0,4022.0,160,4021.0,39
rb1805,20171206,20171205,210237500,4021.0,70070,2979786,2817828420.0,4022.0,167,4021.0,137
rb1805,20171206,20171205,210238000,4021.0,70080,2979788,2818230520.0,4022.0,169,4021.0,146
rb1805,20171206,20171205,210238500,4022.0,70172,2979780,2821929940.0,4022.0,165,4021.0,217
rb1805,20171206,20171205,210239000,4022.0,70410,2979768,2831501960.0,4022.0,136,4021.0,211
rb1805,20171206,20171205,210239500,4022.0,70626,2979948,2840189400.0,4022.0,32,4021.0,253
rb1805,20171206,20171205,210240000,4021.0,70836,2979898,2848633520.0,4022.0,33,4021.0,152
rb1805,20171206,20171205,210240500,4022.0,70922,2979894,2852092440.0,4023.0,306,4022.0,11
rb1805,20171206,20171205,210241000,4021.0,71000,2979906,2855229280.0,4022.0,73,4021.0,142
rb1805,20171206,20171205,210241500,4021.0,71034,2979914,2856596700.0,4022.0,63,4021.0,149
rb1805,20171206,20171205,210242000,4021.0,71182,2979934,2862549180.0,4022.0,61,4021.0,148
rb1805,20171206,20171205,210242500,4022.0,71186,2979934,2862710060.0,4022.0,126,4021.0,148
rb1805,20171206,20171205,210243000,4022.0,71210,2979928,2863675240.0,4022.0,128,4021.0,138
rb1805,20171206,20171205,210243500,4021.0,71228,2979922,2864399040.0,4022.0,146,4021.0,143
rb1805,20171206,20171205,210244000,4021.0,71256,2979938,2865525140.0,4022.0,135,4021.0,143
rb1805,20171206,20171205,210244500,4022.0,71486,2979936,2874775660.0,4022.0,62,4021.0,154
rb1805,20171206,20171205,210245000,4022.0,71488,2979938,2874856100.0,4022.0,71,4021.0,161
rb1805,20171206,20171205,210245500,4022.0,71510,2979938,2875740940.0,4022.0,65,4021.0,269
rb1805,20171206,20171205,210246000,4022.0,71732,2979852,2884669140.0,4022.0,6,4021.0,247
rb1805,20171206,20171205,210246500,4021.0,72204,2979494,2903650620.0,4023.0,308,4022.0,2
rb1805,20171206,20171205,210247000,4021.0,72266,2979528,2906143840.0,4023.0,338,4022.0,18
rb1805,20171206,20171205,210247500,4020.0,73238,2979280,2945225100.0,4020.0,74,4019.0,201
rb1805,20171206,20171205,210248000,4020.0,73564,2979222,2958332320.0,4022.0,160,4021.0,5
rb1805,20171206,20171205,210248500,4021.0,73590,2979230,2959377780.0,4022.0,143,4021.0,10
rb1805,20171206,20171205,210249000,4021.0,73594,2979230,2959538620.0,4022.0,148,4021.0,8
rb1805,20171206,20171205,210249500,4021.0,73684,2979148,2963157560.0,4022.0,131,4021.0,69
rb1805,20171206,20171205,210250000,4021.0,73694,2979148,2963559660.0,4022.0,101,4021.0,69
rb1805,20171206,20171205,210250500,4022.0,73712,2979142,2964283500.0,4022.0,120,4021.0,66
rb1805,20171206,20171205,210251000,4020.0,74496,2978666,2995801620.0,4020.0,109,4019.0,210
rb1805,20171206,20171205,210251500,4020.0,74560,2978656,2998374400.0,4020.0,78,4019.0,212
rb1805,20171206,20171205,210252000,4020.0,74582,2978636,2999258800.0,4020.0,67,4019.0,212
rb1805,20171206,20171205,210252500,4020.0,74726,2978638,3005047620.0,4021.0,220,4020.0,35
rb1805,20171206,20171205,210253000,4021.0,74734,2978638,3005369280.0,4021.0,205,4020.0,179
rb1805,20171206,20171205,210253500,4020.0,74756,2978618,3006253880.0,4021.0,195,4020.0,216
rb1805,20171206,20171205,210254000,4020.0,74760,2978616,3006414680.0,4021.0,196,4020.0,222
rb1805,20171206,20171205,210254500,4020.0,74768,2978614,3006736300.0,4021.0,197,4020.0,224
rb1805,20171206,20171205,210255000,4020.0,75014,2978720,3016627500.0,4021.0,98,4020.0,203
rb1805,20171206,20171205,210255500,4020.0,75108,2978792,3020407100.0,4021.0,64,4020.0,206
rb1805,20171206,20171205,210256000,4021.0,75332,2978852,3029413440.0,4022.0,150,4020.0,174
rb1805,20171206,20171205,210256500,4021.0,75348,2978864,3030056800.0,4022.0,120,4021.0,74
rb1805,20171206,20171205,210257000,4021.0,75366,2978878,3030780600.0,4022.0,121,4021.0,174
rb1805,20171206,20171205,210257500,4021.0,75404,2978914,3032308620.0,4022.0,129,4021.0,159
rb1805,20171206,20171205,210258000,4021.0,75408,2978916,3032469460.0,4022.0,155,4021.0,167
rb1805,20171206,20171205,210258500,4020.0,76376,2978610,3071386400.0,4020.0,20,4019.0,257
rb1805,20171206,20171205,210259000,4020.0,76430,2978620,3073557100.0,4020.0,5,4019.0,283
rb1805,20171206,20171205,210259500,4021.0,76462,2978636,3074843700.0,4021.0,80,4020.0,13
rb1805,20171206,20171205,210300000,4021.0,76464,2978638,3074924120.0,4021.0,96,4020.0,28
rb1805,20171206,20171205,210300500,4021.0,76474,2978640,3075326160.0,4021.0,148,4020.0,91
rb1805,20171206,20171205,210301000,4020.0,76530,2978640,3077577360.0,4021.0,159,4020.0,95
rb1805,20171206,20171205,210301500,4020.0,76548,2978650,3078301000.0,4021.0,157,4020.0,91
rb1805,20171206,20171205,210302000,4020.0,76990,2978728,3096071420.0,4020.0,383,4019.0,280
rb1805,20171206,20171205,210302500,4020.0,77632,2978712,3121877600.0,4020.0,191,4019.0,159
rb1805,20171206,20171205,210303000,4019.0,77666,2978704,3123244260.0,4020.0,207,4019.0,157
rb1805,20171206,20171205,210303500,4020.0,77784,2978724,3127987660.0,4020.0,173,4019.0,147
rb1805,20171206,20171205,210304000,4019.0,77866,2978724,3131283420.0,4020.0,178,4019.0,115
rb1805,20171206,20171205,210304500,4019.0,77970,2978722,3135464180.0,4020.0,130,4019.0,114
rb1805,20171206,20171205,210305000,4020.0,77992,2978728,3136348500.0,4020.0,137,4019.0,117
rb1805,20171206,20171205,210305500,4020.0,78024,2978726,3137634840.0,4020.0,136,4019.0,116
rb1805,20171206,20171205,210306000,4020.0,78048,2978720,3138599520.0,4020.0,182,4019.0,111
rb1805,20171206,20171205,210306500,4020.0,78628,2978982,3161913820.0,4020.0,140,4019.0,29
rb1805,20171206,20171205,210307000,4019.0,78726,2979006,3165852440.0,4019.0,109,4018.0,265
rb1805,20171206,20171205,210307500,4019.0,78736,2979010,3166254320.0,4019.0,301,4018.0,273
rb1805,20171206,20171205,210308000,4019.0,78936,2978928,3174290520.0,4019.0,308,4018.0,145
rb1805,20171206,20171205,210308500,4019.0,79200,2979018,3184899480.0,4019.0,245,4018.0,85
rb1805,20171206,20171205,210309000,4019.0,79260,2979056,3187310300.0,4019.0,224,4018.0,73
rb1805,20171206,20171205,210309500,4019.0,79308,2979072,3189239020.0,4019.0,226,4018.0,54
rb1805,20171206,20171205,210310000,4018.0,79418,2979136,3193658820.0,4018.0,5,4017.0,552
rb1805,20171206,20171205,210310500,4018.0,79490,2979124,3196551540.0,4018.0,28,4017.0,545
rb1805,20171206,20171205,210311000,4018.0,79722,2978984,3205874780.0,4019.0,165,4018.0,138
rb1805,20171206,20171205,210311500,4018.0,79740,2978978,3206598040.0,4019.0,167,4018.0,234
rb1805,20171206,20171205,210312000,4018.0,79758,2978968,3207321340.0,4019.0,167,4018.0,347
rb1805,20171206,20171205,210312500,4018.0,79764,2978966,3207562440.0,4019.0,167,4018.0,360
rb1805,20171206,20171205,210313000,4018.0,79778,2978964,3208125000.0,4019.0,169,4018.0,356
rb1805,20171206,20171205,210313500,4019.0,79808,2978944,3209330620.0,4019.0,161,4018.0,361
rb1805,20171206,20171205,210314000,4018.0,79856,2978934,3211259300.0,4019.0,137,4018.0,342
rb1805,20171206,20171205,210314500,4018.0,80090,2979022,3220663440.0,4019.0,36,4018.0,362
rb1805,20171206,20171205,210315000,4018.0,80640,2978814,3242762600.0,4018.0,245,4017.0,522
rb1805,20171206,20171205,210315500,4017.0,80672,2978798,3244048260.0,4018.0,238,4017.0,514
rb1805,20171206,20171205,210316000,4018.0,80812,2978676,3249673380.0,4018.0,172,4017.0,512
rb1805,20171206,20171205,210316500,4018.0,80824,2978674,3250155460.0,4018.0,180,4017.0,508
rb1805,20171206,20171205,210317000,4017.0,80954,2978668,3255378820.0,4018.0,124,4017.0,507
rb1805,20171206,20171205,210317500,4018.0,80994,2978638,3256985840.0,4018.0,277,4017.0,510
rb1805,20171206,20171205,210318000,4017.0,81028,2978620,3258351760.0,4018.0,273,4017.0,502
rb1805,20171206,20171205,210318500,4017.0,82060,2978294,3299807420.0,4017.0,18,4016.0,722
rb1805,20171206,20171205,210319000,4017.0,82114,2978304,3301976580.0,4017.0,1,4016.0,723
rb1805,20171206,20171205,210319500,4017.0,82206,2978342,3305672240.0,4017.0,2,4016.0,628
rb1805,20171206,20171205,210320000,4017.0,82242,2978354,3307118580.0,4018.0,271,4017.0,18
rb1805,20171206,20171205,210320500,4017.0,82304,2978344,3309609120.0,4017.0,8,4016.0,629
rb1805,20171206,20171205,210321000,4016.0,83406,2977816,3353866220.0,4017.0,3,4016.0,117
rb1805,20171206,20171205,210321500,4017.0,83444,2977840,3355392540.0,4017.0,222,4016.0,111
rb1805,20171206,20171205,210322000,4016.0,83514,2977862,3358204060.0,4017.0,257,4016.0,93
rb1805,20171206,20171205,210322500,4016.0,83738,2977938,3367199860.0,4016.0,8,4015.0,940
rb1805,20171206,20171205,210323000,4016.0,83774,2977946,3368645480.0,4016.0,13,4015.0,846
rb1805,20171206,20171205,210323500,4015.0,83820,2977972,3370492700.0,4016.0,19,4015.0,843
rb1805,20171206,20171205,210324000,4016.0,84902,2977544,3413935600.0,4016.0,19,4015.0,337
rb1805,20171206,20171205,210324500,4015.0,85506,2977220,3438187620.0,4016.0,112,4015.0,108
rb1805,20171206,20171205,210325000,4015.0,85598,2977202,3441881660.0,4016.0,102,4015.0,79
rb1805,20171206,20171205,210325500,4015.0,85778,2977234,3449108920.0,4016.0,90,4015.0,4
rb1805,20171206,20171205,210326000,4015.0,85840,2977204,3451598220.0,4015.0,210,4014.0,280
rb1805,20171206,20171205,210326500,4015.0,85864,2977220,3452561820.0,4015.0,281,4014.0,286
rb1805,20171206,20171205,210327000,4015.0,85924,2977248,3454970700.0,4015.0,393,4014.0,280
rb1805,20171206,20171205,210327500,4012.0,87394,2976708,3513963460.0,4012.0,110,4011.0,157
rb1805,20171206,20171205,210328000,4013.0,88230,2976548,3547504420.0,4013.0,87,4011.0,201
rb1805,20171206,20171205,210328500,4011.0,88496,2976568,3558176080.0,4014.0,214,4011.0,160
rb1805,20171206,20171205,210329000,4013.0,88848,2976546,3572300700.0,4014.0,158,4013.0,48
rb1805,20171206,20171205,210329500,4013.0,88890,2976556,3573986320.0,4014.0,70,4013.0,94
rb1805,20171206,20171205,210330000,4014.0,89128,2976442,3583537520.0,4014.0,63,4013.0,22
rb1805,20171206,20171205,210330500,4012.0,89234,2976436,3587791100.0,4013.0,27,4012.0,165
rb1805,20171206,20171205,210331000,4012.0,89338,2976448,3591963740.0,4013.0,21,4012.0,141
rb1805,20171206,20171205,210331500,4012.0,90364,2975942,3633115000.0,4013.0,43,4011.0,2
rb1805,20171206,20171205,210332000,4012.0,90526,2975932,3639614060.0,4012.0,16,4011.0,24
rb1805,20171206,20171205,210332500,4011.0,90598,2975964,3642502240.0,4012.0,66,4011.0,46
rb1805,20171206,20171205,210333000,4011.0,90774,2976014,3649561860.0,4011.0,55,4010.0,393
rb1805,20171206,20171205,210333500,4012.0,91038,2976182,3660152280.0,4012.0,2,4011.0,3
rb1805,20171206,20171205,210334000,4011.0,91236,2976262,3668096180.0,4013.0,64,4011.0,107
rb1805,20171206,20171205,210334500,4011.0,91696,2976416,3686547260.0,4013.0,140,4011.0,41
rb1805,20171206,20171205,210335000,4010.0,91820,2976340,3691521040.0,4011.0,24,4010.0,437
rb1805,20171206,20171205,210335500,4010.0,93016,2975882,3739486200.0,4011.0,3,4010.0,91
rb1805,20171206,20171205,210336000,4011.0,93408,2975898,3755206760.0,4011.0,120,4010.0,39
rb1805,20171206,20171205,210336500,4010.0,93684,2975978,3766274500.0,4010.0,14,4009.0,119
rb1805,20171206,20171205,210337000,4010.0,93812,2975964,3771407660.0,4011.0,163,4010.0,40
rb1805,20171206,20171205,210337500,4010.0,94048,2975814,3780871260.0,4010.0,591,4009.0,144
rb1805,20171206,20171205,210338000,4010.0,94446,2975904,3796829000.0,4010.0,626,4009.0,90
rb1805,20171206,20171205,210338500,4009.0,95238,2975790,3828582100.0,4009.0,69,4008.0,472
rb1805,20171206,20171205,210339000,4009.0,97066,2976424,3901863480.0,4010.0,502,4009.0,25
rb1805,20171206,20171205,210339500,4009.0,97874,2976582,3934256860.0,4010.0,473,4009.0,9
rb1805,20171206,20171205,210340000,4009.0,98134,2976610,3944680440.0,4010.0,525,4009.0,154
rb1805,20171206,20171205,210340500,4009.0,98482,2976492,3958633120.0,4010.0,450,4009.0,190
rb1805,20171206,20171205,210341000,4010.0,98696,2976636,3967214240.0,4010.0,359,4009.0,244
rb1805,20171206,20171205,210341500,4010.0,99314,2977008,3991991000.0,4010.0,308,4009.0,105
rb1805,20171206,20171205,210342000,4009.0,99544,2977064,4001213220.0,4010.0,238,4009.0,101
rb1805,20171206,20171205,210342500,4010.0,99932,2977122,4016771280.0,4010.0,116,4009.0,134
rb1805,20171206,20171205,210343000,4010.0,100218,2977150,4028239940.0,4011.0,271,4010.0,283
rb1805,20171206,20171205,210343500,4010.0,100536,2977092,4040993240.0,4011.0,197,4010.0,248
rb1805,20171206,20171205,210344000,4011.0,101034,2977422,4060967700.0,4012.0,19,4011.0,1
rb1805,20171206,20171205,210344500,4012.0,101100,2977436,4063615620.0,4013.0,164,4012.0,12
rb1805,20171206,20171205,210345000,4012.0,101414,2977576,4076212080.0,4013.0,117,4012.0,403
rb1805,20171206,20171205,210345500,4012.0,101950,2977880,4097720380.0,4013.0,66,4012.0,339
rb1805,20171206,20171205,210346000,4012.0,102130,2977890,4104943420.0,4013.0,13,4012.0,324
rb1805,20171206,20171205,210346500,4014.0,102314,2977822,4112327140.0,4014.0,186,4013.0,477
rb1805,20171206,20171205,210347000,4014.0,102740,2977852,4129426440.0,4015.0,213,4013.0,517
rb1805,20171206,20171205,210347500,4014.0,102984,2978016,4139222440.0,4015.0,109,4014.0,48
rb1805,20171206,20171205,210348000,4015.0,103008,2978020,4140185920.0,4015.0,130,4014.0,77
rb1805,20171206,20171205,210348500,4015.0,103236,2977966,4149339680.0,4015.0,35,4014.0,57
rb1805,20171206,20171205,210349000,4015.0,103398,2977870,4155844000.0,4016.0,36,4015.0,516
rb1805,20171206,20171205,210349500,4016.0,103492,2977874,4159619000.0,4017.0,44,4016.0,12
rb1805,20171206,20171205,210350000,4015.0,103608,2977884,4164278160.0,4017.0,18,4015.0,521
rb1805,20171206,20171205,210350500,4018.0,104132,2978348,4185318860.0,4018.0,141,4017.0,1
rb1805,20171206,20171205,210351000,4017.0,104278,2978348,4191183600.0,4017.0,48,4016.0,60
rb1805,20171206,20171205,210351500,4017.0,104440,2978284,4197690980.0,4017.0,253,4016.0,22
rb1805,20171206,20171205,210352000,4016.0,104566,2978240,4202750980.0,4016.0,11,4015.0,615
rb1805,20171206,20171205,210352500,4015.0,104766,2978312,4210784180.0,4017.0,363,4015.0,612
rb1805,20171206,20171205,210353000,4017.0,105818,2977870,4253023140.0,4017.0,352,4015.0,120
rb1805,20171206,20171205,210353500,4015.0,106080,2977656,4263542440.0,4015.0,23,4014.0,109
rb1805,20171206,20171205,210354000,4015.0,106106,2977664,4264586320.0,4015.0,45,4014.0,49
rb1805,20171206,20171205,210354500,4015.0,106174,2977664,4267316420.0,4015.0,48,4014.0,47
rb1805,20171206,20171205,210355000,4015.0,106398,2977706,4276310040.0,4016.0,112,4015.0,32
rb1805,20171206,20171205,210355500,4015.0,106486,2977700,4279843340.0,4016.0,118,4014.0,178
rb1805,20171206,20171205,210356000,4015.0,106584,2977732,4283777200.0,4015.0,48,4014.0,144
rb1805,20171206,20171205,210356500,4015.0,106720,2977796,4289237360.0,4015.0,19,4014.0,148
rb1805,20171206,20171205,210357000,4016.0,106772,2977784,4291325300.0,4016.0,84,4015.0,20
rb1805,20171206,20171205,210357500,4016.0,106808,2977776,4292770820.0,4016.0,69,4015.0,66
rb1805,20171206,20171205,210358000,4015.0,106822,2977780,4293332940.0,4016.0,65,4015.0,67
rb1805,20171206,20171205,210358500,4015.0,106858,2977796,4294778360.0,4016.0,103,4015.0,80
rb1805,20171206,20171205,210359000,4016.0,107128,2977932,4305619860.0,4016.0,52,4015.0,62
rb1805,20171206,20171205,210359500,4016.0,107180,2977954,4307707900.0,4016.0,70,4015.0,55
rb1805,20171206,20171205,210400000,4016.0,107260,2977984,4310920240.0,4016.0,56,4015.0,76
rb1805,20171206,20171205,210400500,4015.0,107340,2978012,4314132360.0,4016.0,53,4015.0,60
rb1805,20171206,20171205,210401000,4016.0,107438,2978014,4318067440.0,4016.0,47,4015.0,44
rb1805,20171206,20171205,210401500,4015.0,107500,2977982,4320557280.0,4016.0,43,4015.0,44
rb1805,20171206,20171205,210402000,4015.0,107596,2977994,4324411960.0,4016.0,32,4015.0,82
rb1805,20171206,20171205,210402500,4017.0,107746,2977974,4330436020.0,4017.0,264,4015.0,105
rb1805,20171206,20171205,210403000,4016.0,107850,2977960,4334612660.0,4017.0,267,4016.0,7
rb1805,20171206,20171205,210403500,4016.0,107886,2977952,4336058380.0,4017.0,226,4016.0,102
rb1805,20171206,20171205,210404000,4017.0,108162,2977960,4347142940.0,4017.0,219,4016.0,14
rb1805,20171206,20171205,210404500,4017.0,108234,2978002,4350034720.0,4017.0,231,4016.0,97
rb1805,20171206,20171205,210405000,4017.0,108326,2978000,4353729800.0,4017.0,218,4016.0,208
rb1805,20171206,20171205,210405500,4017.0,108788,2978216,4372288160.0,4018.0,286,4017.0,69
rb1805,20171206,20171205,210406000,4017.0,109208,2978190,4389162780.0,4018.0,125,4017.0,216
rb1805,20171206,20171205,210406500,4019.0,109488,2978186,4400413260.0,4019.0,68,4018.0,141
rb1805,20171206,20171205,210407000,4018.0,109606,2978256,4405154580.0,4019.0,64,4018.0,96
rb1805,20171206,20171205,210407500,4018.0,109684,2978218,4408288740.0,4019.0,148,4018.0,76
rb1805,20171206,20171205,210408000,4019.0,109782,2978178,4412226920.0,4019.0,139,4018.0,53
rb1805,20171206,20171205,210408500,4019.0,109820,2978164,4413753920.0,4019.0,137,4018.0,41
rb1805,20171206,20171205,210409000,4019.0,109966,2978084,4419621360.0,4019.0,83,4018.0,40
rb1805,20171206,20171205,210409500,4019.0,110022,2978054,4421871780.0,4019.0,67,4018.0,30
rb1805,20171206,20171205,210410000,4018.0,110058,2978068,4423318340.0,4019.0,70,4018.0,26
rb1805,20171206,20171205,210410500,4019.0,110144,2978110,4426774000.0,4018.0,23,4017.0,268
rb1805,20171206,20171205,210411000,4018.0,110230,2978114,4430229780.0,4018.0,1,4017.0,276
rb1805,20171206,20171205,210411500,4019.0,110298,2978070,4432962560.0,4019.0,33,4018.0,27
rb1805,20171206,20171205,210412000,4018.0,110348,2978064,4434971960.0,4019.0,56,4018.0,48
rb1805,20171206,20171205,210412500,4018.0,110392,2978064,4436739960.0,4019.0,69,4018.0,122
rb1805,20171206,20171205,210413000,4018.0,110414,2978074,4437624080.0,4019.0,73,4018.0,119
rb1805,20171206,20171205,210413500,4018.0,110440,2978066,4438668880.0,4019.0,72,4018.0,117
rb1805,20171206,20171205,210414000,4018.0,110454,2978068,4439231480.0,4019.0,97,4018.0,126
rb1805,20171206,20171205,210414500,4018.0,110484,2978076,4440437040.0,4019.0,97,4018.0,130
rb1805,20171206,20171205,210415000,4018.0,110740,2978030,4450723340.0,4019.0,87,4018.0,14
rb1805,20171206,20171205,210415500,4019.0,110840,2977974,4454742220.0,4019.0,131,4018.0,13
rb1805,20171206,20171205,210416000,4018.0,110916,2977986,4457795920.0,4018.0,16,4017.0,286
rb1805,20171206,20171205,210416500,4018.0,110932,2977990,4458438780.0,4018.0,92,4017.0,281
rb1805,20171206,20171205,210417000,4018.0,111136,2978162,4466633500.0,4018.0,99,4017.0,91
rb1805,20171206,20171205,210417500,4017.0,111294,2978142,4472980400.0,4017.0,96,4016.0,180
rb1805,20171206,20171205,210418000,4016.0,111314,2978138,4473783780.0,4017.0,93,4016.0,121
rb1805,20171206,20171205,210418500,4017.0,111348,2978132,4475149540.0,4017.0,78,4016.0,160
rb1805,20171206,20171205,210419000,4016.0,111356,2978132,4475470880.0,4017.0,76,4016.0,165
rb1805,20171206,20171205,210419500,4017.0,111368,2978128,4475952900.0,4017.0,71,4016.0,164
rb1805,20171206,20171205,210420000,4017.0,111372,2978126,4476113560.0,4017.0,70,4016.0,164
rb1805,20171206,20171205,210420500,4017.0,111380,2978124,4476434880.0,4017.0,70,4016.0,175
rb1805,20171206,20171205,210421000,4017.0,111392,2978120,4476916920.0,4017.0,53,4016.0,182
rb1805,20171206,20171205,210421500,4016.0,111422,2978120,4478121920.0,4017.0,63,4016.0,257
rb1805,20171206,20171205,210422000,4017.0,111442,2978104,4478925320.0,4017.0,53,4016.0,259
rb1805,20171206,20171205,210422500,4017.0,111458,2978094,4479568040.0,4017.0,48,4016.0,265
rb1805,20171206,20171205,210423000,4017.0,111568,2978094,4483986620.0,4018.0,156,4016.0,262
rb1805,20171206,20171205,210423500,4016.0,111696,2978108,4489127220.0,4018.0,188,4017.0,4
rb1805,20171206,20171205,210424000,4017.0,111722,2978126,4490171620.0,4018.0,186,4017.0,11
rb1805,20171206,20171205,210424500,4018.0,111738,2978136,4490814460.0,4018.0,195,4017.0,26
rb1805,20171206,20171205,210425000,4017.0,111740,2978138,4490894800.0,4018.0,195,4017.0,34
rb1805,20171206,20171205,210425500,4017.0,111874,2978102,4496277380.0,4017.0,1,4016.0,213
rb1805,20171206,20171205,210426000,4017.0,111888,2978108,4496839660.0,4017.0,16,4016.0,209
rb1805,20171206,20171205,210426500,4016.0,111922,2978096,4498205400.0,4017.0,9,4016.0,210
rb1805,20171206,20171205,210427000,4018.0,111950,2978096,4499330160.0,4018.0,188,4016.0,195
rb1805,20171206,20171205,210427500,4018.0,111962,2978084,4499812320.0,4018.0,182,4017.0,28
rb1805,20171206,20171205,210428000,4018.0,112018,2978080,4502062280.0,4018.0,158,4017.0,110
rb1805,20171206,20171205,210428500,4017.0,112026,2978078,4502383640.0,4018.0,157,4017.0,202
rb1805,20171206,20171205,210429000,4018.0,112074,2978084,4504312100.0,4018.0,115,4017.0,211
rb1805,20171206,20171205,210429500,4018.0,112264,2978168,4511945880.0,4018.0,42,4017.0,193
rb1805,20171206,20171205,210430000,4018.0,112356,2978140,4515642420.0,4019.0,120,4018.0,381
rb1805,20171206,20171205,210430500,4018.0,112730,2978064,4530671920.0,4019.0,2,4018.0,310
rb1805,20171206,20171205,210431000,4019.0,112848,2978004,4535415100.0,4020.0,654,4019.0,1
rb1805,20171206,20171205,210431500,4018.0,112940,2977924,4539111760.0,4019.0,15,4018.0,273
rb1805,20171206,20171205,210432000,4019.0,113220,2977786,4550362460.0,4020.0,689,4019.0,26
rb1805,20171206,20171205,210432500,4018.0,113506,2977968,4561854760.0,4020.0,687,4018.0,51
rb1805,20171206,20171205,210433000,4019.0,113570,2978024,4564426340.0,4020.0,794,4019.0,10
rb1805,20171206,20171205,210433500,4019.0,113608,2977998,4565953440.0,4019.0,186,4018.0,17
rb1805,20171206,20171205,210434000,4018.0,113662,2977964,4568123160.0,4018.0,34,4017.0,268
rb1805,20171206,20171205,210434500,4019.0,113734,2977960,4571016160.0,4019.0,165,4018.0,2
rb1805,20171206,20171205,210435000,4018.0,113754,2977978,4571819760.0,4018.0,500,4017.0,282
rb1805,20171206,20171205,210435500,4018.0,113858,2978040,4575998480.0,4018.0,450,4017.0,239
rb1805,20171206,20171205,210436000,4018.0,113874,2978046,4576641320.0,4018.0,445,4017.0,213
rb1805,20171206,20171205,210436500,4018.0,113964,2978102,4580257420.0,4018.0,408,4017.0,188
rb1805,20171206,20171205,210437000,4018.0,113986,2978116,4581141380.0,4018.0,398,4017.0,198
rb1805,20171206,20171205,210437500,4017.0,113998,2978128,4581623500.0,4018.0,395,4017.0,197
rb1805,20171206,20171205,210438000,4018.0,114046,2978154,4583552120.0,4018.0,374,4017.0,197
rb1805,20171206,20171205,210438500,4018.0,114434,2978354,4599141960.0,4018.0,180,4017.0,197
rb1805,20171206,20171205,210439000,4018.0,114694,2978530,4609588740.0,4018.0,51,4017.0,203
rb1805,20171206,20171205,210439500,4018.0,114732,2978546,4611115500.0,4018.0,37,4017.0,206
rb1805,20171206,20171205,210440000,4018.0,114838,2978532,4615374660.0,4019.0,296,4018.0,114
rb1805,20171206,20171205,210440500,4018.0,114882,2978536,4617142580.0,4019.0,298,4018.0,174
rb1805,20171206,20171205,210441000,4018.0,114892,2978540,4617544420.0,4019.0,296,4018.0,221
rb1805,20171206,20171205,210441500,4017.0,115440,2978446,4639563040.0,4018.0,33,4017.0,244
rb1805,20171206,20171205,210442000,4018.0,115518,2978442,4642697180.0,4019.0,294,4018.0,28
rb1805,20171206,20171205,210442500,4018.0,115538,2978448,4643500880.0,4019.0,291,4018.0,53
rb1805,20171206,20171205,210443000,4019.0,115554,2978452,4644143860.0,4019.0,286,4018.0,101
rb1805,20171206,20171205,210443500,4018.0,115562,2978452,4644465360.0,4019.0,286,4018.0,117
rb1805,20171206,20171205,210444000,4019.0,115592,2978468,4645670880.0,4019.0,280,4018.0,109
rb1805,20171206,20171205,210444500,4019.0,115608,2978472,4646313840.0,4019.0,277,4018.0,130
rb1805,20171206,20171205,210445000,4018.0,115618,2978472,4646715700.0,4019.0,276,4018.0,131
rb1805,20171206,20171205,210445500,4019.0,115744,2978416,4651779500.0,4019.0,227,4018.0,136
rb1805,20171206,20171205,210446000,4019.0,115760,2978410,4652422520.0,4019.0,225,4018.0,144
rb1805,20171206,20171205,210446500,4018.0,115796,2978394,4653869260.0,4019.0,217,4018.0,152
rb1805,20171206,20171205,210447000,4019.0,115922,2978346,4658931960.0,4019.0,217,4018.0,98
rb1805,20171206,20171205,210447500,4019.0,116138,2978256,4667612900.0,4019.0,114,4018.0,94
rb1805,20171206,20171205,210448000,4019.0,116204,2978310,4670265420.0,4019.0,82,4018.0,117
rb1805,20171206,20171205,210448500,4019.0,116412,2978256,4678624920.0,4020.0,893,4019.0,50
rb1805,20171206,20171205,210449000,4019.0,116432,2978274,4679428720.0,4020.0,893,4019.0,78
rb1805,20171206,20171205,210449500,4019.0,116442,2978278,4679830660.0,4020.0,891,4019.0,79
rb1805,20171206,20171205,210450000,4019.0,116524,2978328,4683126440.0,4020.0,879,4019.0,35
rb1805,20171206,20171205,210450500,4019.0,116578,2978342,4685296780.0,4020.0,877,4019.0,71
rb1805,20171206,20171205,210451000,4020.0,116620,2978324,4686984900.0,4020.0,874,4019.0,56
rb1805,20171206,20171205,210451500,4019.0,116698,2978316,4690120040.0,4020.0,859,4019.0,44
rb1805,20171206,20171205,210452000,4020.0,116758,2978314,4692531520.0,4020.0,1019,4019.0,74
rb1805,20171206,20171205,210452500,4019.0,116866,2978254,4696872560.0,4020.0,992,4019.0,65
rb1805,20171206,20171205,210453000,4019.0,117210,2978042,4710698120.0,4019.0,367,4018.0,133
rb1805,20171206,20171205,210453500,4019.0,117308,2977950,4714636740.0,4019.0,301,4018.0,135
rb1805,20171206,20171205,210454000,4019.0,117316,2977942,4714958260.0,4019.0,303,4018.0,134
rb1805,20171206,20171205,210454500,4018.0,117412,2977904,4718816360.0,4019.0,277,4018.0,127
rb1805,20171206,20171205,210455000,4019.0,117436,2977898,4719780920.0,4019.0,278,4018.0,128
rb1805,20171206,20171205,210455500,4019.0,117476,2977890,4721388480.0,4019.0,263,4018.0,131
rb1805,20171206,20171205,210456000,4019.0,117554,2977824,4724523280.0,4019.0,236,4018.0,132
rb1805,20171206,20171205,210456500,4019.0,117584,2977812,4725728940.0,4019.0,228,4018.0,142
rb1805,20171206,20171205,210457000,4018.0,117876,2977980,4737461520.0,4018.0,356,4017.0,365
rb1805,20171206,20171205,210457500,4018.0,117938,2978038,4739952680.0,4018.0,334,4017.0,392
rb1805,20171206,20171205,210458000,4018.0,117946,2978040,4740274120.0,4018.0,332,4017.0,407
rb1805,20171206,20171205,210458500,4018.0,118158,2978244,4748792280.0,4018.0,244,4017.0,410
rb1805,20171206,20171205,210459000,4018.0,118224,2978264,4751443920.0,4018.0,223,4017.0,380
rb1805,20171206,20171205,210459500,4018.0,118628,2978266,4767676600.0,4018.0,24,4017.0,378
rb1805,20171206,20171205,210500000,4017.0,118702,2978292,4770649360.0,4018.0,15,4017.0,352
rb1805,20171206,20171205,210500500,4017.0,118758,2978288,4772899140.0,4018.0,2,4017.0,338
rb1805,20171206,20171205,210501000,4017.0,118866,2978282,4777237540.0,4019.0,305,4018.0,1
rb1805,20171206,20171205,210501500,4017.0,119130,2978182,4787846760.0,4019.0,214,4018.0,2
rb1805,20171206,20171205,210502000,4018.0,119138,2978186,4788168200.0,4019.0,217,4018.0,73
rb1805,20171206,20171205,210502500,4018.0,119150,2978184,4788650400.0,4019.0,218,4018.0,80
rb1805,20171206,20171205,210503000,4018.0,119172,2978166,4789534460.0,4019.0,214,4018.0,90
rb1805,20171206,20171205,210503500,4019.0,119326,2978168,4795723700.0,4019.0,152,4018.0,106
rb1805,20171206,20171205,210504000,4019.0,119406,2978182,4798938860.0,4019.0,117,4018.0,132
rb1805,20171206,20171205,210504500,4019.0,119690,2978340,4810352820.0,4020.0,1050,4019.0,36
rb1805,20171206,20171205,210505000,4020.0,119708,2978336,4811076320.0,4020.0,1046,4019.0,101
rb1805,20171206,20171205,210505500,4020.0,119746,2978320,4812603700.0,4020.0,995,4019.0,194
rb1805,20171206,20171205,210506000,4019.0,119840,2978366,4816381600.0,4020.0,993,4019.0,363
rb1805,20171206,20171205,210506500,4020.0,119942,2978374,4820481740.0,4020.0,956,4019.0,374
rb1805,20171206,20171205,210507000,4019.0,120000,2978406,4822813300.0,4020.0,929,4019.0,378
rb1805,20171206,20171205,210507500,4020.0,121190,2977622,4870651280.0,4020.0,336,4019.0,384
rb1805,20171206,20171205,210508000,4021.0,121892,2977976,4898871780.0,4021.0,160,4020.0,576
rb1805,20171206,20171205,210508500,4021.0,122270,2977924,4914070840.0,4022.0,358,4021.0,189
rb1805,20171206,20171205,210509000,4022.0,122310,2977918,4915679580.0,4022.0,361,4021.0,207
rb1805,20171206,20171205,210509500,4022.0,122502,2977950,4923401360.0,4022.0,289,4021.0,187
rb1805,20171206,20171205,210510000,4021.0,122568,2977982,4926055580.0,4022.0,324,4021.0,175
rb1805,20171206,20171205,210510500,4022.0,122788,2977830,4934903960.0,4022.0,254,4021.0,185
rb1805,20171206,20171205,210511000,4021.0,122820,2977836,4936190920.0,4022.0,266,4021.0,184
rb1805,20171206,20171205,210511500,4022.0,123022,2977974,4944313820.0,4022.0,247,4021.0,109
rb1805,20171206,20171205,210512000,4022.0,123068,2977960,4946163860.0,4022.0,331,4021.0,124
rb1805,20171206,20171205,210512500,4022.0,123118,2977960,4948174680.0,4022.0,337,4021.0,116
rb1805,20171206,20171205,210513000,4020.0,123386,2977898,4958950960.0,4021.0,163,4020.0,157
rb1805,20171206,20171205,210513500,4021.0,123578,2977748,4966671280.0,4021.0,78,4020.0,163
rb1805,20171206,20171205,210514000,4021.0,123752,2977748,4973667780.0,4021.0,24,4020.0,99
rb1805,20171206,20171205,210514500,4020.0,124196,2977342,4991524700.0,4021.0,11,4020.0,106
rb1805,20171206,20171205,210515000,4021.0,124296,2977356,4995545880.0,4021.0,67,4020.0,105
rb1805,20171206,20171205,210515500,4021.0,124312,2977346,4996189220.0,4021.0,62,4020.0,118
rb1805,20171206,20171205,210516000,4020.0,124448,2977308,5001657740.0,4022.0,201,4020.0,111
rb1805,20171206,20171205,210516500,4022.0,124460,2977312,5002140300.0,4022.0,199,4021.0,1
rb1805,20171206,20171205,210517000,4021.0,124490,2977312,5003346600.0,4022.0,200,4021.0,3
rb1805,20171206,20171205,210517500,4021.0,124502,2977318,5003829180.0,4022.0,198,4021.0,35
rb1805,20171206,20171205,210518000,4022.0,124520,2977322,5004553060.0,4022.0,221,4021.0,46
rb1805,20171206,20171205,210518500,4021.0,124662,2977258,5010262760.0,4021.0,44,4020.0,112
rb1805,20171206,20171205,210519000,4021.0,124702,2977250,5011871140.0,4021.0,58,4020.0,133
rb1805,20171206,20171205,210519500,4022.0,124880,2977312,5019029040.0,4022.0,306,4021.0,1
rb1805,20171206,20171205,210520000,4022.0,124910,2977322,5020235540.0,4022.0,300,4021.0,8
rb1805,20171206,20171205,210520500,4021.0,124994,2977370,5023613460.0,4022.0,336,4021.0,95
rb1805,20171206,20171205,210521000,4022.0,125044,2977378,5025624180.0,4022.0,327,4021.0,112
rb1805,20171206,20171205,210521500,4022.0,125098,2977400,5027795980.0,4022.0,310,4021.0,129
rb1805,20171206,20171205,210522000,4022.0,125676,2977610,5051043000.0,4022.0,40,4021.0,128
rb1805,20171206,20171205,210522500,4022.0,125716,2977592,5052651600.0,4022.0,32,4021.0,125
rb1805,20171206,20171205,210523000,4022.0,125744,2977604,5053777740.0,4022.0,28,4021.0,143
rb1805,20171206,20171205,210523500,4022.0,125758,2977600,5054340800.0,4022.0,23,4021.0,145
rb1805,20171206,20171205,210524000,4022.0,125844,2977644,5057799720.0,4023.0,361,4022.0,42
rb1805,20171206,20171205,210524500,4022.0,126160,2977684,5070509220.0,4022.0,137,4021.0,187
rb1805,20171206,20171205,210525000,4022.0,126244,2977612,5073887480.0,4022.0,109,4021.0,172
rb1805,20171206,20171205,210525500,4022.0,126266,2977600,5074772300.0,4022.0,113,4021.0,175
rb1805,20171206,20171205,210526000,4020.0,126644,2977468,5089971520.0,4021.0,304,4020.0,226
rb1805,20171206,20171205,210526500,4020.0,126728,2977424,5093348620.0,4021.0,292,4020.0,229
rb1805,20171206,20171205,210527000,4021.0,126798,2977406,5096163320.0,4021.0,257,4020.0,230
rb1805,20171206,20171205,210527500,4021.0,126942,2977336,5101953440.0,4021.0,192,4020.0,223
rb1805,20171206,20171205,210528000,4021.0,126968,2977338,5102998780.0,4021.0,189,4020.0,217
rb1805,20171206,20171205,210528500,4021.0,126982,2977332,5103561700.0,4021.0,211,4020.0,217
rb1805,20171206,20171205,210529000,4020.0,127000,2977326,5104285420.0,4021.0,206,4020.0,215
rb1805,20171206,20171205,210529500,4020.0,127106,2977302,5108547360.0,4021.0,174,4020.0,216
rb1805,20171206,20171205,210530000,4021.0,127116,2977302,5108949420.0,4021.0,173,4020.0,214
rb1805,20171206,20171205,210530500,4021.0,127146,2977308,5110155540.0,4021.0,167,4020.0,207
rb1805,20171206,20171205,210531000,4021.0,127198,2977300,5112246340.0,4021.0,149,4020.0,212
rb1805,20171206,20171205,210531500,4021.0,127240,2977296,5113935160.0,4021.0,140,4020.0,219
rb1805,20171206,20171205,210532000,4021.0,127258,2977300,5114658900.0,4021.0,218,4020.0,220
rb1805,20171206,20171205,210532500,4020.0,127298,2977282,5116267160.0,4021.0,296,4020.0,214
rb1805,20171206,20171205,210533000,4020.0,127396,2977292,5120207360.0,4021.0,268,4020.0,200
rb1805,20171206,20171205,210533500,4019.0,127836,2977164,5137895560.0,4020.0,38,4019.0,64
rb1805,20171206,20171205,210534000,4020.0,127878,2977142,5139583880.0,4020.0,21,4019.0,73
rb1805,20171206,20171205,210534500,4020.0,127980,2977118,5143684680.0,4021.0,256,4020.0,14
rb1805,20171206,20171205,210535000,4021.0,128012,2977132,5144971160.0,4021.0,260,4020.0,33
rb1805,20171206,20171205,210535500,4020.0,128108,2977156,5148830420.0,4020.0,188,4019.0,85
rb1805,20171206,20171205,210536000,4021.0,128492,2977156,5164267280.0,4021.0,260,4020.0,3
rb1805,20171206,20171205,210536500,4020.0,128502,2977158,5164669300.0,4021.0,261,4020.0,29
rb1805,20171206,20171205,210537000,4020.0,128542,2977168,5166277480.0,4021.0,254,4020.0,24
rb1805,20171206,20171205,210537500,4021.0,128582,2977198,5167885800.0,4021.0,238,4020.0,28
rb1805,20171206,20171205,210538000,4021.0,128642,2977190,5170298400.0,4021.0,208,4020.0,29
rb1805,20171206,20171205,210538500,4020.0,128660,2977202,5171022020.0,4021.0,208,4020.0,52
rb1805,20171206,20171205,210539000,4020.0,128706,2977208,5172871260.0,4021.0,209,4020.0,32
rb1805,20171206,20171205,210539500,4020.0,128826,2977242,5177695080.0,4021.0,207,4019.0,67
rb1805,20171206,20171205,210540000,4020.0,128854,2977224,5178820680.0,4020.0,33,4019.0,69
rb1805,20171206,20171205,210540500,4020.0,128952,2977224,5182760240.0,4020.0,34,4019.0,94
rb1805,20171206,20171205,210541000,4020.0,129024,2977238,5185654620.0,4020.0,86,4019.0,94
rb1805,20171206,20171205,210541500,4020.0,129052,2977228,5186780160.0,4020.0,79,4019.0,92
rb1805,20171206,20171205,210542000,4019.0,129108,2977230,5189031300.0,4020.0,67,4019.0,89
rb1805,20171206,20171205,210542500,4020.0,129192,2977228,5192407940.0,4020.0,48,4019.0,100
rb1805,20171206,20171205,210543000,4020.0,129232,2977246,5194015900.0,4020.0,80,4019.0,101
rb1805,20171206,20171205,210543500,4020.0,129246,2977242,5194578680.0,4020.0,76,4019.0,101
rb1805,20171206,20171205,210544000,4020.0,129302,2977246,5196829860.0,4020.0,83,4019.0,102
rb1805,20171206,20171205,210544500,4019.0,129306,2977250,5196990620.0,4020.0,85,4019.0,100
rb1805,20171206,20171205,210545000,4021.0,129536,2977296,5206237260.0,4021.0,146,4020.0,28
rb1805,20171206,20171205,210545500,4020.0,129622,2977338,5209694260.0,4020.0,4,4019.0,92
rb1805,20171206,20171205,210546000,4021.0,129656,2977348,5211061240.0,4020.0,1,4019.0,127
rb1805,20171206,20171205,210546500,4021.0,129730,2977364,5214036080.0,4021.0,146,4019.0,139
rb1805,20171206,20171205,210547000,4021.0,129748,2977366,5214759780.0,4021.0,146,4020.0,9
rb1805,20171206,20171205,210547500,4020.0,129832,2977312,5218137200.0,4021.0,105,4020.0,7
rb1805,20171206,20171205,210548000,4019.0,129946,2977370,5222720260.0,4021.0,79,4019.0,282
rb1805,20171206,20171205,210548500,4020.0,129966,2977378,5223524320.0,4021.0,75,4020.0,3
rb1805,20171206,20171205,210549000,4021.0,130226,2977602,5233977920.0,4022.0,151,4021.0,7
rb1805,20171206,20171205,210549500,4020.0,130306,2977624,5237194780.0,4022.0,146,4020.0,32
rb1805,20171206,20171205,210550000,4020.0,130324,2977638,5237918440.0,4021.0,1,4020.0,46
rb1805,20171206,20171205,210550500,4020.0,130418,2977666,5241697500.0,4021.0,4,4020.0,15
rb1805,20171206,20171205,210551000,4021.0,130728,2977818,5254163400.0,4021.0,22,4020.0,4
rb1805,20171206,20171205,210551500,4021.0,130740,2977826,5254645920.0,4021.0,105,4020.0,10
rb1805,20171206,20171205,210552000,4020.0,130794,2977820,5256816720.0,4020.0,39,4019.0,313
rb1805,20171206,20171205,210552500,4020.0,130846,2977798,5258907120.0,4020.0,43,4019.0,314
rb1805,20171206,20171205,210553000,4021.0,131052,2977834,5267189500.0,4021.0,87,4019.0,314
rb1805,20171206,20171205,210553500,4021.0,131088,2977854,5268636600.0,4021.0,73,4019.0,304
rb1805,20171206,20171205,210554000,4021.0,131102,2977852,5269199540.0,4021.0,108,4020.0,3
rb1805,20171206,20171205,210554500,4020.0,131242,2977968,5274828860.0,4021.0,59,4020.0,50
rb1805,20171206,20171205,210555000,4021.0,131336,2978020,5278607780.0,4021.0,43,4020.0,16
rb1805,20171206,20171205,210555500,4021.0,131348,2978028,5279090280.0,4021.0,39,4020.0,28
rb1805,20171206,20171205,210556000,4021.0,131356,2978028,5279411940.0,4021.0,38,4020.0,76
rb1805,20171206,20171205,210556500,4021.0,131444,2978098,5282950420.0,4022.0,160,4021.0,56
rb1805,20171206,20171205,210557000,4021.0,131564,2978216,5287775620.0,4021.0,36,4020.0,94
rb1805,20171206,20171205,210557500,4021.0,131626,2978260,5290268540.0,4021.0,45,4020.0,141
rb1805,20171206,20171205,210558000,4020.0,131640,2978266,5290831340.0,4021.0,45,4020.0,137
rb1805,20171206,20171205,210558500,4021.0,131692,2978276,5292922240.0,4021.0,21,4020.0,146
rb1805,20171206,20171205,210559000,4021.0,131708,2978278,5293565600.0,4021.0,38,4020.0,151
rb1805,20171206,20171205,210559500,4021.0,131786,2978342,5296701980.0,4022.0,155,4021.0,265
rb1805,20171206,20171205,210600000,4022.0,131984,2978436,5304665540.0,4022.0,67,4021.0,295
rb1805,20171206,20171205,210600500,4021.0,132184,2978292,5312707620.0,4022.0,51,4021.0,207
rb1805,20171206,20171205,210601000,4021.0,132210,2978286,5313753080.0,4022.0,81,4021.0,197
rb1805,20171206,20171205,210601500,4022.0,132270,2978260,5316165700.0,4022.0,276,4021.0,176
rb1805,20171206,20171205,210602000,4021.0,132636,2978154,5330882560.0,4021.0,127,4020.0,259
rb1805,20171206,20171205,210602500,4020.0,132642,2978152,5331123780.0,4021.0,131,4020.0,235
rb1805,20171206,20171205,210603000,4020.0,132652,2978162,5331525780.0,4021.0,157,4020.0,221
rb1805,20171206,20171205,210603500,4021.0,132662,2978160,5331927840.0,4021.0,161,4020.0,222
rb1805,20171206,20171205,210604000,4020.0,132692,2978152,5333134120.0,4021.0,150,4020.0,222
rb1805,20171206,20171205,210604500,4021.0,132814,2978142,5338038580.0,4021.0,149,4020.0,165
rb1805,20171206,20171205,210605000,4021.0,133032,2978288,5346804200.0,4021.0,51,4020.0,157
rb1805,20171206,20171205,210605500,4021.0,133162,2978382,5352031540.0,4022.0,363,4021.0,2
rb1805,20171206,20171205,210606000,4020.0,133450,2978462,5363612040.0,4021.0,7,4020.0,116
rb1805,20171206,20171205,210606500,4021.0,133494,2978456,5365381200.0,4022.0,194,4021.0,6
rb1805,20171206,20171205,210607000,4021.0,133496,2978458,5365461620.0,4022.0,192,4021.0,162
rb1805,20171206,20171205,210607500,4022.0,133740,2978460,5375275220.0,4022.0,45,4021.0,196
rb1805,20171206,20171205,210608000,4022.0,133858,2978438,5380021200.0,4023.0,492,4022.0,39
rb1805,20171206,20171205,210608500,4022.0,134096,2978398,5389593560.0,4023.0,493,4022.0,71
rb1805,20171206,20171205,210609000,4022.0,134098,2978400,5389674000.0,4023.0,493,4022.0,95
rb1805,20171206,20171205,210609500,4023.0,134534,2978514,5407211680.0,4023.0,392,4022.0,19
rb1805,20171206,20171205,210610000,4022.0,134702,2978550,5413969480.0,4023.0,353,4022.0,50
rb1805,20171206,20171205,210610500,4022.0,134734,2978570,5415256720.0,4023.0,347,4022.0,113
rb1805,20171206,20171205,210611000,4022.0,134786,2978570,5417348560.0,4023.0,325,4022.0,125
rb1805,20171206,20171205,210611500,4023.0,134806,2978580,5418153020.0,4023.0,325,4022.0,121
rb1805,20171206,20171205,210612000,4022.0,135102,2978534,5430061080.0,4023.0,179,4022.0,164
rb1805,20171206,20171205,210612500,4023.0,135388,2978552,5441566800.0,4023.0,46,4022.0,231
rb1805,20171206,20171205,210613000,4023.0,135726,2978782,5455164580.0,4023.0,13,4022.0,253
rb1805,20171206,20171205,210613500,4023.0,135774,2978828,5457095620.0,4024.0,447,4023.0,198
rb1805,20171206,20171205,210614000,4024.0,135798,2978832,5458061160.0,4024.0,448,4023.0,188
rb1805,20171206,20171205,210614500,4023.0,136062,2979056,5468682340.0,4024.0,451,4023.0,110
rb1805,20171206,20171205,210615000,4023.0,136082,2979074,5469486940.0,4024.0,453,4023.0,119
rb1805,20171206,20171205,210615500,4024.0,136298,2979104,5478178640.0,4024.0,331,4023.0,130
rb1805,20171206,20171205,210616000,4024.0,136358,2979126,5480592660.0,4024.0,325,4023.0,118
rb1805,20171206,20171205,210616500,4023.0,136380,2979132,5481477820.0,4024.0,323,4023.0,116
rb1805,20171206,20171205,210617000,4024.0,136426,2979122,5483328740.0,4024.0,308,4023.0,111
rb1805,20171206,20171205,210617500,4023.0,136446,2979112,5484133500.0,4024.0,314,4023.0,140
rb1805,20171206,20171205,210618000,4024.0,136544,2979076,5488076880.0,4024.0,273,4023.0,138
rb1805,20171206,20171205,210618500,4023.0,136754,2979116,5496527260.0,4024.0,172,4023.0,156
rb1805,20171206,20171205,210619000,4024.0,136780,2979126,5497573420.0,4024.0,169,4023.0,157
rb1805,20171206,20171205,210619500,4024.0,137146,2979316,5512301240.0,4025.0,852,4024.0,338
rb1805,20171206,20171205,210620000,4025.0,137248,2979326,5516405900.0,4025.0,894,4024.0,313
rb1805,20171206,20171205,210620500,4024.0,137436,2979450,5523971460.0,4025.0,876,4024.0,261
rb1805,20171206,20171205,210621000,4025.0,138992,2979948,5586594660.0,4025.0,380,4024.0,22
rb1805,20171206,20171205,210621500,4024.0,139126,2980028,5591986920.0,4025.0,435,4024.0,52
rb1805,20171206,20171205,210622000,4025.0,139352,2979982,5601083200.0,4025.0,334,4024.0,89
rb1805,20171206,20171205,210622500,4026.0,140102,2980214,5631270840.0,4026.0,444,4025.0,125
rb1805,20171206,20171205,210623000,4026.0,141138,2980100,5672979820.0,4027.0,189,4026.0,178
rb1805,20171206,20171205,210623500,4027.0,141674,2979802,5694563820.0,4028.0,677,4027.0,64
rb1805,20171206,20171205,210624000,4027.0,142132,2979670,5713006980.0,4027.0,155,4026.0,238
rb1805,20171206,20171205,210624500,4027.0,142270,2979648,5718563900.0,4027.0,207,4026.0,230
rb1805,20171206,20171205,210625000,4026.0,142882,2979878,5743205280.0,4027.0,94,4026.0,44
rb1805,20171206,20171205,210625500,4027.0,143594,2979792,5771876240.0,4028.0,663,4025.0,195
rb1805,20171206,20171205,210626000,4027.0,143862,2979822,5782669360.0,4026.0,6,4025.0,237
rb1805,20171206,20171205,210626500,4027.0,143968,2979828,5786937440.0,4028.0,602,4027.0,64
rb1805,20171206,20171205,210627000,4027.0,144250,2979982,5798293100.0,4027.0,103,4026.0,290
rb1805,20171206,20171205,210627500,4026.0,144416,2980022,5804977040.0,4027.0,116,4026.0,231
rb1805,20171206,20171205,210628000,4028.0,144812,2979936,5820924440.0,4028.0,632,4027.0,141
rb1805,20171206,20171205,210628500,4028.0,145226,2980056,5837599000.0,4028.0,474,4027.0,77
rb1805,20171206,20171205,210629000,4028.0,145364,2979992,5843156960.0,4028.0,438,4027.0,59
rb1805,20171206,20171205,210629500,4026.0,145546,2979896,5850485720.0,4027.0,67,4026.0,48
rb1805,20171206,20171205,210630000,4027.0,145806,2979958,5860955840.0,4027.0,26,4026.0,55
rb1805,20171206,20171205,210630500,4027.0,145942,2979950,5866431720.0,4027.0,66,4026.0,17
rb1805,20171206,20171205,210631000,4025.0,146070,2979978,5871584680.0,4027.0,131,4025.0,303
rb1805,20171206,20171205,210631500,4026.0,146164,2979974,5875369160.0,4026.0,82,4025.0,304
rb1805,20171206,20171205,210632000,4027.0,146460,2980056,5887286480.0,4027.0,446,4025.0,283
rb1805,20171206,20171205,210632500,4027.0,146580,2980040,5892117800.0,4027.0,510,4025.0,262
rb1805,20171206,20171205,210633000,4027.0,146610,2980056,5893325660.0,4027.0,520,4025.0,266
rb1805,20171206,20171205,210633500,4025.0,147244,2979862,5918845320.0,4025.0,213,4024.0,103
rb1805,20171206,20171205,210634000,4025.0,147624,2979866,5934140100.0,4025.0,35,4024.0,91
rb1805,20171206,20171205,210634500,4024.0,147920,2980060,5946051140.0,4024.0,3,4023.0,128
rb1805,20171206,20171205,210635000,4025.0,147952,2980062,5947339080.0,4025.0,196,4023.0,183
rb1805,20171206,20171205,210635500,4025.0,148074,2979974,5952247560.0,4025.0,208,4023.0,134
rb1805,20171206,20171205,210636000,4025.0,148118,2979966,5954018480.0,4025.0,190,4024.0,3
rb1805,20171206,20171205,210636500,4024.0,148144,2979966,5955064720.0,4024.0,1,4023.0,126
rb1805,20171206,20171205,210637000,4024.0,148182,2979960,5956593740.0,4024.0,35,4023.0,123
rb1805,20171206,20171205,210637500,4025.0,148398,2979958,5965286280.0,4025.0,199,4024.0,40
rb1805,20171206,20171205,210638000,4025.0,148420,2979948,5966171720.0,4025.0,190,4024.0,58
rb1805,20171206,20171205,210638500,4025.0,148444,2979948,5967137640.0,4025.0,183,4024.0,118
rb1805,20171206,20171205,210639000,4025.0,148734,2980010,5978808300.0,4025.0,122,4024.0,81
rb1805,20171206,20171205,210639500,4024.0,148754,2980004,5979613260.0,4025.0,124,4024.0,123
rb1805,20171206,20171205,210640000,4024.0,148780,2979984,5980659640.0,4025.0,140,4024.0,117
rb1805,20171206,20171205,210640500,4024.0,148830,2979972,5982671980.0,4025.0,192,4024.0,123
rb1805,20171206,20171205,210641000,4025.0,148904,2979924,5985649860.0,4025.0,190,4024.0,94
rb1805,20171206,20171205,210641500,4024.0,148924,2979926,5986454700.0,4025.0,202,4024.0,131
rb1805,20171206,20171205,210642000,4024.0,148958,2979932,5987822880.0,4025.0,219,4024.0,116
rb1805,20171206,20171205,210642500,4025.0,149022,2979902,5990398880.0,4025.0,187,4024.0,127
rb1805,20171206,20171205,210643000,4024.0,149034,2979906,5990881820.0,4025.0,190,4024.0,131
rb1805,20171206,20171205,210643500,4024.0,149194,2980000,5997320800.0,4025.0,161,4024.0,104
rb1805,20171206,20171205,210644000,4024.0,149230,2980000,5998769580.0,4025.0,158,4024.0,111
rb1805,20171206,20171205,210644500,4025.0,149298,2980008,6001506480.0,4025.0,131,4024.0,158
rb1805,20171206,20171205,210645000,4025.0,149578,2980028,6012776260.0,4025.0,3,4024.0,148
rb1805,20171206,20171205,210645500,4025.0,149608,2980026,6013983820.0,4026.0,80,4025.0,48
rb1805,20171206,20171205,210646000,4025.0,149624,2980026,6014627860.0,4026.0,130,4025.0,49
rb1805,20171206,20171205,210646500,4025.0,149646,2980044,6015513360.0,4026.0,135,4025.0,42
rb1805,20171206,20171205,210647000,4025.0,149686,2980072,6017123360.0,4026.0,183,4025.0,23
rb1805,20171206,20171205,210647500,4026.0,149904,2980208,6025899880.0,4026.0,83,4025.0,28
rb1805,20171206,20171205,210648000,4025.0,149978,2980200,6028878360.0,4025.0,51,4024.0,361
rb1805,20171206,20171205,210648500,4025.0,150134,2980058,6035157360.0,4026.0,88,4025.0,141
rb1805,20171206,20171205,210649000,4025.0,150196,2980060,6037653080.0,4026.0,84,4025.0,122
rb1805,20171206,20171205,210649500,4026.0,150228,2980078,6038941260.0,4026.0,75,4025.0,151
rb1805,20171206,20171205,210650000,4026.0,150278,2980092,6040954220.0,4026.0,154,4025.0,149
rb1805,20171206,20171205,210650500,4026.0,150342,2980044,6043530560.0,4026.0,148,4025.0,139
rb1805,20171206,20171205,210651000,4025.0,150360,2980028,6044255180.0,4026.0,144,4025.0,139
rb1805,20171206,20171205,210651500,4026.0,150388,2980028,6045382240.0,4026.0,143,4025.0,130
rb1805,20171206,20171205,210652000,4025.0,150408,2980026,6046187260.0,4026.0,147,4025.0,122
rb1805,20171206,20171205,210652500,4026.0,150420,2980026,6046670280.0,4026.0,162,4025.0,117
rb1805,20171206,20171205,210653000,4025.0,150434,2980034,6047233900.0,4026.0,169,4025.0,117
rb1805,20171206,20171205,210653500,4026.0,150454,2980028,6048038980.0,4026.0,169,4025.0,112
rb1805,20171206,20171205,210654000,4026.0,150478,2980006,6049005020.0,4026.0,192,4025.0,102
rb1805,20171206,20171205,210654500,4025.0,150494,2980020,6049649020.0,4026.0,219,4025.0,100
rb1805,20171206,20171205,210655000,4025.0,150708,2980094,6058262780.0,4026.0,228,4025.0,11
rb1805,20171206,20171205,210655500,4025.0,150848,2980100,6063897780.0,4025.0,111,4024.0,394
rb1805,20171206,20171205,210656000,4025.0,150876,2980098,6065024740.0,4025.0,153,4024.0,392
rb1805,20171206,20171205,210656500,4025.0,150944,2980144,6067761740.0,4025.0,142,4024.0,392
rb1805,20171206,20171205,210657000,4025.0,151070,2980172,6072833220.0,4025.0,84,4024.0,392
rb1805,20171206,20171205,210657500,4025.0,151314,2980394,6082652220.0,4025.0,63,4024.0,292
rb1805,20171206,20171205,210658000,4025.0,151674,2980398,6097139980.0,4025.0,220,4024.0,181
rb1805,20171206,20171205,210658500,4025.0,151702,2980408,6098266820.0,4025.0,225,4024.0,174
rb1805,20171206,20171205,210659000,4024.0,151728,2980422,6099313140.0,4025.0,248,4024.0,175
rb1805,20171206,20171205,210659500,4025.0,151758,2980406,6100520640.0,4025.0,239,4024.0,179
rb1805,20171206,20171205,210700000,4025.0,151776,2980414,6101245060.0,4025.0,253,4024.0,175
rb1805,20171206,20171205,210700500,4024.0,151806,2980416,6102452440.0,4025.0,253,4024.0,170
rb1805,20171206,20171205,210701000,4025.0,151832,2980416,6103498840.0,4025.0,246,4024.0,165
rb1805,20171206,20171205,210701500,4025.0,151876,2980400,6105269620.0,4025.0,237,4024.0,156
rb1805,20171206,20171205,210702000,4025.0,151888,2980402,6105752600.0,4025.0,239,4024.0,171
rb1805,20171206,20171205,210702500,4025.0,151940,2980396,6107845400.0,4025.0,223,4024.0,161
rb1805,20171206,20171205,210703000,4025.0,152108,2980500,6114606360.0,4025.0,194,4024.0,147
rb1805,20171206,20171205,210703500,4024.0,152126,2980508,6115330760.0,4025.0,190,4024.0,186
rb1805,20171206,20171205,210704000,4025.0,152196,2980506,6118148200.0,4025.0,161,4024.0,196
rb1805,20171206,20171205,210704500,4025.0,152324,2980488,6123299780.0,4025.0,116,4024.0,188
rb1805,20171206,20171205,210705000,4025.0,152360,2980484,6124748720.0,4025.0,111,4024.0,185
rb1805,20171206,20171205,210705500,4024.0,152458,2980490,6128693160.0,4025.0,64,4024.0,182
rb1805,20171206,20171205,210706000,4025.0,152572,2980502,6133281600.0,4025.0,14,4024.0,179
rb1805,20171206,20171205,210706500,4026.0,152610,2980502,6134811100.0,4026.0,370,4024.0,179
rb1805,20171206,20171205,210707000,4024.0,152620,2980506,6135213580.0,4026.0,372,4024.0,181
rb1805,20171206,20171205,210707500,4025.0,152626,2980502,6135455100.0,4026.0,381,4025.0,1
rb1805,20171206,20171205,210708000,4025.0,152640,2980498,6136018600.0,4026.0,381,4025.0,7
rb1805,20171206,20171205,210708500,4025.0,152700,2980484,6138433480.0,4025.0,4,4024.0,169
rb1805,20171206,20171205,210709000,4024.0,152732,2980486,6139721460.0,4025.0,25,4024.0,179
rb1805,20171206,20171205,210709500,4026.0,152892,2980550,6146160920.0,4026.0,381,4025.0,431
rb1805,20171206,20171205,210710000,4025.0,152912,2980552,6146965980.0,4026.0,387,4025.0,437
rb1805,20171206,20171205,210710500,4026.0,152918,2980550,6147207520.0,4026.0,388,4025.0,437
rb1805,20171206,20171205,210711000,4026.0,153790,2980888,6182314180.0,4027.0,662,4026.0,47
rb1805,20171206,20171205,210711500,4026.0,153834,2980926,6184085620.0,4027.0,664,4026.0,29
rb1805,20171206,20171205,210712000,4027.0,153862,2980948,6185212920.0,4027.0,673,4026.0,80
rb1805,20171206,20171205,210712500,4025.0,154158,2981168,6197128580.0,4026.0,1,4025.0,398
rb1805,20171206,20171205,210713000,4026.0,154188,2981174,6198336260.0,4026.0,10,4025.0,395
rb1805,20171206,20171205,210713500,4025.0,154220,2981198,6199624300.0,4026.0,57,4025.0,380
rb1805,20171206,20171205,210714000,4025.0,154242,2981210,6200509900.0,4026.0,87,4025.0,382
rb1805,20171206,20171205,210714500,4026.0,154430,2981148,6208078120.0,4026.0,80,4025.0,360
rb1805,20171206,20171205,210715000,4026.0,154462,2981156,6209366420.0,4026.0,82,4025.0,361
rb1805,20171206,20171205,210715500,4026.0,154756,2981292,6221201960.0,4027.0,676,4026.0,102
rb1805,20171206,20171205,210716000,4026.0,154882,2981314,6226274740.0,4027.0,625,4026.0,55
rb1805,20171206,20171205,210716500,4026.0,154904,2981326,6227160460.0,4027.0,638,4026.0,49
rb1805,20171206,20171205,210717000,4026.0,154912,2981326,6227482560.0,4027.0,637,4026.0,85
rb1805,20171206,20171205,210717500,4027.0,154948,2981334,6228931960.0,4027.0,637,4026.0,101
rb1805,20171206,20171205,210718000,4026.0,155026,2981376,6232072340.0,4027.0,633,4026.0,70
rb1805,20171206,20171205,210718500,4026.0,155362,2981360,6245599740.0,4026.0,52,4025.0,353
rb1805,20171206,20171205,210719000,4026.0,155442,2981372,6248820480.0,4026.0,45,4025.0,351
rb1805,20171206,20171205,210719500,4027.0,155540,2981378,6252766000.0,4027.0,627,4026.0,17
rb1805,20171206,20171205,210720000,4025.0,155604,2981388,6255342800.0,4027.0,618,4025.0,349
rb1805,20171206,20171205,210720500,4026.0,155632,2981400,6256470140.0,4026.0,12,4025.0,356
rb1805,20171206,20171205,210721000,4026.0,155654,2981394,6257355840.0,4026.0,11,4025.0,356
rb1805,20171206,20171205,210721500,4027.0,155738,2981376,6260737980.0,4027.0,679,4026.0,9
rb1805,20171206,20171205,210722000,4026.0,155790,2981390,6262831620.0,4027.0,675,4026.0,9
rb1805,20171206,20171205,210722500,4026.0,155856,2981448,6265489220.0,4027.0,655,4026.0,1
rb1805,20171206,20171205,210723000,4026.0,155998,2981334,6271207400.0,4026.0,1,4025.0,355
rb1805,20171206,20171205,210723500,4026.0,156244,2981346,6281111500.0,4027.0,595,4026.0,46
rb1805,20171206,20171205,210724000,4026.0,156282,2981342,6282641400.0,4027.0,591,4026.0,185
rb1805,20171206,20171205,210724500,4027.0,156920,2981750,6308326060.0,4026.0,4,4025.0,281
rb1805,20171206,20171205,210725000,4026.0,157366,2981598,6326280060.0,4027.0,584,4026.0,27
rb1805,20171206,20171205,210725500,4026.0,157464,2981600,6330225980.0,4027.0,560,4026.0,13
rb1805,20171206,20171205,210726000,4026.0,157510,2981642,6332077940.0,4026.0,183,4025.0,202
rb1805,20171206,20171205,210726500,4025.0,157582,2981710,6334976520.0,4026.0,160,4025.0,197
rb1805,20171206,20171205,210727000,4026.0,157604,2981726,6335862220.0,4026.0,158,4025.0,185
rb1805,20171206,20171205,210727500,4026.0,157682,2981802,6339002500.0,4026.0,136,4025.0,186
rb1805,20171206,20171205,210728000,4025.0,158102,2981704,6355907580.0,4025.0,89,4024.0,200
rb1805,20171206,20171205,210728500,4025.0,158156,2981712,6358080820.0,4025.0,76,4024.0,188
rb1805,20171206,20171205,210729000,4025.0,158244,2981638,6361622800.0,4025.0,42,4024.0,195
rb1805,20171206,20171205,210729500,4025.0,158372,2981652,6366775000.0,4026.0,229,4025.0,64
rb1805,20171206,20171205,210730000,4025.0,158524,2981762,6372893600.0,4026.0,164,4025.0,35
rb1805,20171206,20171205,210730500,4026.0,158540,2981772,6373537740.0,4026.0,158,4025.0,53
rb1805,20171206,20171205,210731000,4025.0,158554,2981786,6374101260.0,4026.0,182,4025.0,93
rb1805,20171206,20171205,210731500,4026.0,158744,2981922,6381750640.0,4026.0,95,4025.0,90
rb1805,20171206,20171205,210732000,4025.0,159008,2981814,6392377140.0,4025.0,158,4024.0,235
rb1805,20171206,20171205,210732500,4025.0,159054,2981800,6394228640.0,4025.0,136,4024.0,234
rb1805,20171206,20171205,210733000,4025.0,159108,2981782,6396402120.0,4025.0,112,4024.0,233
rb1805,20171206,20171205,210733500,4025.0,159212,2981780,6400588120.0,4025.0,61,4024.0,230
rb1805,20171206,20171205,210734000,4025.0,159358,2981824,6406464620.0,4026.0,106,4025.0,176
rb1805,20171206,20171205,210734500,4025.0,159396,2981826,6407994240.0,4026.0,121,4025.0,180
rb1805,20171206,20171205,210735000,4025.0,159396,2981826,6407994240.0,4026.0,131,4025.0,192
rb1805,20171206,20171205,210735500,4025.0,159406,2981828,6408396740.0,4026.0,133,4025.0,203
rb1805,20171206,20171205,210736000,4026.0,159408,2981830,6408477260.0,4026.0,136,4025.0,217
rb1805,20171206,20171205,210736500,4026.0,159418,2981832,6408879860.0,4026.0,139,4025.0,230
rb1805,20171206,20171205,210737000,4026.0,159420,2981832,6408960380.0,4026.0,139,4025.0,232
rb1805,20171206,20171205,210737500,4026.0,159834,2981840,6425623920.0,4026.0,158,4025.0,43
rb1805,20171206,20171205,210738000,4026.0,159992,2981804,6431984020.0,4026.0,147,4025.0,1
rb1805,20171206,20171205,210738500,4025.0,160052,2981818,6434399040.0,4026.0,154,4025.0,178
rb1805,20171206,20171205,210739000,4026.0,160258,2981864,6442690580.0,4026.0,166,4025.0,87
rb1805,20171206,20171205,210739500,4025.0,160270,2981860,6443173600.0,4026.0,168,4025.0,83
rb1805,20171206,20171205,210740000,4026.0,160284,2981852,6443737140.0,4026.0,177,4025.0,84
rb1805,20171206,20171205,210740500,4025.0,160538,2981848,6453962500.0,4026.0,87,4025.0,57
rb1805,20171206,20171205,210741000,4026.0,160640,2981892,6458069000.0,4026.0,37,4025.0,89
rb1805,20171206,20171205,210741500,4026.0,160658,2981886,6458793680.0,4026.0,31,4025.0,169
rb1805,20171206,20171205,210742000,4025.0,160678,2981884,6459598840.0,4026.0,25,4025.0,169
rb1805,20171206,20171205,210742500,4026.0,160700,2981888,6460484560.0,4026.0,15,4025.0,212
rb1805,20171206,20171205,210743000,4025.0,160750,2981912,6462497500.0,4026.0,1,4025.0,247
rb1805,20171206,20171205,210743500,4026.0,160762,2981918,6462980620.0,4027.0,661,4026.0,15
rb1805,20171206,20171205,210744000,4026.0,160874,2981938,6467489740.0,4027.0,655,4026.0,31
rb1805,20171206,20171205,210744500,4026.0,160882,2981942,6467811820.0,4027.0,657,4026.0,34
rb1805,20171206,20171205,210745000,4027.0,160900,2981930,6468536640.0,4027.0,650,4026.0,33
rb1805,20171206,20171205,210745500,4026.0,160934,2981932,6469905500.0,4027.0,640,4026.0,25
rb1805,20171206,20171205,210746000,4026.0,160974,2981948,6471515920.0,4027.0,640,4026.0,6
rb1805,20171206,20171205,210746500,4026.0,161082,2981952,6475864000.0,4027.0,642,4026.0,52
rb1805,20171206,20171205,210747000,4025.0,161194,2981958,6480373080.0,4026.0,137,4025.0,224
rb1805,20171206,20171205,210747500,4026.0,161302,2981956,6484721140.0,4026.0,86,4025.0,230
rb1805,20171206,20171205,210748000,4026.0,161324,2981952,6485606860.0,4026.0,168,4025.0,230
rb1805,20171206,20171205,210748500,4025.0,161346,2981950,6486492380.0,4026.0,168,4025.0,218
rb1805,20171206,20171205,210749000,4025.0,161550,2982004,6494705380.0,4026.0,89,4025.0,206
rb1805,20171206,20171205,210749500,4026.0,161598,2982048,6496637840.0,4026.0,73,4025.0,207
rb1805,20171206,20171205,210750000,4026.0,161648,2982072,6498650800.0,4026.0,91,4025.0,205
rb1805,20171206,20171205,210750500,4026.0,161672,2982082,6499616980.0,4026.0,168,4025.0,217
rb1805,20171206,20171205,210751000,4025.0,161678,2982086,6499858500.0,4026.0,192,4025.0,220
rb1805,20171206,20171205,210751500,4026.0,161708,2982114,6501066260.0,4026.0,181,4025.0,219
rb1805,20171206,20171205,210752000,4025.0,161726,2982114,6501790900.0,4026.0,176,4025.0,225
rb1805,20171206,20171205,210752500,4025.0,161748,2982114,6502676460.0,4026.0,195,4025.0,246
rb1805,20171206,20171205,210753000,4026.0,161768,2982114,6503481600.0,4026.0,196,4025.0,245
rb1805,20171206,20171205,210753500,4025.0,161850,2982178,6506782180.0,4026.0,194,4025.0,209
rb1805,20171206,20171205,210754000,4026.0,161876,2982192,6507828940.0,4026.0,181,4025.0,180
rb1805,20171206,20171205,210754500,4026.0,161922,2982228,6509680900.0,4026.0,162,4025.0,180
rb1805,20171206,20171205,210755000,4026.0,161930,2982236,6510002940.0,4026.0,161,4025.0,182
rb1805,20171206,20171205,210755500,4025.0,161940,2982240,6510405520.0,4026.0,171,4025.0,181
rb1805,20171206,20171205,210756000,4026.0,161960,2982236,6511210720.0,4026.0,161,4025.0,186
rb1805,20171206,20171205,210756500,4025.0,161964,2982240,6511371740.0,4026.0,160,4025.0,186
rb1805,20171206,20171205,210757000,4026.0,161972,2982248,6511693800.0,4026.0,161,4025.0,191
rb1805,20171206,20171205,210757500,4026.0,162024,2982260,6513787300.0,4026.0,140,4025.0,188
rb1805,20171206,20171205,210758000,4026.0,162034,2982268,6514189880.0,4026.0,145,4025.0,188
rb1805,20171206,20171205,210758500,4026.0,162352,2982496,6526992440.0,4027.0,574,4026.0,151
rb1805,20171206,20171205,210759000,4026.0,162352,2982496,6526992440.0,4027.0,575,4026.0,155
rb1805,20171206,20171205,210759500,4026.0,162364,2982506,6527475560.0,4027.0,574,4026.0,334
rb1805,20171206,20171205,210800000,4026.0,162388,2982508,6528441800.0,4027.0,575,4026.0,330
rb1805,20171206,20171205,210800500,4027.0,162482,2982508,6532226520.0,4027.0,561,4026.0,297
rb1805,20171206,20171205,210801000,4026.0,162716,2982446,6541649380.0,4027.0,453,4026.0,283
rb1805,20171206,20171205,210801500,4026.0,162738,2982460,6542535220.0,4027.0,443,4026.0,278
rb1805,20171206,20171205,210802000,4026.0,163326,2982110,6566208100.0,4026.0,214,4025.0,274
rb1805,20171206,20171205,210802500,4026.0,163386,2982074,6568623660.0,4026.0,213,4025.0,281
rb1805,20171206,20171205,210803000,4026.0,163400,2982072,6569187300.0,4026.0,240,4025.0,216
rb1805,20171206,20171205,210803500,4026.0,163448,2982068,6571119780.0,4026.0,221,4025.0,218
rb1805,20171206,20171205,210804000,4026.0,163458,2982068,6571522380.0,4026.0,386,4025.0,209
rb1805,20171206,20171205,210804500,4026.0,163564,2982064,6575789920.0,4026.0,335,4025.0,208
rb1805,20171206,20171205,210805000,4026.0,163600,2982052,6577239280.0,4026.0,321,4025.0,220
rb1805,20171206,20171205,210805500,4025.0,163752,2982116,6583357640.0,4026.0,367,4025.0,228
rb1805,20171206,20171205,210806000,4026.0,163794,2982094,6585048500.0,4026.0,355,4025.0,229
rb1805,20171206,20171205,210806500,4025.0,163834,2982090,6586658680.0,4026.0,368,4025.0,220
rb1805,20171206,20171205,210807000,4026.0,163960,2982098,6591731300.0,4026.0,316,4025.0,215
rb1805,20171206,20171205,210807500,4025.0,164010,2982110,6593744040.0,4026.0,306,4025.0,163
rb1805,20171206,20171205,210808000,4025.0,164130,2982214,6598575080.0,4026.0,274,4025.0,184
rb1805,20171206,20171205,210808500,4025.0,164158,2982218,6599702100.0,4026.0,276,4025.0,173
rb1805,20171206,20171205,210809000,4026.0,164198,2982254,6601312320.0,4026.0,292,4025.0,165
rb1805,20171206,20171205,210809500,4025.0,164224,2982258,6602359060.0,4026.0,285,4025.0,165
rb1805,20171206,20171205,210810000,4025.0,164246,2982274,6603244700.0,4026.0,280,4025.0,161
rb1805,20171206,20171205,210810500,4025.0,164262,2982286,6603888720.0,4026.0,285,4025.0,161
rb1805,20171206,20171205,210811000,4025.0,164512,2982306,6613953380.0,4026.0,234,4025.0,144
rb1805,20171206,20171205,210811500,4025.0,164602,2982314,6617576700.0,4026.0,202,4025.0,150
rb1805,20171206,20171205,210812000,4026.0,164622,2982316,6618381780.0,4026.0,201,4025.0,149
rb1805,20171206,20171205,210812500,4025.0,164652,2982326,6619589340.0,4026.0,202,4025.0,146
rb1805,20171206,20171205,210813000,4026.0,164668,2982328,6620233400.0,4026.0,201,4025.0,145
rb1805,20171206,20171205,210813500,4026.0,164698,2982326,6621441140.0,4026.0,193,4025.0,148
rb1805,20171206,20171205,210814000,4025.0,164706,2982330,6621763160.0,4026.0,193,4025.0,150
rb1805,20171206,20171205,210814500,4025.0,164710,2982330,6621924180.0,4026.0,202,4025.0,162
rb1805,20171206,20171205,210815000,4026.0,164768,2982342,6624258700.0,4026.0,202,4025.0,137
rb1805,20171206,20171205,210815500,4025.0,164788,2982354,6625063740.0,4026.0,200,4025.0,130
rb1805,20171206,20171205,210816000,4025.0,165062,2982308,6636092320.0,4025.0,80,4024.0,310
rb1805,20171206,20171205,210816500,4025.0,165152,2982250,6639714820.0,4025.0,38,4024.0,312
rb1805,20171206,20171205,210817000,4025.0,165168,2982248,6640358820.0,4025.0,46,4024.0,311
rb1805,20171206,20171205,210817500,4025.0,165260,2982200,6644061820.0,4025.0,13,4024.0,311
rb1805,20171206,20171205,210818000,4025.0,165276,2982188,6644705820.0,4025.0,9,4024.0,311
rb1805,20171206,20171205,210818500,4024.0,165388,2982134,6649212920.0,4025.0,31,4024.0,267
rb1805,20171206,20171205,210819000,4025.0,165426,2982118,6650742220.0,4025.0,191,4024.0,263
rb1805,20171206,20171205,210819500,4024.0,165444,2982122,6651466660.0,4025.0,187,4024.0,280
rb1805,20171206,20171205,210820000,4025.0,165464,2982122,6652271620.0,4025.0,182,4024.0,301
rb1805,20171206,20171205,210820500,4024.0,165474,2982128,6652674060.0,4025.0,112,4024.0,297
rb1805,20171206,20171205,210821000,4024.0,165486,2982128,6653156960.0,4025.0,58,4024.0,293
rb1805,20171206,20171205,210821500,4024.0,165538,2982168,6655249520.0,4025.0,55,4024.0,271
rb1805,20171206,20171205,210822000,4025.0,165566,2982164,6656376300.0,4025.0,53,4024.0,277
rb1805,20171206,20171205,210822500,4024.0,165582,2982162,6657020140.0,4025.0,38,4024.0,274
rb1805,20171206,20171205,210823000,4024.0,165596,2982154,6657583600.0,4025.0,40,4024.0,272
rb1805,20171206,20171205,210823500,4024.0,165620,2982158,6658549440.0,4025.0,45,4024.0,266
rb1805,20171206,20171205,210824000,4025.0,165626,2982162,6658790900.0,4025.0,112,4024.0,274
rb1805,20171206,20171205,210824500,4025.0,165664,2982174,6660320240.0,4025.0,102,4024.0,266
rb1805,20171206,20171205,210825000,4025.0,165700,2982184,6661769180.0,4025.0,89,4024.0,274
rb1805,20171206,20171205,210825500,4024.0,165702,2982184,6661849660.0,4025.0,90,4024.0,373
rb1805,20171206,20171205,210826000,4025.0,165760,2982216,6664183840.0,4025.0,78,4024.0,378
rb1805,20171206,20171205,210826500,4024.0,165796,2982240,6665632720.0,4025.0,84,4024.0,372
rb1805,20171206,20171205,210827000,4024.0,165816,2982254,6666437640.0,4025.0,83,4024.0,369
rb1805,20171206,20171205,210827500,4025.0,165822,2982258,6666679120.0,4025.0,84,4024.0,377
rb1805,20171206,20171205,210828000,4025.0,165826,2982258,6666840120.0,4025.0,84,4024.0,379
rb1805,20171206,20171205,210828500,4025.0,165862,2982286,6668288900.0,4025.0,94,4024.0,368
rb1805,20171206,20171205,210829000,4025.0,165900,2982308,6669818260.0,4025.0,87,4024.0,361
rb1805,20171206,20171205,210829500,4024.0,165912,2982310,6670301180.0,4025.0,135,4024.0,357
rb1805,20171206,20171205,210830000,4024.0,165918,2982316,6670542660.0,4025.0,157,4024.0,367
rb1805,20171206,20171205,210830500,4024.0,166022,2982288,6674727620.0,4025.0,158,4024.0,317
rb1805,20171206,20171205,210831000,4024.0,166682,2982598,6701286020.0,4024.0,87,4023.0,569
rb1805,20171206,20171205,210831500,4024.0,166698,2982608,6701929860.0,4024.0,100,4023.0,560
rb1805,20171206,20171205,210832000,4024.0,166706,2982608,6702251780.0,4024.0,120,4023.0,560
rb1805,20171206,20171205,210832500,4024.0,166720,2982618,6702815120.0,4024.0,139,4023.0,557
rb1805,20171206,20171205,210833000,4024.0,166740,2982634,6703619780.0,4024.0,157,4023.0,550
rb1805,20171206,20171205,210833500,4023.0,166816,2982632,6706677900.0,4024.0,157,4023.0,546
rb1805,20171206,20171205,210834000,4023.0,166836,2982624,6707482580.0,4024.0,152,4023.0,544
rb1805,20171206,20171205,210834500,4023.0,166862,2982612,6708528640.0,4024.0,153,4023.0,535
rb1805,20171206,20171205,210835000,4023.0,166872,2982616,6708930960.0,4024.0,152,4023.0,534
rb1805,20171206,20171205,210835500,4024.0,166924,2982596,6711023140.0,4024.0,133,4023.0,519
rb1805,20171206,20171205,210836000,4024.0,166934,2982596,6711425520.0,4024.0,131,4023.0,529
rb1805,20171206,20171205,210836500,4024.0,166950,2982594,6712069260.0,4024.0,125,4023.0,524
rb1805,20171206,20171205,210837000,4024.0,167192,2982664,6721807280.0,4024.0,7,4023.0,521
rb1805,20171206,20171205,210837500,4024.0,167218,2982670,6722853560.0,4025.0,241,4024.0,95
rb1805,20171206,20171205,210838000,4024.0,167226,2982670,6723175520.0,4025.0,243,4024.0,96
rb1805,20171206,20171205,210838500,4024.0,167448,2982486,6732108680.0,4025.0,243,4024.0,92
rb1805,20171206,20171205,210839000,4024.0,167518,2982426,6734925520.0,4025.0,250,4024.0,66
rb1805,20171206,20171205,210839500,4024.0,167520,2982424,6735006000.0,4025.0,252,4024.0,84
rb1805,20171206,20171205,210840000,4024.0,167576,2982420,6737259680.0,4025.0,248,4024.0,68
rb1805,20171206,20171205,210840500,4024.0,167636,2982376,6739674100.0,4025.0,253,4024.0,39
rb1805,20171206,20171205,210841000,4024.0,167644,2982372,6739996040.0,4025.0,229,4024.0,42
rb1805,20171206,20171205,210841500,4024.0,167660,2982374,6740639920.0,4025.0,227,4024.0,42
rb1805,20171206,20171205,210842000,4024.0,167660,2982374,6740639920.0,4025.0,234,4024.0,42
rb1805,20171206,20171205,210842500,4024.0,167682,2982380,6741525200.0,4025.0,235,4024.0,33
rb1805,20171206,20171205,210843000,4024.0,167684,2982378,6741605680.0,4025.0,242,4024.0,32
rb1805,20171206,20171205,210843500,4024.0,167708,2982368,6742571440.0,4025.0,252,4024.0,66
rb1805,20171206,20171205,210844000,4025.0,167714,2982368,6742812940.0,4025.0,254,4024.0,72
rb1805,20171206,20171205,210844500,4024.0,167760,2982334,6744663980.0,4025.0,302,4024.0,66
rb1805,20171206,20171205,210845000,4025.0,167784,2982342,6745629900.0,4025.0,327,4024.0,73
rb1805,20171206,20171205,210845500,4025.0,167796,2982352,6746112880.0,4025.0,326,4024.0,93
rb1805,20171206,20171205,210846000,4024.0,167812,2982348,6746756720.0,4025.0,328,4024.0,90
rb1805,20171206,20171205,210846500,4025.0,167872,2982366,6749171720.0,4025.0,298,4024.0,106
rb1805,20171206,20171205,210847000,4025.0,167884,2982356,6749654620.0,4025.0,427,4024.0,108
rb1805,20171206,20171205,210847500,4025.0,168004,2982356,6754484580.0,4025.0,372,4024.0,107
rb1805,20171206,20171205,210848000,4025.0,168020,2982352,6755128540.0,4025.0,366,4024.0,156
rb1805,20171206,20171205,210848500,4024.0,168030,2982354,6755530960.0,4025.0,365,4024.0,156
rb1805,20171206,20171205,210849000,4024.0,168370,2982250,6769212540.0,4024.0,171,4023.0,525
rb1805,20171206,20171205,210849500,4023.0,168402,2982238,6770500000.0,4024.0,174,4023.0,513
rb1805,20171206,20171205,210850000,4023.0,168406,2982238,6770660940.0,4024.0,184,4023.0,514
rb1805,20171206,20171205,210850500,4024.0,168412,2982238,6770902340.0,4024.0,209,4023.0,512
rb1805,20171206,20171205,210851000,4024.0,168460,2982192,6772833860.0,4024.0,285,4023.0,512
rb1805,20171206,20171205,210851500,4024.0,168462,2982192,6772914340.0,4024.0,287,4023.0,517
rb1805,20171206,20171205,210852000,4024.0,168482,2982192,6773719140.0,4024.0,279,4023.0,517
rb1805,20171206,20171205,210852500,4023.0,168654,2982194,6780640300.0,4024.0,199,4023.0,511
rb1805,20171206,20171205,210853000,4024.0,168674,2982192,6781444980.0,4024.0,172,4023.0,509
rb1805,20171206,20171205,210853500,4024.0,168674,2982192,6781444980.0,4024.0,178,4023.0,515
rb1805,20171206,20171205,210854000,4024.0,168680,2982188,6781686420.0,4024.0,177,4023.0,515
rb1805,20171206,20171205,210854500,4023.0,168686,2982188,6781927820.0,4024.0,176,4023.0,513
rb1805,20171206,20171205,210855000,4023.0,168698,2982190,6782410640.0,4024.0,189,4023.0,511
rb1805,20171206,20171205,210855500,4023.0,168924,2982348,6791504680.0,4024.0,101,4023.0,501
rb1805,20171206,20171205,210856000,4024.0,169148,2982406,6800518420.0,4025.0,378,4024.0,470
rb1805,20171206,20171205,210856500,4025.0,169154,2982408,6800759920.0,4025.0,378,4024.0,473
rb1805,20171206,20171205,210857000,4024.0,169516,2982724,6815326900.0,4025.0,375,4024.0,303
rb1805,20171206,20171205,210857500,4024.0,169734,2982728,6824099220.0,4025.0,380,4024.0,200
rb1805,20171206,20171205,210858000,4024.0,169830,2982736,6827962280.0,4025.0,380,4024.0,160
rb1805,20171206,20171205,210858500,4024.0,169842,2982746,6828445160.0,4025.0,381,4024.0,160
rb1805,20171206,20171205,210859000,4024.0,169906,2982784,6831021120.0,4025.0,353,4024.0,158
rb1805,20171206,20171205,210859500,4024.0,170050,2982906,6836816820.0,4025.0,296,4024.0,149
rb1805,20171206,20171205,210900000,4024.0,170126,2982916,6839875660.0,4025.0,267,4024.0,141
rb1805,20171206,20171205,210900500,4024.0,170154,2982916,6841002480.0,4025.0,273,4024.0,134
rb1805,20171206,20171205,210901000,4025.0,170362,2983010,6849374420.0,4025.0,173,4024.0,136
rb1805,20171206,20171205,210901500,4025.0,170368,2983016,6849615920.0,4025.0,173,4024.0,154
rb1805,20171206,20171205,210902000,4024.0,170500,2983132,6854927600.0,4025.0,176,4024.0,150
rb1805,20171206,20171205,210902500,4024.0,170504,2983134,6855088560.0,4025.0,186,4024.0,150
rb1805,20171206,20171205,210903000,4024.0,170516,2983144,6855571460.0,4025.0,186,4024.0,88
rb1805,20171206,20171205,210903500,4025.0,170526,2983150,6855973940.0,4025.0,182,4024.0,88
rb1805,20171206,20171205,210904000,4024.0,170548,2983172,6856859240.0,4025.0,181,4024.0,81
rb1805,20171206,20171205,210904500,4025.0,170558,2983180,6857261660.0,4025.0,185,4024.0,80
rb1805,20171206,20171205,210905000,4024.0,170590,2983194,6858549340.0,4025.0,185,4024.0,66
rb1805,20171206,20171205,210905500,4025.0,170602,2983198,6859032260.0,4025.0,199,4024.0,74
rb1805,20171206,20171205,210906000,4024.0,170604,2983198,6859112740.0,4025.0,205,4024.0,88
rb1805,20171206,20171205,210906500,4024.0,170826,2983354,6868046060.0,4024.0,285,4023.0,534
rb1805,20171206,20171205,210907000,4023.0,171388,2983366,6890655440.0,4024.0,281,4023.0,258
rb1805,20171206,20171205,210907500,4024.0,171880,2983514,6910448720.0,4024.0,291,4023.0,38
rb1805,20171206,20171205,210908000,4023.0,172030,2983536,6916483220.0,4023.0,687,4022.0,300
rb1805,20171206,20171205,210908500,4022.0,172038,2983536,6916805000.0,4023.0,716,4022.0,306
rb1805,20171206,20171205,210909000,4023.0,172098,2983528,6919218300.0,4023.0,710,4022.0,303
rb1805,20171206,20171205,210909500,4023.0,172518,2983390,6936110900.0,4023.0,632,4022.0,103
