instrument,tradingday,calendarday,time,lastp,volume,openinterest,turnover,ask1,asksz1,bid1,bidsz1
rb1805,20170726,20170725,183348500,3254.0,0,90256,0.0,0.0,0,0.0,0
rb1805,20170726,20170725,205900500,3265.0,30,90250,979500.0,3267.0,31,3265.0,21
rb1805,20170726,20170725,210000500,3265.0,32,90250,1044800.0,3265.0,1,3256.0,37
rb1805,20170726,20170725,210001000,3265.0,34,90248,1110100.0,3265.0,15,3257.0,1
rb1805,20170726,20170725,210001500,3267.0,84,90248,2742640.0,3267.0,35,3266.0,5
rb1805,20170726,20170725,210002000,3266.0,126,90216,4114720.0,3267.0,17,3266.0,2
rb1805,20170726,20170725,210002500,3267.0,130,90216,4245400.0,3267.0,15,3266.0,2
rb1805,20170726,20170725,210003000,3267.0,130,90216,4245400.0,3267.0,15,3266.0,2
rb1805,20170726,20170725,210003500,3267.0,134,90216,4376080.0,3267.0,13,3266.0,3
rb1805,20170726,20170725,210004000,3266.0,136,90218,4441400.0,3267.0,13,3266.0,2
rb1805,20170726,20170725,210004500,3266.0,138,90218,4506720.0,3267.0,13,3266.0,2
rb1805,20170726,20170725,210005000,3267.0,178,90218,5813560.0,3268.0,3,3267.0,1
rb1805,20170726,20170725,210005500,3266.0,184,90220,6009540.0,3266.0,6,3258.0,36
rb1805,20170726,20170725,210006000,3266.0,184,90220,6009540.0,3265.0,1,3259.0,1
rb1805,20170726,20170725,210006500,3266.0,184,90220,6009540.0,3265.0,1,3259.0,1
rb1805,20170726,20170725,210007000,3266.0,184,90220,6009540.0,3265.0,1,3259.0,1
rb1805,20170726,20170725,210007500,3265.0,186,90220,6074840.0,3266.0,7,3259.0,11
rb1805,20170726,20170725,210008000,3265.0,186,90220,6074840.0,3266.0,7,3260.0,2
rb1805,20170726,20170725,210008500,3265.0,186,90220,6074840.0,3266.0,7,3259.0,1
rb1805,20170726,20170725,210009000,3265.0,186,90220,6074840.0,3266.0,7,3260.0,2
rb1805,20170726,20170725,210009500,3265.0,186,90220,6074840.0,3266.0,7,3260.0,6
rb1805,20170726,20170725,210010000,3265.0,186,90220,6074840.0,3266.0,7,3259.0,1
rb1805,20170726,20170725,210010500,3265.0,186,90220,6074840.0,3266.0,7,3261.0,1
rb1805,20170726,20170725,210011000,3265.0,186,90220,6074840.0,3266.0,7,3259.0,1
rb1805,20170726,20170725,210011500,3265.0,186,90220,6074840.0,3266.0,7,3259.0,1
rb1805,20170726,20170725,210012000,3260.0,188,90218,6140040.0,3265.0,1,3259.0,1
rb1805,20170726,20170725,210012500,3260.0,188,90218,6140040.0,3265.0,1,3259.0,1
rb1805,20170726,20170725,210013000,3260.0,188,90218,6140040.0,3265.0,1,3259.0,1
rb1805,20170726,20170725,210013500,3260.0,188,90218,6140040.0,3265.0,1,3259.0,1
rb1805,20170726,20170725,210014000,3260.0,188,90218,6140040.0,3265.0,1,3259.0,1
rb1805,20170726,20170725,210014500,3260.0,188,90218,6140040.0,3265.0,1,3259.0,1
rb1805,20170726,20170725,210015000,3260.0,188,90218,6140040.0,3265.0,1,3259.0,1
rb1805,20170726,20170725,210015500,3260.0,188,90218,6140040.0,3264.0,5,3259.0,1
rb1805,20170726,20170725,210016000,3260.0,188,90218,6140040.0,3264.0,5,3259.0,1
rb1805,20170726,20170725,210016500,3260.0,188,90218,6140040.0,3264.0,5,3259.0,1
rb1805,20170726,20170725,210017000,3260.0,188,90218,6140040.0,3264.0,5,3259.0,1
rb1805,20170726,20170725,210018000,3260.0,188,90218,6140040.0,3264.0,5,3259.0,1
rb1805,20170726,20170725,210018500,3263.0,190,90218,6205300.0,3264.0,5,3259.0,1
rb1805,20170726,20170725,210019000,3264.0,200,90218,6531700.0,3265.0,2,3264.0,1
rb1805,20170726,20170725,210019500,3261.0,204,90222,6662200.0,3264.0,3,3261.0,1
rb1805,20170726,20170725,210020000,3261.0,204,90222,6662200.0,3264.0,1,3261.0,1
rb1805,20170726,20170725,210020500,3261.0,204,90222,6662200.0,3263.0,1,3261.0,2
rb1805,20170726,20170725,210021000,3261.0,204,90222,6662200.0,3263.0,1,3262.0,1
rb1805,20170726,20170725,210021500,3263.0,206,90224,6727460.0,3264.0,1,3262.0,1
rb1805,20170726,20170725,210022000,3263.0,206,90224,6727460.0,3263.0,1,3262.0,1
rb1805,20170726,20170725,210022500,3263.0,206,90224,6727460.0,3263.0,1,3262.0,1
rb1805,20170726,20170725,210023500,3263.0,206,90224,6727460.0,3263.0,2,3261.0,1
rb1805,20170726,20170725,210024000,3263.0,206,90224,6727460.0,3263.0,2,3261.0,1
rb1805,20170726,20170725,210024500,3263.0,206,90224,6727460.0,3263.0,2,3261.0,2
rb1805,20170726,20170725,210025000,3263.0,206,90224,6727460.0,3263.0,3,3261.0,2
rb1805,20170726,20170725,210025500,3263.0,206,90224,6727460.0,3263.0,3,3261.0,1
rb1805,20170726,20170725,210026000,3263.0,208,90224,6792720.0,3263.0,2,3261.0,1
rb1805,20170726,20170725,210027000,3263.0,208,90224,6792720.0,3263.0,2,3261.0,1
rb1805,20170726,20170725,210027500,3263.0,208,90224,6792720.0,3263.0,2,3261.0,1
rb1805,20170726,20170725,210028500,3263.0,210,90226,6857980.0,3263.0,1,3261.0,1
rb1805,20170726,20170725,210030000,3263.0,210,90226,6857980.0,3263.0,3,3261.0,1
rb1805,20170726,20170725,210030500,3263.0,210,90226,6857980.0,3263.0,3,3261.0,1
rb1805,20170726,20170725,210032000,3263.0,210,90226,6857980.0,3263.0,3,3261.0,1
rb1805,20170726,20170725,210033000,3261.0,212,90226,6923200.0,3263.0,3,3260.0,4
rb1805,20170726,20170725,210033500,3263.0,214,90226,6988460.0,3263.0,2,3260.0,4
rb1805,20170726,20170725,210034000,3263.0,214,90226,6988460.0,3263.0,3,3261.0,2
rb1805,20170726,20170725,210034500,3263.0,214,90226,6988460.0,3262.0,2,3261.0,2
rb1805,20170726,20170725,210035000,3263.0,214,90226,6988460.0,3262.0,2,3261.0,2
rb1805,20170726,20170725,210035500,3261.0,218,90226,7118900.0,3262.0,2,3260.0,4
rb1805,20170726,20170725,210036000,3261.0,218,90226,7118900.0,3262.0,2,3260.0,4
rb1805,20170726,20170725,210037500,3262.0,220,90226,7184140.0,3262.0,1,3260.0,4
rb1805,20170726,20170725,210038000,3262.0,220,90226,7184140.0,3262.0,1,3260.0,4
rb1805,20170726,20170725,210038500,3262.0,222,90228,7249380.0,3263.0,5,3260.0,6
rb1805,20170726,20170725,210039000,3262.0,222,90228,7249380.0,3262.0,2,3260.0,6
rb1805,20170726,20170725,210039500,3262.0,224,90228,7314620.0,3262.0,1,3260.0,6
rb1805,20170726,20170725,210040500,3262.0,224,90228,7314620.0,3262.0,1,3260.0,6
rb1805,20170726,20170725,210041000,3262.0,224,90228,7314620.0,3262.0,1,3260.0,6
rb1805,20170726,20170725,210042000,3262.0,224,90228,7314620.0,3262.0,1,3260.0,6
rb1805,20170726,20170725,210044000,3262.0,224,90228,7314620.0,3262.0,2,3260.0,6
rb1805,20170726,20170725,210044500,3262.0,224,90228,7314620.0,3262.0,2,3261.0,1
rb1805,20170726,20170725,210045000,3262.0,226,90228,7379860.0,3262.0,1,3261.0,1
rb1805,20170726,20170725,210045500,3262.0,228,90226,7445100.0,3263.0,3,3262.0,1
rb1805,20170726,20170725,210046000,3261.0,234,90226,7640800.0,3263.0,3,3261.0,1
rb1805,20170726,20170725,210046500,3261.0,234,90226,7640800.0,3263.0,3,3260.0,6
rb1805,20170726,20170725,210047000,3261.0,234,90226,7640800.0,3263.0,3,3261.0,2
rb1805,20170726,20170725,210047500,3261.0,234,90226,7640800.0,3263.0,4,3261.0,2
rb1805,20170726,20170725,210048000,3263.0,236,90226,7706060.0,3263.0,2,3261.0,2
rb1805,20170726,20170725,210048500,3263.0,238,90228,7771320.0,3263.0,1,3261.0,3
rb1805,20170726,20170725,210049500,3263.0,240,90228,7836580.0,3264.0,5,3261.0,3
rb1805,20170726,20170725,210050000,3263.0,240,90228,7836580.0,3264.0,5,3261.0,3
rb1805,20170726,20170725,210050500,3263.0,242,90228,7901840.0,3264.0,5,3261.0,3
rb1805,20170726,20170725,210051000,3263.0,242,90228,7901840.0,3264.0,6,3261.0,3
rb1805,20170726,20170725,210051500,3264.0,244,90228,7967120.0,3264.0,4,3261.0,5
rb1805,20170726,20170725,210052000,3264.0,246,90230,8032400.0,3264.0,3,3261.0,5
rb1805,20170726,20170725,210052500,3264.0,246,90230,8032400.0,3263.0,2,3261.0,5
rb1805,20170726,20170725,210053000,3264.0,252,90230,8228200.0,3264.0,2,3261.0,5
rb1805,20170726,20170725,210053500,3264.0,254,90230,8293480.0,3264.0,3,3262.0,1
rb1805,20170726,20170725,210054000,3262.0,256,90230,8358720.0,3264.0,3,3261.0,5
rb1805,20170726,20170725,210054500,3262.0,256,90230,8358720.0,3264.0,3,3261.0,5
rb1805,20170726,20170725,210055000,3262.0,256,90230,8358720.0,3264.0,3,3261.0,5
rb1805,20170726,20170725,210055500,3262.0,256,90230,8358720.0,3264.0,3,3262.0,1
rb1805,20170726,20170725,210056000,3264.0,258,90230,8424000.0,3264.0,2,3262.0,1
rb1805,20170726,20170725,210056500,3264.0,258,90230,8424000.0,3264.0,2,3262.0,1
rb1805,20170726,20170725,210058000,3264.0,258,90230,8424000.0,3263.0,1,3262.0,1
rb1805,20170726,20170725,210058500,3263.0,260,90232,8489260.0,3264.0,2,3262.0,1
rb1805,20170726,20170725,210059500,3263.0,260,90232,8489260.0,3264.0,2,3262.0,1
rb1805,20170726,20170725,210100500,3263.0,260,90232,8489260.0,3264.0,2,3262.0,1
rb1805,20170726,20170725,210101000,3261.0,270,90230,8815380.0,3264.0,2,3261.0,1
rb1805,20170726,20170725,210101500,3261.0,270,90230,8815380.0,3264.0,2,3262.0,5
rb1805,20170726,20170725,210102000,3261.0,270,90230,8815380.0,3263.0,2,3261.0,2
rb1805,20170726,20170725,210102500,3263.0,272,90230,8880640.0,3263.0,1,3261.0,1
rb1805,20170726,20170725,210103000,3263.0,272,90230,8880640.0,3263.0,1,3261.0,2
rb1805,20170726,20170725,210103500,3263.0,272,90230,8880640.0,3263.0,6,3261.0,2
rb1805,20170726,20170725,210104000,3263.0,272,90230,8880640.0,3263.0,6,3261.0,1
rb1805,20170726,20170725,210104500,3263.0,272,90230,8880640.0,3263.0,6,3261.0,2
rb1805,20170726,20170725,210105000,3263.0,272,90230,8880640.0,3263.0,6,3261.0,2
rb1805,20170726,20170725,210106000,3263.0,272,90230,8880640.0,3263.0,6,3261.0,2
rb1805,20170726,20170725,210106500,3263.0,272,90230,8880640.0,3263.0,6,3261.0,2
rb1805,20170726,20170725,210109000,3263.0,272,90230,8880640.0,3263.0,6,3261.0,1
rb1805,20170726,20170725,210109500,3261.0,274,90232,8945860.0,3261.0,2,3260.0,13
rb1805,20170726,20170725,210110000,3261.0,274,90232,8945860.0,3263.0,8,3260.0,13
rb1805,20170726,20170725,210110500,3261.0,274,90232,8945860.0,3263.0,6,3260.0,14
rb1805,20170726,20170725,210111000,3261.0,274,90232,8945860.0,3263.0,6,3260.0,13
rb1805,20170726,20170725,210111500,3261.0,274,90232,8945860.0,3263.0,6,3260.0,13
rb1805,20170726,20170725,210112000,3261.0,274,90232,8945860.0,3263.0,7,3260.0,13
rb1805,20170726,20170725,210112500,3260.0,282,90232,9206660.0,3262.0,1,3260.0,9
rb1805,20170726,20170725,210113000,3260.0,300,90238,9793460.0,3262.0,6,3259.0,5
rb1805,20170726,20170725,210113500,3260.0,300,90238,9793460.0,3261.0,1,3259.0,10
rb1805,20170726,20170725,210114500,3260.0,300,90238,9793460.0,3261.0,1,3259.0,10
rb1805,20170726,20170725,210115500,3260.0,300,90238,9793460.0,3261.0,1,3259.0,10
rb1805,20170726,20170725,210116000,3260.0,300,90238,9793460.0,3261.0,1,3259.0,10
rb1805,20170726,20170725,210117000,3260.0,300,90238,9793460.0,3261.0,1,3259.0,10
rb1805,20170726,20170725,210117500,3260.0,300,90238,9793460.0,3261.0,1,3259.0,10
rb1805,20170726,20170725,210118000,3261.0,302,90240,9858680.0,3262.0,7,3259.0,10
rb1805,20170726,20170725,210118500,3261.0,302,90240,9858680.0,3262.0,8,3260.0,2
rb1805,20170726,20170725,210119000,3261.0,302,90240,9858680.0,3262.0,8,3260.0,2
rb1805,20170726,20170725,210122000,3261.0,302,90240,9858680.0,3262.0,8,3260.0,2
rb1805,20170726,20170725,210122500,3260.0,304,90240,9923880.0,3262.0,8,3260.0,1
rb1805,20170726,20170725,210123000,3260.0,304,90240,9923880.0,3262.0,9,3260.0,1
rb1805,20170726,20170725,210123500,3260.0,304,90240,9923880.0,3262.0,4,3260.0,6
rb1805,20170726,20170725,210124000,3260.0,304,90240,9923880.0,3262.0,4,3260.0,6
rb1805,20170726,20170725,210124500,3260.0,304,90240,9923880.0,3261.0,2,3260.0,6
rb1805,20170726,20170725,210125000,3261.0,306,90242,9989100.0,3261.0,1,3260.0,11
rb1805,20170726,20170725,210127000,3261.0,306,90242,9989100.0,3261.0,1,3260.0,7
rb1805,20170726,20170725,210127500,3261.0,306,90242,9989100.0,3261.0,2,3260.0,6
rb1805,20170726,20170725,210128000,3261.0,306,90242,9989100.0,3261.0,3,3260.0,7
rb1805,20170726,20170725,210128500,3261.0,306,90242,9989100.0,3261.0,3,3260.0,6
rb1805,20170726,20170725,210129000,3261.0,306,90242,9989100.0,3261.0,3,3260.0,6
rb1805,20170726,20170725,210129500,3261.0,306,90242,9989100.0,3261.0,3,3260.0,7
rb1805,20170726,20170725,210130000,3261.0,312,90240,10184760.0,3262.0,2,3260.0,13
rb1805,20170726,20170725,210130500,3261.0,312,90240,10184760.0,3262.0,2,3260.0,15
rb1805,20170726,20170725,210131500,3261.0,312,90240,10184760.0,3262.0,2,3260.0,15
rb1805,20170726,20170725,210132500,3260.0,314,90240,10249960.0,3261.0,1,3260.0,14
rb1805,20170726,20170725,210133000,3261.0,316,90238,10315180.0,3262.0,2,3261.0,4
rb1805,20170726,20170725,210133500,3261.0,316,90238,10315180.0,3262.0,2,3261.0,6
rb1805,20170726,20170725,210136500,3261.0,316,90238,10315180.0,3262.0,3,3261.0,6
rb1805,20170726,20170725,210137500,3261.0,322,90238,10510840.0,3262.0,3,3261.0,3
rb1805,20170726,20170725,210138000,3261.0,322,90238,10510840.0,3262.0,3,3260.0,14
rb1805,20170726,20170725,210139000,3261.0,322,90238,10510840.0,3262.0,5,3260.0,14
rb1805,20170726,20170725,210140000,3261.0,322,90238,10510840.0,3262.0,5,3260.0,14
rb1805,20170726,20170725,210140500,3262.0,328,90238,10706560.0,3262.0,7,3261.0,1
rb1805,20170726,20170725,210141000,3262.0,328,90238,10706560.0,3262.0,7,3261.0,1
rb1805,20170726,20170725,210141500,3262.0,328,90238,10706560.0,3262.0,7,3261.0,1
rb1805,20170726,20170725,210142500,3262.0,328,90238,10706560.0,3262.0,8,3261.0,1
rb1805,20170726,20170725,210143500,3262.0,328,90238,10706560.0,3262.0,3,3261.0,1
rb1805,20170726,20170725,210144000,3262.0,328,90238,10706560.0,3262.0,3,3261.0,4
rb1805,20170726,20170725,210144500,3261.0,340,90242,11097960.0,3263.0,8,3261.0,2
rb1805,20170726,20170725,210145000,3261.0,340,90242,11097960.0,3263.0,8,3261.0,2
rb1805,20170726,20170725,210146000,3261.0,340,90242,11097960.0,3263.0,8,3261.0,7
rb1805,20170726,20170725,210147000,3261.0,340,90242,11097960.0,3263.0,8,3261.0,7
rb1805,20170726,20170725,210147500,3261.0,340,90242,11097960.0,3263.0,8,3261.0,6
rb1805,20170726,20170725,210148000,3261.0,340,90242,11097960.0,3263.0,11,3261.0,6
rb1805,20170726,20170725,210149500,3261.0,340,90242,11097960.0,3262.0,1,3261.0,6
rb1805,20170726,20170725,210150000,3261.0,352,90254,11489280.0,3261.0,5,3260.0,13
rb1805,20170726,20170725,210150500,3261.0,354,90252,11554500.0,3262.0,1,3260.0,13
rb1805,20170726,20170725,210151000,3261.0,354,90252,11554500.0,3262.0,1,3260.0,15
rb1805,20170726,20170725,210151500,3261.0,354,90252,11554500.0,3262.0,1,3261.0,2
rb1805,20170726,20170725,210152000,3261.0,354,90252,11554500.0,3262.0,1,3261.0,3
rb1805,20170726,20170725,210152500,3261.0,354,90252,11554500.0,3262.0,1,3261.0,5
rb1805,20170726,20170725,210153500,3261.0,354,90252,11554500.0,3262.0,1,3261.0,3
rb1805,20170726,20170725,210154000,3262.0,356,90252,11619740.0,3263.0,9,3262.0,1
rb1805,20170726,20170725,210154500,3262.0,356,90252,11619740.0,3263.0,4,3262.0,6
rb1805,20170726,20170725,210155500,3262.0,358,90252,11684980.0,3263.0,4,3262.0,5
rb1805,20170726,20170725,210156000,3262.0,368,90252,12011180.0,3263.0,4,3261.0,1
rb1805,20170726,20170725,210156500,3262.0,368,90252,12011180.0,3263.0,4,3261.0,2
rb1805,20170726,20170725,210158000,3263.0,372,90252,12141700.0,3263.0,7,3262.0,1
rb1805,20170726,20170725,210158500,3262.0,374,90254,12206940.0,3263.0,2,3261.0,1
rb1805,20170726,20170725,210159000,3261.0,376,90254,12272160.0,3263.0,2,3260.0,15
rb1805,20170726,20170725,210159500,3261.0,376,90254,12272160.0,3262.0,2,3260.0,15
rb1805,20170726,20170725,210200000,3261.0,376,90254,12272160.0,3262.0,2,3260.0,16
rb1805,20170726,20170725,210202000,3261.0,376,90254,12272160.0,3262.0,7,3260.0,14
rb1805,20170726,20170725,210202500,3261.0,376,90254,12272160.0,3262.0,7,3260.0,14
rb1805,20170726,20170725,210203000,3261.0,376,90254,12272160.0,3262.0,7,3260.0,14
rb1805,20170726,20170725,210203500,3261.0,376,90254,12272160.0,3262.0,7,3261.0,3
rb1805,20170726,20170725,210204000,3261.0,376,90254,12272160.0,3262.0,3,3261.0,3
rb1805,20170726,20170725,210206000,3261.0,376,90254,12272160.0,3262.0,3,3261.0,4
rb1805,20170726,20170725,210206500,3261.0,376,90254,12272160.0,3262.0,6,3261.0,4
rb1805,20170726,20170725,210207000,3261.0,384,90260,12533040.0,3261.0,1,3260.0,16
rb1805,20170726,20170725,210207500,3261.0,402,90256,13120020.0,3262.0,11,3260.0,14
rb1805,20170726,20170725,210208000,3261.0,402,90256,13120020.0,3262.0,11,3261.0,1
rb1805,20170726,20170725,210208500,3261.0,404,90258,13185240.0,3262.0,11,3260.0,17
rb1805,20170726,20170725,210209000,3261.0,404,90258,13185240.0,3262.0,11,3260.0,17
rb1805,20170726,20170725,210209500,3261.0,404,90258,13185240.0,3262.0,11,3260.0,17
rb1805,20170726,20170725,210210000,3261.0,404,90258,13185240.0,3262.0,12,3260.0,17
rb1805,20170726,20170725,210211000,3261.0,404,90258,13185240.0,3261.0,7,3260.0,17
rb1805,20170726,20170725,210211500,3260.0,410,90252,13380840.0,3261.0,7,3260.0,14
rb1805,20170726,20170725,210212000,3260.0,416,90252,13576440.0,3261.0,7,3260.0,11
rb1805,20170726,20170725,210212500,3260.0,416,90252,13576440.0,3261.0,7,3260.0,11
rb1805,20170726,20170725,210213000,3260.0,416,90252,13576440.0,3261.0,7,3260.0,11
rb1805,20170726,20170725,210213500,3260.0,416,90252,13576440.0,3261.0,7,3260.0,11
rb1805,20170726,20170725,210214000,3260.0,416,90252,13576440.0,3261.0,7,3260.0,11
rb1805,20170726,20170725,210214500,3261.0,418,90252,13641660.0,3261.0,2,3260.0,11
rb1805,20170726,20170725,210215000,3261.0,418,90252,13641660.0,3262.0,7,3260.0,11
rb1805,20170726,20170725,210215500,3262.0,422,90254,13772140.0,3262.0,5,3260.0,11
rb1805,20170726,20170725,210216000,3262.0,422,90254,13772140.0,3262.0,5,3260.0,14
rb1805,20170726,20170725,210216500,3262.0,422,90254,13772140.0,3262.0,5,3260.0,14
rb1805,20170726,20170725,210217500,3262.0,422,90254,13772140.0,3262.0,1,3260.0,19
rb1805,20170726,20170725,210218000,3262.0,422,90254,13772140.0,3262.0,1,3260.0,16
rb1805,20170726,20170725,210218500,3262.0,422,90254,13772140.0,3262.0,1,3260.0,16
rb1805,20170726,20170725,210219500,3262.0,422,90254,13772140.0,3262.0,1,3260.0,16
rb1805,20170726,20170725,210221000,3262.0,422,90254,13772140.0,3262.0,1,3260.0,16
rb1805,20170726,20170725,210221500,3262.0,422,90254,13772140.0,3262.0,1,3261.0,1
rb1805,20170726,20170725,210222500,3262.0,422,90254,13772140.0,3262.0,1,3261.0,1
rb1805,20170726,20170725,210223000,3262.0,422,90254,13772140.0,3262.0,2,3261.0,1
rb1805,20170726,20170725,210224000,3262.0,424,90254,13837380.0,3262.0,1,3261.0,1
rb1805,20170726,20170725,210224500,3262.0,424,90254,13837380.0,3262.0,2,3261.0,1
rb1805,20170726,20170725,210225000,3262.0,424,90254,13837380.0,3262.0,2,3261.0,1
rb1805,20170726,20170725,210226000,3262.0,424,90254,13837380.0,3262.0,3,3261.0,1
rb1805,20170726,20170725,210226500,3262.0,424,90254,13837380.0,3262.0,3,3261.0,1
rb1805,20170726,20170725,210227500,3262.0,424,90254,13837380.0,3262.0,3,3261.0,1
rb1805,20170726,20170725,210228000,3262.0,426,90252,13902620.0,3262.0,2,3261.0,1
rb1805,20170726,20170725,210228500,3262.0,426,90252,13902620.0,3262.0,2,3261.0,1
rb1805,20170726,20170725,210229000,3262.0,426,90252,13902620.0,3262.0,2,3261.0,1
rb1805,20170726,20170725,210230000,3262.0,426,90252,13902620.0,3262.0,2,3261.0,1
rb1805,20170726,20170725,210230500,3262.0,426,90252,13902620.0,3262.0,2,3261.0,1
rb1805,20170726,20170725,210232000,3262.0,426,90252,13902620.0,3262.0,3,3261.0,1
rb1805,20170726,20170725,210232500,3262.0,426,90252,13902620.0,3262.0,3,3261.0,1
rb1805,20170726,20170725,210233000,3262.0,426,90252,13902620.0,3262.0,3,3261.0,4
rb1805,20170726,20170725,210236500,3263.0,434,90258,14163600.0,3263.0,7,3261.0,4
rb1805,20170726,20170725,210237000,3262.0,444,90268,14489860.0,3263.0,7,3262.0,2
rb1805,20170726,20170725,210237500,3262.0,448,90272,14620340.0,3262.0,2,3261.0,4
rb1805,20170726,20170725,210238000,3263.0,456,90274,14881340.0,3263.0,5,3262.0,7
rb1805,20170726,20170725,210238500,3263.0,460,90278,15011860.0,3263.0,3,3261.0,4
rb1805,20170726,20170725,210239000,3263.0,462,90276,15077120.0,3264.0,2,3263.0,5
rb1805,20170726,20170725,210239500,3263.0,462,90276,15077120.0,3264.0,2,3261.0,13
rb1805,20170726,20170725,210240000,3264.0,466,90272,15207680.0,3265.0,3,3264.0,2
rb1805,20170726,20170725,210240500,3264.0,466,90272,15207680.0,3265.0,3,3262.0,1
rb1805,20170726,20170725,210241000,3264.0,466,90272,15207680.0,3265.0,6,3262.0,6
rb1805,20170726,20170725,210241500,3264.0,466,90272,15207680.0,3264.0,2,3262.0,6
rb1805,20170726,20170725,210242000,3265.0,474,90272,15468840.0,3265.0,1,3264.0,3
rb1805,20170726,20170725,210242500,3265.0,476,90272,15534140.0,3266.0,8,3265.0,1
rb1805,20170726,20170725,210243000,3265.0,480,90274,15664740.0,3266.0,8,3262.0,6
rb1805,20170726,20170725,210243500,3266.0,482,90274,15730060.0,3266.0,7,3263.0,2
rb1805,20170726,20170725,210244000,3266.0,482,90274,15730060.0,3266.0,7,3263.0,7
rb1805,20170726,20170725,210244500,3266.0,482,90274,15730060.0,3266.0,7,3264.0,2
rb1805,20170726,20170725,210245000,3266.0,482,90274,15730060.0,3265.0,1,3264.0,2
rb1805,20170726,20170725,210245500,3266.0,498,90272,16252600.0,3267.0,3,3265.0,4
rb1805,20170726,20170725,210246000,3266.0,500,90272,16317920.0,3266.0,6,3265.0,2
rb1805,20170726,20170725,210246500,3267.0,520,90262,16971200.0,3268.0,15,3267.0,2
rb1805,20170726,20170725,210247000,3267.0,522,90262,17036540.0,3268.0,15,3267.0,1
rb1805,20170726,20170725,210247500,3268.0,524,90262,17101900.0,3268.0,14,3264.0,2
rb1805,20170726,20170725,210248000,3265.0,528,90262,17232500.0,3268.0,14,3265.0,3
rb1805,20170726,20170725,210248500,3265.0,528,90262,17232500.0,3268.0,15,3265.0,3
rb1805,20170726,20170725,210249000,3265.0,528,90262,17232500.0,3268.0,15,3265.0,8
rb1805,20170726,20170725,210249500,3265.0,528,90262,17232500.0,3268.0,17,3265.0,8
rb1805,20170726,20170725,210250000,3266.0,530,90262,17297820.0,3268.0,17,3266.0,1
rb1805,20170726,20170725,210250500,3266.0,530,90262,17297820.0,3268.0,17,3266.0,1
rb1805,20170726,20170725,210251000,3266.0,530,90262,17297820.0,3268.0,16,3266.0,1
rb1805,20170726,20170725,210251500,3266.0,530,90262,17297820.0,3268.0,21,3266.0,1
rb1805,20170726,20170725,210252000,3266.0,530,90262,17297820.0,3268.0,21,3266.0,1
rb1805,20170726,20170725,210252500,3266.0,530,90262,17297820.0,3268.0,21,3266.0,1
rb1805,20170726,20170725,210253000,3266.0,530,90262,17297820.0,3268.0,21,3266.0,6
rb1805,20170726,20170725,210253500,3266.0,536,90262,17493860.0,3268.0,19,3266.0,5
rb1805,20170726,20170725,210254000,3268.0,548,90262,17886020.0,3268.0,13,3265.0,7
rb1805,20170726,20170725,210254500,3266.0,550,90262,17951340.0,3268.0,13,3265.0,7
rb1805,20170726,20170725,210255000,3268.0,570,90272,18604940.0,3268.0,3,3266.0,1
rb1805,20170726,20170725,210255500,3269.0,586,90272,19127920.0,3269.0,15,3265.0,7
rb1805,20170726,20170725,210256000,3269.0,596,90272,19454820.0,3269.0,10,3266.0,2
rb1805,20170726,20170725,210256500,3269.0,596,90272,19454820.0,3269.0,10,3266.0,5
rb1805,20170726,20170725,210257500,3269.0,596,90272,19454820.0,3269.0,10,3268.0,194
rb1805,20170726,20170725,210258000,3269.0,616,90252,20108620.0,3270.0,6,3268.0,194
rb1805,20170726,20170725,210258500,3269.0,616,90252,20108620.0,3270.0,7,3268.0,194
rb1805,20170726,20170725,210259000,3270.0,636,90254,20762620.0,3271.0,1,3270.0,1
rb1805,20170726,20170725,210259500,3270.0,638,90254,20828020.0,3270.0,3,3268.0,196
rb1805,20170726,20170725,210300000,3269.0,640,90254,20893400.0,3270.0,2,3268.0,194
rb1805,20170726,20170725,210300500,3269.0,640,90254,20893400.0,3270.0,3,3269.0,2
rb1805,20170726,20170725,210301000,3270.0,646,90258,21089600.0,3271.0,5,3269.0,2
rb1805,20170726,20170725,210301500,3270.0,648,90258,21155000.0,3270.0,1,3269.0,2
rb1805,20170726,20170725,210302000,3270.0,650,90258,21220400.0,3271.0,6,3269.0,2
rb1805,20170726,20170725,210302500,3269.0,662,90258,21612680.0,3271.0,5,3269.0,2
rb1805,20170726,20170725,210303000,3269.0,662,90258,21612680.0,3271.0,4,3269.0,2
rb1805,20170726,20170725,210303500,3269.0,662,90258,21612680.0,3271.0,6,3269.0,2
rb1805,20170726,20170725,210304500,3269.0,662,90258,21612680.0,3270.0,2,3269.0,2
rb1805,20170726,20170725,210305000,3272.0,676,90248,22070620.0,3272.0,1,3271.0,15
rb1805,20170726,20170725,210305500,3273.0,688,90244,22463400.0,3274.0,4,3271.0,15
rb1805,20170726,20170725,210306000,3274.0,698,90252,22790800.0,3274.0,2,3272.0,5
rb1805,20170726,20170725,210306500,3275.0,704,90254,22987260.0,3275.0,54,3274.0,1
rb1805,20170726,20170725,210307000,3275.0,722,90258,23576760.0,3275.0,45,3274.0,6
rb1805,20170726,20170725,210307500,3274.0,724,90258,23642240.0,3275.0,45,3274.0,5
rb1805,20170726,20170725,210308000,3274.0,724,90258,23642240.0,3275.0,45,3274.0,5
rb1805,20170726,20170725,210308500,3275.0,726,90260,23707740.0,3275.0,44,3274.0,5
rb1805,20170726,20170725,210309000,3275.0,760,90288,24821240.0,3275.0,28,3274.0,8
rb1805,20170726,20170725,210309500,3276.0,840,90316,27441480.0,3277.0,1,3276.0,14
rb1805,20170726,20170725,210310000,3276.0,846,90318,27638040.0,3277.0,1,3276.0,5
rb1805,20170726,20170725,210310500,3276.0,878,90320,28686800.0,3276.0,1,3274.0,9
rb1805,20170726,20170725,210311000,3276.0,880,90320,28752320.0,3280.0,9,3278.0,1
rb1805,20170726,20170725,210311500,3278.0,898,90314,29342680.0,3281.0,1,3278.0,1
rb1805,20170726,20170725,210312000,3282.0,902,90314,29473960.0,3282.0,4,3281.0,3
rb1805,20170726,20170725,210312500,3280.0,972,90346,31770580.0,3280.0,17,3279.0,2
rb1805,20170726,20170725,210313000,3282.0,1056,90370,34526180.0,3283.0,2,3282.0,4
rb1805,20170726,20170725,210313500,3285.0,1130,90418,36954840.0,3285.0,12,3279.0,5
rb1805,20170726,20170725,210314000,3279.0,1138,90418,37217300.0,3281.0,1,3279.0,6
rb1805,20170726,20170725,210314500,3286.0,1210,90450,39582540.0,3288.0,29,3283.0,2
rb1805,20170726,20170725,210315000,3281.0,1256,90434,41092500.0,3283.0,1,3280.0,1
rb1805,20170726,20170725,210315500,3282.0,1296,90418,42404940.0,3283.0,7,3280.0,1
rb1805,20170726,20170725,210316000,3283.0,1316,90426,43061500.0,3283.0,4,3280.0,6
rb1805,20170726,20170725,210316500,3281.0,1320,90426,43192780.0,3283.0,3,3281.0,2
rb1805,20170726,20170725,210317000,3285.0,1328,90430,43455460.0,3285.0,5,3281.0,3
rb1805,20170726,20170725,210317500,3281.0,1330,90428,43521080.0,3285.0,3,3281.0,2
rb1805,20170726,20170725,210318000,3281.0,1330,90428,43521080.0,3285.0,1,3281.0,7
rb1805,20170726,20170725,210318500,3281.0,1334,90426,43652320.0,3285.0,1,3280.0,6
rb1805,20170726,20170725,210319000,3284.0,1336,90426,43718000.0,3284.0,5,3280.0,6
rb1805,20170726,20170725,210319500,3281.0,1344,90420,43980480.0,3284.0,5,3280.0,6
rb1805,20170726,20170725,210320000,3280.0,1354,90418,44308480.0,3282.0,1,3280.0,1
rb1805,20170726,20170725,210320500,3282.0,1366,90418,44702320.0,3283.0,2,3280.0,1
rb1805,20170726,20170725,210321000,3282.0,1366,90418,44702320.0,3282.0,4,3279.0,6
rb1805,20170726,20170725,210321500,3282.0,1366,90418,44702320.0,3281.0,2,3279.0,7
rb1805,20170726,20170725,210322000,3280.0,1368,90418,44767920.0,3281.0,4,3279.0,7
rb1805,20170726,20170725,210322500,3280.0,1368,90418,44767920.0,3281.0,8,3279.0,2
rb1805,20170726,20170725,210323000,3279.0,1372,90420,44899120.0,3280.0,1,3278.0,1
rb1805,20170726,20170725,210323500,3279.0,1372,90420,44899120.0,3280.0,1,3278.0,2
rb1805,20170726,20170725,210324000,3279.0,1372,90420,44899120.0,3280.0,1,3278.0,6
rb1805,20170726,20170725,210324500,3279.0,1372,90420,44899120.0,3280.0,5,3278.0,1
rb1805,20170726,20170725,210325000,3278.0,1374,90418,44964680.0,3280.0,5,3277.0,2
rb1805,20170726,20170725,210325500,3278.0,1374,90418,44964680.0,3280.0,6,3277.0,7
rb1805,20170726,20170725,210326000,3278.0,1374,90418,44964680.0,3279.0,1,3278.0,1
rb1805,20170726,20170725,210326500,3279.0,1376,90418,45030260.0,3280.0,11,3278.0,1
rb1805,20170726,20170725,210327000,3279.0,1376,90418,45030260.0,3280.0,14,3279.0,4
rb1805,20170726,20170725,210328000,3278.0,1388,90410,45423700.0,3278.0,44,3277.0,8
rb1805,20170726,20170725,210328500,3278.0,1390,90410,45489260.0,3278.0,47,3277.0,3
rb1805,20170726,20170725,210329000,3277.0,1398,90406,45751420.0,3277.0,5,3273.0,1
rb1805,20170726,20170725,210329500,3277.0,1398,90406,45751420.0,3277.0,5,3274.0,5
rb1805,20170726,20170725,210330000,3277.0,1398,90406,45751420.0,3276.0,2,3274.0,10
rb1805,20170726,20170725,210330500,3276.0,1400,90406,45816940.0,3276.0,5,3273.0,6
rb1805,20170726,20170725,210331000,3276.0,1404,90404,45947980.0,3276.0,3,3275.0,5
rb1805,20170726,20170725,210331500,3276.0,1414,90396,46275580.0,3277.0,5,3275.0,5
rb1805,20170726,20170725,210332000,3276.0,1414,90396,46275580.0,3277.0,6,3275.0,3
rb1805,20170726,20170725,210332500,3276.0,1414,90396,46275580.0,3277.0,6,3276.0,3
rb1805,20170726,20170725,210333000,3277.0,1418,90396,46406660.0,3278.0,47,3277.0,6
rb1805,20170726,20170725,210333500,3277.0,1424,90396,46603280.0,3278.0,43,3277.0,3
rb1805,20170726,20170725,210334000,3277.0,1424,90396,46603280.0,3278.0,43,3277.0,3
rb1805,20170726,20170725,210334500,3277.0,1426,90394,46668820.0,3278.0,43,3277.0,3
rb1805,20170726,20170725,210335000,3277.0,1426,90394,46668820.0,3278.0,43,3277.0,3
rb1805,20170726,20170725,210335500,3277.0,1426,90394,46668820.0,3278.0,43,3277.0,3
rb1805,20170726,20170725,210336000,3277.0,1428,90392,46734360.0,3278.0,43,3277.0,2
rb1805,20170726,20170725,210336500,3277.0,1432,90390,46865440.0,3277.0,8,3276.0,2
rb1805,20170726,20170725,210337000,3277.0,1448,90378,47389760.0,3278.0,43,3276.0,3
rb1805,20170726,20170725,210337500,3278.0,1454,90378,47586440.0,3278.0,40,3276.0,6
rb1805,20170726,20170725,210338000,3278.0,1454,90378,47586440.0,3278.0,40,3276.0,5
rb1805,20170726,20170725,210338500,3278.0,1454,90378,47586440.0,3278.0,40,3276.0,2
rb1805,20170726,20170725,210339000,3278.0,1454,90378,47586440.0,3278.0,41,3276.0,2
rb1805,20170726,20170725,210339500,3278.0,1456,90378,47652000.0,3278.0,40,3276.0,2
rb1805,20170726,20170725,210340000,3278.0,1456,90378,47652000.0,3278.0,40,3276.0,2
rb1805,20170726,20170725,210340500,3278.0,1466,90368,47979800.0,3278.0,36,3276.0,2
rb1805,20170726,20170725,210341000,3278.0,1466,90368,47979800.0,3278.0,36,3276.0,2
rb1805,20170726,20170725,210341500,3278.0,1466,90368,47979800.0,3278.0,36,3276.0,3
rb1805,20170726,20170725,210342500,3278.0,1466,90368,47979800.0,3278.0,36,3276.0,3
rb1805,20170726,20170725,210343000,3278.0,1466,90368,47979800.0,3278.0,36,3276.0,4
rb1805,20170726,20170725,210344000,3278.0,1476,90368,48307600.0,3278.0,31,3276.0,4
rb1805,20170726,20170725,210344500,3278.0,1476,90368,48307600.0,3278.0,31,3276.0,4
rb1805,20170726,20170725,210345000,3276.0,1478,90368,48373120.0,3278.0,31,3276.0,3
rb1805,20170726,20170725,210345500,3276.0,1484,90368,48569680.0,3277.0,1,3275.0,2
rb1805,20170726,20170725,210346000,3276.0,1484,90368,48569680.0,3277.0,2,3275.0,3
rb1805,20170726,20170725,210346500,3276.0,1484,90368,48569680.0,3276.0,1,3275.0,2
rb1805,20170726,20170725,210347000,3276.0,1484,90368,48569680.0,3276.0,1,3275.0,8
rb1805,20170726,20170725,210347500,3276.0,1486,90368,48635200.0,3277.0,3,3275.0,8
rb1805,20170726,20170725,210348000,3276.0,1486,90368,48635200.0,3276.0,6,3275.0,8
rb1805,20170726,20170725,210349000,3276.0,1486,90368,48635200.0,3276.0,6,3275.0,8
rb1805,20170726,20170725,210349500,3276.0,1488,90366,48700720.0,3276.0,5,3275.0,3
rb1805,20170726,20170725,210350000,3276.0,1492,90366,48831760.0,3276.0,3,3275.0,2
rb1805,20170726,20170725,210350500,3276.0,1504,90366,49224880.0,3276.0,3,3275.0,4
rb1805,20170726,20170725,210351000,3276.0,1510,90366,49421440.0,3276.0,1,3275.0,4
rb1805,20170726,20170725,210351500,3276.0,1512,90368,49486960.0,3277.0,8,3275.0,9
rb1805,20170726,20170725,210352000,3276.0,1512,90368,49486960.0,3277.0,8,3275.0,9
rb1805,20170726,20170725,210352500,3276.0,1536,90372,50273480.0,3278.0,30,3275.0,10
rb1805,20170726,20170725,210353000,3276.0,1536,90372,50273480.0,3277.0,2,3276.0,1
rb1805,20170726,20170725,210354500,3276.0,1536,90372,50273480.0,3277.0,2,3276.0,1
rb1805,20170726,20170725,210355000,3276.0,1536,90372,50273480.0,3277.0,2,3276.0,1
rb1805,20170726,20170725,210355500,3276.0,1536,90372,50273480.0,3277.0,2,3276.0,1
rb1805,20170726,20170725,210356000,3276.0,1536,90372,50273480.0,3277.0,2,3276.0,1
rb1805,20170726,20170725,210357500,3276.0,1538,90372,50339000.0,3277.0,2,3275.0,10
rb1805,20170726,20170725,210359500,3277.0,1540,90370,50404540.0,3276.0,1,3275.0,10
rb1805,20170726,20170725,210400000,3277.0,1544,90366,50535620.0,3278.0,30,3275.0,10
rb1805,20170726,20170725,210400500,3278.0,1546,90366,50601180.0,3276.0,1,3275.0,10
rb1805,20170726,20170725,210401000,3276.0,1548,90366,50666700.0,3278.0,36,3277.0,3
rb1805,20170726,20170725,210401500,3276.0,1548,90366,50666700.0,3278.0,35,3277.0,3
rb1805,20170726,20170725,210402000,3276.0,1548,90366,50666700.0,3278.0,35,3277.0,3
rb1805,20170726,20170725,210402500,3277.0,1556,90374,50928860.0,3278.0,35,3275.0,10
rb1805,20170726,20170725,210403000,3277.0,1556,90374,50928860.0,3278.0,35,3275.0,15
rb1805,20170726,20170725,210403500,3277.0,1556,90374,50928860.0,3278.0,35,3275.0,15
rb1805,20170726,20170725,210404500,3277.0,1556,90374,50928860.0,3278.0,35,3275.0,15
rb1805,20170726,20170725,210405000,3277.0,1556,90374,50928860.0,3278.0,35,3276.0,1
rb1805,20170726,20170725,210405500,3277.0,1556,90374,50928860.0,3277.0,3,3276.0,1
rb1805,20170726,20170725,210406000,3276.0,1558,90376,50994380.0,3277.0,8,3275.0,15
rb1805,20170726,20170725,210406500,3276.0,1558,90376,50994380.0,3277.0,8,3275.0,17
rb1805,20170726,20170725,210407000,3276.0,1558,90376,50994380.0,3277.0,8,3275.0,12
rb1805,20170726,20170725,210407500,3276.0,1558,90376,50994380.0,3277.0,8,3275.0,13
rb1805,20170726,20170725,210408000,3276.0,1558,90376,50994380.0,3276.0,1,3275.0,13
rb1805,20170726,20170725,210408500,3276.0,1558,90376,50994380.0,3277.0,8,3275.0,13
rb1805,20170726,20170725,210409000,3276.0,1570,90388,51387500.0,3276.0,1,3275.0,18
rb1805,20170726,20170725,210409500,3276.0,1570,90388,51387500.0,3277.0,3,3275.0,14
rb1805,20170726,20170725,210410000,3276.0,1570,90388,51387500.0,3277.0,4,3275.0,14
rb1805,20170726,20170725,210410500,3275.0,1610,90372,52697500.0,3275.0,40,3273.0,7
rb1805,20170726,20170725,210411000,3275.0,1614,90372,52828500.0,3275.0,38,3273.0,7
rb1805,20170726,20170725,210411500,3275.0,1614,90372,52828500.0,3275.0,38,3273.0,8
rb1805,20170726,20170725,210412000,3275.0,1622,90372,53090500.0,3275.0,35,3273.0,7
rb1805,20170726,20170725,210412500,3275.0,1622,90372,53090500.0,3275.0,35,3273.0,7
rb1805,20170726,20170725,210413000,3275.0,1622,90372,53090500.0,3275.0,35,3273.0,7
rb1805,20170726,20170725,210413500,3275.0,1622,90372,53090500.0,3275.0,35,3273.0,7
rb1805,20170726,20170725,210414000,3275.0,1622,90372,53090500.0,3275.0,35,3273.0,7
rb1805,20170726,20170725,210414500,3275.0,1622,90372,53090500.0,3275.0,35,3273.0,7
rb1805,20170726,20170725,210415000,3275.0,1622,90372,53090500.0,3275.0,38,3273.0,7
rb1805,20170726,20170725,210415500,3275.0,1622,90372,53090500.0,3275.0,38,3273.0,7
rb1805,20170726,20170725,210416500,3275.0,1622,90372,53090500.0,3275.0,38,3273.0,7
rb1805,20170726,20170725,210417000,3275.0,1622,90372,53090500.0,3275.0,38,3273.0,7
rb1805,20170726,20170725,210417500,3275.0,1626,90376,53221500.0,3275.0,38,3273.0,7
rb1805,20170726,20170725,210418000,3275.0,1626,90376,53221500.0,3274.0,5,3273.0,7
rb1805,20170726,20170725,210418500,3275.0,1626,90376,53221500.0,3274.0,5,3273.0,7
rb1805,20170726,20170725,210419000,3275.0,1628,90376,53287000.0,3274.0,4,3273.0,7
rb1805,20170726,20170725,210419500,3275.0,1628,90376,53287000.0,3274.0,4,3273.0,2
rb1805,20170726,20170725,210420000,3275.0,1628,90376,53287000.0,3274.0,4,3273.0,2
rb1805,20170726,20170725,210420500,3275.0,1628,90376,53287000.0,3274.0,4,3273.0,2
rb1805,20170726,20170725,210421000,3275.0,1628,90376,53287000.0,3274.0,4,3273.0,2
rb1805,20170726,20170725,210422000,3274.0,1630,90376,53352480.0,3274.0,3,3273.0,2
rb1805,20170726,20170725,210422500,3274.0,1630,90376,53352480.0,3274.0,3,3273.0,2
rb1805,20170726,20170725,210423500,3274.0,1630,90376,53352480.0,3274.0,3,3273.0,2
rb1805,20170726,20170725,210424000,3273.0,1634,90378,53483400.0,3273.0,1,3272.0,3
rb1805,20170726,20170725,210424500,3273.0,1636,90378,53548860.0,3274.0,6,3272.0,3
rb1805,20170726,20170725,210426000,3273.0,1636,90378,53548860.0,3274.0,6,3272.0,3
rb1805,20170726,20170725,210426500,3273.0,1636,90378,53548860.0,3274.0,6,3272.0,3
rb1805,20170726,20170725,210427000,3273.0,1636,90378,53548860.0,3274.0,6,3272.0,3
rb1805,20170726,20170725,210428000,3274.0,1638,90378,53614340.0,3274.0,10,3272.0,3
rb1805,20170726,20170725,210428500,3274.0,1638,90378,53614340.0,3274.0,10,3272.0,5
rb1805,20170726,20170725,210429500,3274.0,1638,90378,53614340.0,3274.0,10,3272.0,7
rb1805,20170726,20170725,210430000,3274.0,1638,90378,53614340.0,3274.0,5,3273.0,1
rb1805,20170726,20170725,210430500,3274.0,1638,90378,53614340.0,3274.0,5,3273.0,1
rb1805,20170726,20170725,210431000,3274.0,1638,90378,53614340.0,3274.0,5,3273.0,1
rb1805,20170726,20170725,210431500,3274.0,1642,90376,53745300.0,3274.0,3,3273.0,1
rb1805,20170726,20170725,210432000,3275.0,1650,90376,54007240.0,3275.0,37,3273.0,4
rb1805,20170726,20170725,210432500,3275.0,1650,90376,54007240.0,3274.0,1,3273.0,4
rb1805,20170726,20170725,210433000,3273.0,1666,90370,54530920.0,3273.0,92,3272.0,3
rb1805,20170726,20170725,210433500,3273.0,1682,90360,55054600.0,3273.0,84,3272.0,3
rb1805,20170726,20170725,210434000,3273.0,1704,90340,55774660.0,3273.0,73,3272.0,9
rb1805,20170726,20170725,210434500,3273.0,1704,90340,55774660.0,3273.0,73,3272.0,13
rb1805,20170726,20170725,210435000,3273.0,1708,90340,55905580.0,3273.0,71,3272.0,14
rb1805,20170726,20170725,210435500,3273.0,1708,90340,55905580.0,3273.0,71,3272.0,15
rb1805,20170726,20170725,210436000,3273.0,1712,90340,56036500.0,3273.0,69,3272.0,15
rb1805,20170726,20170725,210436500,3273.0,1716,90340,56167420.0,3273.0,67,3272.0,15
rb1805,20170726,20170725,210437000,3273.0,1724,90340,56429260.0,3273.0,63,3272.0,15
rb1805,20170726,20170725,210437500,3273.0,1726,90340,56494720.0,3273.0,67,3272.0,14
rb1805,20170726,20170725,210439000,3273.0,1726,90340,56494720.0,3273.0,67,3272.0,24
rb1805,20170726,20170725,210439500,3272.0,1730,90340,56625620.0,3273.0,66,3272.0,23
rb1805,20170726,20170725,210440000,3272.0,1730,90340,56625620.0,3273.0,66,3272.0,23
rb1805,20170726,20170725,210441000,3272.0,1730,90340,56625620.0,3273.0,66,3272.0,23
rb1805,20170726,20170725,210441500,3272.0,1732,90340,56691060.0,3273.0,66,3272.0,22
rb1805,20170726,20170725,210442000,3272.0,1732,90340,56691060.0,3273.0,66,3272.0,23
rb1805,20170726,20170725,210443000,3272.0,1732,90340,56691060.0,3273.0,66,3272.0,23
rb1805,20170726,20170725,210443500,3273.0,1748,90348,57214600.0,3273.0,68,3272.0,16
rb1805,20170726,20170725,210444000,3272.0,1780,90344,58261640.0,3273.0,68,3271.0,21
rb1805,20170726,20170725,210445000,3273.0,1782,90344,58327100.0,3273.0,67,3271.0,21
rb1805,20170726,20170725,210446000,3271.0,1784,90344,58392520.0,3272.0,1,3271.0,20
rb1805,20170726,20170725,210446500,3271.0,1784,90344,58392520.0,3272.0,9,3271.0,20
rb1805,20170726,20170725,210447000,3271.0,1784,90344,58392520.0,3272.0,9,3271.0,20
rb1805,20170726,20170725,210447500,3271.0,1788,90342,58523360.0,3272.0,9,3271.0,18
rb1805,20170726,20170725,210448000,3271.0,1810,90320,59242980.0,3272.0,9,3271.0,7
rb1805,20170726,20170725,210448500,3271.0,1824,90308,59700920.0,3272.0,9,3270.0,17
rb1805,20170726,20170725,210449000,3271.0,1824,90308,59700920.0,3272.0,9,3270.0,17
rb1805,20170726,20170725,210449500,3271.0,1824,90308,59700920.0,3272.0,9,3271.0,2
rb1805,20170726,20170725,210450000,3271.0,1824,90308,59700920.0,3272.0,4,3271.0,2
rb1805,20170726,20170725,210450500,3271.0,1824,90308,59700920.0,3272.0,1,3271.0,2
rb1805,20170726,20170725,210451000,3271.0,1824,90308,59700920.0,3272.0,1,3271.0,8
rb1805,20170726,20170725,210451500,3272.0,1826,90308,59766360.0,3273.0,67,3271.0,8
rb1805,20170726,20170725,210452000,3273.0,1838,90308,60159120.0,3272.0,1,3271.0,8
rb1805,20170726,20170725,210452500,3272.0,1840,90308,60224560.0,3273.0,61,3271.0,8
rb1805,20170726,20170725,210453000,3272.0,1840,90308,60224560.0,3273.0,61,3271.0,8
rb1805,20170726,20170725,210454000,3272.0,1840,90308,60224560.0,3273.0,61,3271.0,8
rb1805,20170726,20170725,210455500,3273.0,1848,90308,60486400.0,3273.0,57,3271.0,8
rb1805,20170726,20170725,210456000,3273.0,1848,90308,60486400.0,3273.0,57,3271.0,8
rb1805,20170726,20170725,210456500,3273.0,1848,90308,60486400.0,3273.0,57,3271.0,8
rb1805,20170726,20170725,210457000,3273.0,1848,90308,60486400.0,3273.0,57,3271.0,8
rb1805,20170726,20170725,210457500,3273.0,1848,90308,60486400.0,3273.0,57,3272.0,50
rb1805,20170726,20170725,210458500,3273.0,1848,90308,60486400.0,3273.0,52,3272.0,50
rb1805,20170726,20170725,210459000,3273.0,1848,90308,60486400.0,3273.0,52,3272.0,50
rb1805,20170726,20170725,210500000,3273.0,1848,90308,60486400.0,3273.0,52,3272.0,50
rb1805,20170726,20170725,210501000,3273.0,1850,90308,60551860.0,3273.0,51,3272.0,50
rb1805,20170726,20170725,210501500,3273.0,1852,90308,60617320.0,3273.0,50,3272.0,50
rb1805,20170726,20170725,210502000,3273.0,1852,90308,60617320.0,3273.0,50,3272.0,50
rb1805,20170726,20170725,210502500,3273.0,1852,90308,60617320.0,3273.0,51,3272.0,50
rb1805,20170726,20170725,210503000,3272.0,1874,90310,61337160.0,3273.0,51,3272.0,39
rb1805,20170726,20170725,210503500,3272.0,1874,90310,61337160.0,3273.0,51,3272.0,39
rb1805,20170726,20170725,210504000,3272.0,1874,90310,61337160.0,3273.0,48,3272.0,44
rb1805,20170726,20170725,210505500,3272.0,1874,90310,61337160.0,3273.0,51,3272.0,39
rb1805,20170726,20170725,210506000,3273.0,1890,90316,61860780.0,3273.0,51,3272.0,36
rb1805,20170726,20170725,210506500,3273.0,1892,90316,61926240.0,3273.0,50,3272.0,36
rb1805,20170726,20170725,210507000,3272.0,1898,90316,62122560.0,3273.0,50,3272.0,33
rb1805,20170726,20170725,210507500,3272.0,1908,90322,62449760.0,3273.0,50,3272.0,28
rb1805,20170726,20170725,210509500,3272.0,1908,90322,62449760.0,3273.0,50,3272.0,28
rb1805,20170726,20170725,210510500,3272.0,1908,90322,62449760.0,3273.0,50,3272.0,28
rb1805,20170726,20170725,210511000,3272.0,1908,90322,62449760.0,3273.0,50,3272.0,28
rb1805,20170726,20170725,210512000,3272.0,1908,90322,62449760.0,3273.0,50,3272.0,28
rb1805,20170726,20170725,210512500,3273.0,1928,90322,63104360.0,3273.0,40,3272.0,28
rb1805,20170726,20170725,210513000,3273.0,1928,90322,63104360.0,3273.0,40,3272.0,28
rb1805,20170726,20170725,210513500,3273.0,1928,90322,63104360.0,3273.0,40,3272.0,28
rb1805,20170726,20170725,210515000,3273.0,1928,90322,63104360.0,3273.0,40,3272.0,28
rb1805,20170726,20170725,210516000,3272.0,1930,90322,63169800.0,3273.0,40,3272.0,27
rb1805,20170726,20170725,210516500,3272.0,1972,90342,64544040.0,3273.0,40,3272.0,6
rb1805,20170726,20170725,210517000,3272.0,1984,90348,64936680.0,3272.0,14,3271.0,8
rb1805,20170726,20170725,210517500,3272.0,1984,90348,64936680.0,3273.0,40,3271.0,3
rb1805,20170726,20170725,210518000,3271.0,1990,90352,65132940.0,3271.0,3,3270.0,17
rb1805,20170726,20170725,210518500,3271.0,1990,90352,65132940.0,3271.0,3,3270.0,17
rb1805,20170726,20170725,210519000,3270.0,1992,90352,65198340.0,3272.0,5,3270.0,16
rb1805,20170726,20170725,210520000,3270.0,1992,90352,65198340.0,3273.0,41,3270.0,22
rb1805,20170726,20170725,210520500,3270.0,1994,90352,65263740.0,3273.0,41,3270.0,21
rb1805,20170726,20170725,210521000,3273.0,1996,90352,65329200.0,3272.0,3,3271.0,2
rb1805,20170726,20170725,210521500,3273.0,1996,90352,65329200.0,3272.0,4,3271.0,2
rb1805,20170726,20170725,210522000,3273.0,1996,90352,65329200.0,3272.0,4,3271.0,2
rb1805,20170726,20170725,210522500,3273.0,1996,90352,65329200.0,3272.0,28,3271.0,2
rb1805,20170726,20170725,210523000,3273.0,1996,90352,65329200.0,3272.0,33,3271.0,2
rb1805,20170726,20170725,210524000,3273.0,1996,90352,65329200.0,3272.0,33,3271.0,2
rb1805,20170726,20170725,210524500,3271.0,2000,90356,65460040.0,3271.0,2,3270.0,21
rb1805,20170726,20170725,210525000,3270.0,2002,90356,65525440.0,3272.0,33,3270.0,20
rb1805,20170726,20170725,210525500,3272.0,2004,90354,65590880.0,3272.0,32,3270.0,20
rb1805,20170726,20170725,210526000,3272.0,2004,90354,65590880.0,3272.0,27,3270.0,20
rb1805,20170726,20170725,210526500,3270.0,2006,90356,65656280.0,3272.0,27,3270.0,19
rb1805,20170726,20170725,210528000,3270.0,2006,90356,65656280.0,3272.0,32,3270.0,19
rb1805,20170726,20170725,210528500,3270.0,2006,90356,65656280.0,3272.0,33,3270.0,19
rb1805,20170726,20170725,210529000,3270.0,2006,90356,65656280.0,3272.0,28,3270.0,19
rb1805,20170726,20170725,210529500,3270.0,2006,90356,65656280.0,3271.0,4,3270.0,14
rb1805,20170726,20170725,210530000,3270.0,2008,90358,65721680.0,3271.0,5,3270.0,13
rb1805,20170726,20170725,210530500,3270.0,2020,90362,66114080.0,3271.0,5,3270.0,7
rb1805,20170726,20170725,210531000,3270.0,2020,90362,66114080.0,3271.0,5,3270.0,7
rb1805,20170726,20170725,210531500,3270.0,2024,90364,66244900.0,3271.0,4,3270.0,6
rb1805,20170726,20170725,210532000,3270.0,2024,90364,66244900.0,3271.0,3,3270.0,6
rb1805,20170726,20170725,210532500,3270.0,2024,90364,66244900.0,3271.0,3,3270.0,6
rb1805,20170726,20170725,210533000,3270.0,2024,90364,66244900.0,3271.0,4,3270.0,6
rb1805,20170726,20170725,210533500,3270.0,2026,90366,66310300.0,3271.0,4,3270.0,5
rb1805,20170726,20170725,210534000,3271.0,2032,90362,66506560.0,3271.0,1,3270.0,5
rb1805,20170726,20170725,210534500,3270.0,2036,90362,66637360.0,3271.0,1,3270.0,3
rb1805,20170726,20170725,210535000,3270.0,2036,90362,66637360.0,3271.0,6,3270.0,3
rb1805,20170726,20170725,210535500,3270.0,2036,90362,66637360.0,3271.0,6,3270.0,3
rb1805,20170726,20170725,210536000,3270.0,2038,90364,66702760.0,3271.0,6,3270.0,2
rb1805,20170726,20170725,210536500,3270.0,2038,90364,66702760.0,3271.0,6,3270.0,2
rb1805,20170726,20170725,210537000,3270.0,2042,90364,66833560.0,3270.0,4,3268.0,200
rb1805,20170726,20170725,210537500,3270.0,2044,90364,66898960.0,3270.0,4,3269.0,2
rb1805,20170726,20170725,210538000,3270.0,2044,90364,66898960.0,3270.0,4,3269.0,7
rb1805,20170726,20170725,210538500,3270.0,2044,90364,66898960.0,3270.0,4,3269.0,10
rb1805,20170726,20170725,210539000,3270.0,2052,90356,67160560.0,3271.0,6,3270.0,5
rb1805,20170726,20170725,210539500,3270.0,2052,90356,67160560.0,3271.0,1,3270.0,8
rb1805,20170726,20170725,210540000,3271.0,2054,90356,67225980.0,3272.0,34,3271.0,3
rb1805,20170726,20170725,210540500,3271.0,2054,90356,67225980.0,3272.0,29,3270.0,8
rb1805,20170726,20170725,210541000,3271.0,2054,90356,67225980.0,3272.0,29,3270.0,8
rb1805,20170726,20170725,210542000,3270.0,2056,90356,67291380.0,3272.0,29,3270.0,7
rb1805,20170726,20170725,210543500,3270.0,2058,90356,67356780.0,3272.0,29,3270.0,6
rb1805,20170726,20170725,210544500,3270.0,2058,90356,67356780.0,3272.0,29,3270.0,6
rb1805,20170726,20170725,210545000,3272.0,2060,90356,67422220.0,3272.0,28,3270.0,6
rb1805,20170726,20170725,210546000,3270.0,2062,90354,67487620.0,3272.0,28,3270.0,5
rb1805,20170726,20170725,210546500,3270.0,2064,90356,67553020.0,3272.0,31,3270.0,7
rb1805,20170726,20170725,210547000,3270.0,2064,90356,67553020.0,3272.0,33,3270.0,4
rb1805,20170726,20170725,210547500,3270.0,2064,90356,67553020.0,3272.0,38,3270.0,4
rb1805,20170726,20170725,210548000,3270.0,2064,90356,67553020.0,3272.0,38,3270.0,4
rb1805,20170726,20170725,210548500,3272.0,2070,90350,67749340.0,3272.0,36,3270.0,4
rb1805,20170726,20170725,210549000,3272.0,2070,90350,67749340.0,3272.0,36,3270.0,7
rb1805,20170726,20170725,210549500,3272.0,2070,90350,67749340.0,3272.0,36,3270.0,4
rb1805,20170726,20170725,210550000,3270.0,2072,90352,67814740.0,3272.0,28,3270.0,6
rb1805,20170726,20170725,210550500,3270.0,2072,90352,67814740.0,3272.0,31,3270.0,6
rb1805,20170726,20170725,210551000,3270.0,2072,90352,67814740.0,3272.0,31,3270.0,6
rb1805,20170726,20170725,210552000,3270.0,2072,90352,67814740.0,3272.0,31,3270.0,3
rb1805,20170726,20170725,210552500,3270.0,2072,90352,67814740.0,3272.0,30,3270.0,3
rb1805,20170726,20170725,210553000,3270.0,2072,90352,67814740.0,3271.0,3,3270.0,3
rb1805,20170726,20170725,210553500,3270.0,2072,90352,67814740.0,3271.0,3,3269.0,9
rb1805,20170726,20170725,210554500,3270.0,2074,90352,67880140.0,3271.0,3,3269.0,9
rb1805,20170726,20170725,210555000,3270.0,2074,90352,67880140.0,3272.0,35,3269.0,9
rb1805,20170726,20170725,210556500,3269.0,2096,90358,68599360.0,3269.0,4,3268.0,207
rb1805,20170726,20170725,210557000,3269.0,2104,90360,68860880.0,3272.0,37,3269.0,12
rb1805,20170726,20170725,210557500,3269.0,2104,90360,68860880.0,3272.0,35,3269.0,4
rb1805,20170726,20170725,210558000,3269.0,2104,90360,68860880.0,3272.0,35,3270.0,1
rb1805,20170726,20170725,210558500,3269.0,2104,90360,68860880.0,3272.0,35,3270.0,1
rb1805,20170726,20170725,210559000,3269.0,2104,90360,68860880.0,3272.0,35,3270.0,1
rb1805,20170726,20170725,210559500,3269.0,2104,90360,68860880.0,3272.0,35,3270.0,1
rb1805,20170726,20170725,210600500,3269.0,2104,90360,68860880.0,3272.0,31,3270.0,1
rb1805,20170726,20170725,210601000,3269.0,2104,90360,68860880.0,3272.0,28,3270.0,1
rb1805,20170726,20170725,210601500,3269.0,2104,90360,68860880.0,3272.0,28,3271.0,4
rb1805,20170726,20170725,210602000,3271.0,2138,90328,69973340.0,3272.0,12,3271.0,4
rb1805,20170726,20170725,210602500,3271.0,2138,90328,69973340.0,3272.0,12,3271.0,3
rb1805,20170726,20170725,210603000,3271.0,2138,90328,69973340.0,3272.0,12,3271.0,3
rb1805,20170726,20170725,210603500,3271.0,2138,90328,69973340.0,3272.0,12,3271.0,3
rb1805,20170726,20170725,210604000,3271.0,2162,90328,70758600.0,3272.0,1,3271.0,2
rb1805,20170726,20170725,210604500,3271.0,2162,90328,70758600.0,3272.0,1,3271.0,2
rb1805,20170726,20170725,210605000,3271.0,2162,90328,70758600.0,3272.0,1,3271.0,2
rb1805,20170726,20170725,210605500,3271.0,2162,90328,70758600.0,3272.0,1,3271.0,2
rb1805,20170726,20170725,210606000,3272.0,2164,90330,70824040.0,3273.0,33,3271.0,2
rb1805,20170726,20170725,210606500,3272.0,2164,90330,70824040.0,3273.0,33,3271.0,2
rb1805,20170726,20170725,210607000,3272.0,2164,90330,70824040.0,3273.0,33,3272.0,2
rb1805,20170726,20170725,210607500,3272.0,2164,90330,70824040.0,3273.0,33,3272.0,3
rb1805,20170726,20170725,210610500,3272.0,2164,90330,70824040.0,3273.0,33,3272.0,3
rb1805,20170726,20170725,210611000,3273.0,2166,90330,70889500.0,3273.0,32,3272.0,3
rb1805,20170726,20170725,210611500,3272.0,2168,90332,70954940.0,3273.0,32,3272.0,2
rb1805,20170726,20170725,210612000,3272.0,2168,90332,70954940.0,3273.0,32,3272.0,2
rb1805,20170726,20170725,210613500,3273.0,2178,90332,71282240.0,3273.0,27,3272.0,2
rb1805,20170726,20170725,210615000,3272.0,2180,90332,71347680.0,3273.0,27,3272.0,2
rb1805,20170726,20170725,210615500,3272.0,2180,90332,71347680.0,3273.0,27,3272.0,3
rb1805,20170726,20170725,210616000,3273.0,2186,90332,71544060.0,3273.0,24,3272.0,3
rb1805,20170726,20170725,210617500,3272.0,2188,90332,71609500.0,3273.0,24,3272.0,2
rb1805,20170726,20170725,210618000,3272.0,2188,90332,71609500.0,3273.0,24,3272.0,2
rb1805,20170726,20170725,210618500,3273.0,2190,90330,71674960.0,3273.0,23,3272.0,2
rb1805,20170726,20170725,210619000,3275.0,2256,90336,73835540.0,3276.0,7,3275.0,5
rb1805,20170726,20170725,210619500,3275.0,2280,90358,74621540.0,3276.0,6,3275.0,3
rb1805,20170726,20170725,210620000,3275.0,2286,90364,74818040.0,3275.0,3,3273.0,3
rb1805,20170726,20170725,210620500,3275.0,2286,90364,74818040.0,3275.0,3,3273.0,3
rb1805,20170726,20170725,210621000,3275.0,2286,90364,74818040.0,3275.0,3,3273.0,3
rb1805,20170726,20170725,210621500,3275.0,2286,90364,74818040.0,3275.0,3,3273.0,3
rb1805,20170726,20170725,210622000,3275.0,2286,90364,74818040.0,3275.0,3,3273.0,12
rb1805,20170726,20170725,210622500,3275.0,2292,90370,75014540.0,3276.0,6,3273.0,12
rb1805,20170726,20170725,210623000,3275.0,2292,90370,75014540.0,3276.0,11,3273.0,12
rb1805,20170726,20170725,210624000,3275.0,2292,90370,75014540.0,3276.0,11,3273.0,12
rb1805,20170726,20170725,210624500,3275.0,2292,90370,75014540.0,3276.0,11,3275.0,10
rb1805,20170726,20170725,210625000,3275.0,2294,90372,75080040.0,3276.0,6,3275.0,9
rb1805,20170726,20170725,210625500,3275.0,2294,90372,75080040.0,3276.0,6,3275.0,9
rb1805,20170726,20170725,210626000,3276.0,2306,90360,75473160.0,3277.0,7,3276.0,12
rb1805,20170726,20170725,210626500,3277.0,2320,90364,75931940.0,3278.0,86,3276.0,6
rb1805,20170726,20170725,210627000,3276.0,2322,90362,75997460.0,3278.0,81,3276.0,5
rb1805,20170726,20170725,210627500,3276.0,2322,90362,75997460.0,3278.0,81,3276.0,5
rb1805,20170726,20170725,210629000,3276.0,2322,90362,75997460.0,3278.0,81,3276.0,5
rb1805,20170726,20170725,210629500,3276.0,2322,90362,75997460.0,3278.0,87,3276.0,5
rb1805,20170726,20170725,210630500,3276.0,2328,90362,76194020.0,3277.0,1,3276.0,2
rb1805,20170726,20170725,210631000,3276.0,2332,90358,76325060.0,3276.0,4,3275.0,9
rb1805,20170726,20170725,210631500,3276.0,2332,90358,76325060.0,3276.0,4,3275.0,9
rb1805,20170726,20170725,210632500,3276.0,2332,90358,76325060.0,3276.0,10,3275.0,9
rb1805,20170726,20170725,210633000,3276.0,2332,90358,76325060.0,3276.0,9,3275.0,9
rb1805,20170726,20170725,210633500,3275.0,2336,90360,76456060.0,3276.0,9,3275.0,7
rb1805,20170726,20170725,210634000,3276.0,2338,90360,76521580.0,3276.0,8,3275.0,7
rb1805,20170726,20170725,210634500,3276.0,2338,90360,76521580.0,3276.0,3,3275.0,7
rb1805,20170726,20170725,210636000,3276.0,2338,90360,76521580.0,3276.0,3,3275.0,7
rb1805,20170726,20170725,210636500,3276.0,2344,90360,76718140.0,3277.0,7,3276.0,3
rb1805,20170726,20170725,210637000,3276.0,2344,90360,76718140.0,3277.0,2,3275.0,8
rb1805,20170726,20170725,210637500,3276.0,2344,90360,76718140.0,3277.0,2,3275.0,8
rb1805,20170726,20170725,210638500,3276.0,2344,90360,76718140.0,3277.0,2,3275.0,8
rb1805,20170726,20170725,210639000,3276.0,2344,90360,76718140.0,3277.0,2,3275.0,8
rb1805,20170726,20170725,210639500,3276.0,2344,90360,76718140.0,3277.0,2,3275.0,8
rb1805,20170726,20170725,210640000,3276.0,2344,90360,76718140.0,3277.0,2,3275.0,9
rb1805,20170726,20170725,210641000,3275.0,2346,90362,76783640.0,3277.0,2,3275.0,8
rb1805,20170726,20170725,210641500,3275.0,2348,90362,76849140.0,3277.0,3,3275.0,7
rb1805,20170726,20170725,210642000,3275.0,2348,90362,76849140.0,3277.0,3,3275.0,10
rb1805,20170726,20170725,210643500,3275.0,2348,90362,76849140.0,3277.0,3,3275.0,10
rb1805,20170726,20170725,210645500,3277.0,2352,90366,76980220.0,3277.0,1,3275.0,10
rb1805,20170726,20170725,210646000,3277.0,2352,90366,76980220.0,3277.0,6,3275.0,10
rb1805,20170726,20170725,210647500,3277.0,2354,90366,77045760.0,3276.0,1,3275.0,11
rb1805,20170726,20170725,210648000,3276.0,2356,90364,77111280.0,3278.0,85,3276.0,1
rb1805,20170726,20170725,210648500,3276.0,2356,90364,77111280.0,3278.0,85,3275.0,11
rb1805,20170726,20170725,210649500,3276.0,2356,90364,77111280.0,3278.0,85,3275.0,12
rb1805,20170726,20170725,210650500,3276.0,2356,90364,77111280.0,3278.0,85,3275.0,11
rb1805,20170726,20170725,210651000,3276.0,2356,90364,77111280.0,3278.0,85,3276.0,5
rb1805,20170726,20170725,210651500,3278.0,2358,90364,77176840.0,3278.0,84,3276.0,5
rb1805,20170726,20170725,210652500,3278.0,2358,90364,77176840.0,3278.0,84,3276.0,3
rb1805,20170726,20170725,210653000,3278.0,2358,90364,77176840.0,3277.0,1,3276.0,3
rb1805,20170726,20170725,210653500,3278.0,2362,90362,77307940.0,3278.0,83,3277.0,1
rb1805,20170726,20170725,210654000,3278.0,2364,90362,77373500.0,3278.0,82,3276.0,27
rb1805,20170726,20170725,210654500,3278.0,2380,90362,77897980.0,3278.0,74,3276.0,27
rb1805,20170726,20170725,210656000,3278.0,2450,90364,80192580.0,3278.0,39,3277.0,1
rb1805,20170726,20170725,210656500,3278.0,2518,90298,82421620.0,3279.0,54,3278.0,7
rb1805,20170726,20170725,210657000,3279.0,2532,90308,82880660.0,3279.0,47,3278.0,7
rb1805,20170726,20170725,210657500,3279.0,2532,90308,82880660.0,3279.0,47,3278.0,7
rb1805,20170726,20170725,210658000,3279.0,2532,90308,82880660.0,3279.0,47,3278.0,7
rb1805,20170726,20170725,210658500,3279.0,2532,90308,82880660.0,3279.0,47,3278.0,7
rb1805,20170726,20170725,210659500,3279.0,2532,90308,82880660.0,3279.0,47,3278.0,8
rb1805,20170726,20170725,210700000,3279.0,2532,90308,82880660.0,3279.0,47,3278.0,9
rb1805,20170726,20170725,210701500,3279.0,2540,90310,83142980.0,3279.0,43,3278.0,9
rb1805,20170726,20170725,210702000,3279.0,2556,90310,83667620.0,3279.0,36,3278.0,9
rb1805,20170726,20170725,210702500,3278.0,2564,90314,83929920.0,3279.0,33,3278.0,8
rb1805,20170726,20170725,210703000,3278.0,2566,90312,83995480.0,3279.0,33,3278.0,8
rb1805,20170726,20170725,210704000,3278.0,2570,90310,84126600.0,3279.0,33,3278.0,6
rb1805,20170726,20170725,210704500,3278.0,2570,90310,84126600.0,3279.0,33,3278.0,6
rb1805,20170726,20170725,210705000,3278.0,2570,90310,84126600.0,3279.0,33,3278.0,6
rb1805,20170726,20170725,210705500,3278.0,2572,90308,84192160.0,3279.0,33,3278.0,5
rb1805,20170726,20170725,210706000,3278.0,2572,90308,84192160.0,3279.0,33,3278.0,5
rb1805,20170726,20170725,210706500,3278.0,2572,90308,84192160.0,3279.0,33,3278.0,6
rb1805,20170726,20170725,210707000,3279.0,2574,90310,84257740.0,3279.0,32,3278.0,6
rb1805,20170726,20170725,210707500,3279.0,2574,90310,84257740.0,3279.0,32,3278.0,6
rb1805,20170726,20170725,210708000,3279.0,2574,90310,84257740.0,3279.0,32,3278.0,6
rb1805,20170726,20170725,210708500,3278.0,2576,90310,84323300.0,3279.0,32,3278.0,7
rb1805,20170726,20170725,210709000,3278.0,2576,90310,84323300.0,3279.0,32,3278.0,7
rb1805,20170726,20170725,210709500,3279.0,2582,90312,84520000.0,3279.0,31,3278.0,4
rb1805,20170726,20170725,210712500,3278.0,2584,90310,84585560.0,3279.0,31,3278.0,3
rb1805,20170726,20170725,210713000,3279.0,2586,90310,84651140.0,3279.0,30,3278.0,4
rb1805,20170726,20170725,210713500,3279.0,2586,90310,84651140.0,3279.0,30,3278.0,4
rb1805,20170726,20170725,210714000,3278.0,2594,90316,84913440.0,3279.0,27,3278.0,3
rb1805,20170726,20170725,210714500,3278.0,2594,90316,84913440.0,3279.0,27,3278.0,3
rb1805,20170726,20170725,210715500,3278.0,2594,90316,84913440.0,3279.0,28,3278.0,3
rb1805,20170726,20170725,210716000,3278.0,2594,90316,84913440.0,3279.0,28,3278.0,3
rb1805,20170726,20170725,210717000,3278.0,2594,90316,84913440.0,3279.0,29,3278.0,3
rb1805,20170726,20170725,210718000,3278.0,2594,90316,84913440.0,3279.0,29,3278.0,3
rb1805,20170726,20170725,210718500,3278.0,2598,90314,85044560.0,3278.0,3,3276.0,6
rb1805,20170726,20170725,210719000,3278.0,2600,90312,85110120.0,3278.0,2,3277.0,3
rb1805,20170726,20170725,210719500,3279.0,2610,90318,85437980.0,3279.0,26,3277.0,3
rb1805,20170726,20170725,210720000,3279.0,2614,90322,85569140.0,3279.0,24,3277.0,3
rb1805,20170726,20170725,210720500,3278.0,2616,90322,85634700.0,3279.0,27,3277.0,3
rb1805,20170726,20170725,210721000,3278.0,2616,90322,85634700.0,3279.0,27,3277.0,3
rb1805,20170726,20170725,210724500,3278.0,2616,90322,85634700.0,3279.0,27,3277.0,3
rb1805,20170726,20170725,210725000,3278.0,2616,90322,85634700.0,3279.0,27,3277.0,3
rb1805,20170726,20170725,210725500,3278.0,2616,90322,85634700.0,3279.0,27,3277.0,3
rb1805,20170726,20170725,210726000,3278.0,2616,90322,85634700.0,3278.0,1,3277.0,3
rb1805,20170726,20170725,210727000,3278.0,2616,90322,85634700.0,3278.0,1,3277.0,3
rb1805,20170726,20170725,210727500,3278.0,2616,90322,85634700.0,3278.0,1,3277.0,3
rb1805,20170726,20170725,210728000,3278.0,2616,90322,85634700.0,3278.0,6,3277.0,3
rb1805,20170726,20170725,210728500,3278.0,2616,90322,85634700.0,3278.0,6,3276.0,3
rb1805,20170726,20170725,210729000,3278.0,2616,90322,85634700.0,3278.0,6,3276.0,6
rb1805,20170726,20170725,210729500,3278.0,2616,90322,85634700.0,3278.0,6,3276.0,3
rb1805,20170726,20170725,210730000,3278.0,2616,90322,85634700.0,3278.0,7,3276.0,3
rb1805,20170726,20170725,210730500,3278.0,2618,90324,85700260.0,3278.0,6,3276.0,3
rb1805,20170726,20170725,210731000,3278.0,2618,90324,85700260.0,3278.0,5,3276.0,3
rb1805,20170726,20170725,210735000,3278.0,2628,90314,86028060.0,3279.0,27,3276.0,3
rb1805,20170726,20170725,210735500,3277.0,2630,90312,86093600.0,3277.0,1,3276.0,6
rb1805,20170726,20170725,210736000,3277.0,2630,90312,86093600.0,3277.0,1,3276.0,10
rb1805,20170726,20170725,210736500,3277.0,2630,90312,86093600.0,3277.0,1,3276.0,7
rb1805,20170726,20170725,210737000,3277.0,2630,90312,86093600.0,3277.0,1,3276.0,10
rb1805,20170726,20170725,210737500,3277.0,2632,90312,86159140.0,3279.0,32,3276.0,10
rb1805,20170726,20170725,210738000,3277.0,2632,90312,86159140.0,3279.0,32,3276.0,13
rb1805,20170726,20170725,210738500,3277.0,2632,90312,86159140.0,3279.0,32,3277.0,2
rb1805,20170726,20170725,210739000,3277.0,2632,90312,86159140.0,3279.0,32,3277.0,2
rb1805,20170726,20170725,210739500,3277.0,2632,90312,86159140.0,3279.0,31,3277.0,22
rb1805,20170726,20170725,210740000,3277.0,2632,90312,86159140.0,3279.0,31,3277.0,23
rb1805,20170726,20170725,210741500,3277.0,2632,90312,86159140.0,3279.0,31,3277.0,23
rb1805,20170726,20170725,210742000,3277.0,2632,90312,86159140.0,3279.0,31,3277.0,23
rb1805,20170726,20170725,210742500,3277.0,2634,90314,86224680.0,3279.0,31,3277.0,22
rb1805,20170726,20170725,210743000,3277.0,2634,90314,86224680.0,3279.0,31,3277.0,22
rb1805,20170726,20170725,210743500,3277.0,2634,90314,86224680.0,3279.0,31,3277.0,22
rb1805,20170726,20170725,210744000,3277.0,2634,90314,86224680.0,3279.0,32,3277.0,22
rb1805,20170726,20170725,210744500,3277.0,2634,90314,86224680.0,3279.0,32,3277.0,22
rb1805,20170726,20170725,210745000,3277.0,2634,90314,86224680.0,3278.0,2,3277.0,22
rb1805,20170726,20170725,210746000,3277.0,2634,90314,86224680.0,3278.0,3,3277.0,22
rb1805,20170726,20170725,210747500,3277.0,2634,90314,86224680.0,3278.0,8,3277.0,22
rb1805,20170726,20170725,210748500,3277.0,2634,90314,86224680.0,3278.0,8,3277.0,22
rb1805,20170726,20170725,210749000,3277.0,2634,90314,86224680.0,3278.0,13,3277.0,22
rb1805,20170726,20170725,210750000,3277.0,2640,90316,86421300.0,3278.0,13,3277.0,20
rb1805,20170726,20170725,210750500,3277.0,2640,90316,86421300.0,3278.0,13,3277.0,20
rb1805,20170726,20170725,210751000,3277.0,2656,90300,86945620.0,3278.0,13,3277.0,12
rb1805,20170726,20170725,210751500,3277.0,2656,90300,86945620.0,3278.0,13,3277.0,2
rb1805,20170726,20170725,210752000,3277.0,2656,90300,86945620.0,3278.0,8,3277.0,2
rb1805,20170726,20170725,210752500,3277.0,2656,90300,86945620.0,3278.0,10,3277.0,2
rb1805,20170726,20170725,210753000,3277.0,2656,90300,86945620.0,3278.0,10,3277.0,2
rb1805,20170726,20170725,210754500,3277.0,2658,90300,87011160.0,3278.0,10,3277.0,1
rb1805,20170726,20170725,210755000,3277.0,2660,90302,87076700.0,3277.0,3,3276.0,6
rb1805,20170726,20170725,210755500,3277.0,2660,90302,87076700.0,3278.0,11,3276.0,6
rb1805,20170726,20170725,210756000,3277.0,2660,90302,87076700.0,3278.0,11,3277.0,4
rb1805,20170726,20170725,210758000,3277.0,2660,90302,87076700.0,3278.0,14,3277.0,4
rb1805,20170726,20170725,210758500,3277.0,2660,90302,87076700.0,3278.0,14,3277.0,4
rb1805,20170726,20170725,210759000,3277.0,2660,90302,87076700.0,3278.0,16,3277.0,4
rb1805,20170726,20170725,210801000,3277.0,2660,90302,87076700.0,3278.0,16,3277.0,4
rb1805,20170726,20170725,210803000,3277.0,2660,90302,87076700.0,3278.0,16,3277.0,4
rb1805,20170726,20170725,210805000,3277.0,2660,90302,87076700.0,3278.0,16,3277.0,4
rb1805,20170726,20170725,210806000,3277.0,2660,90302,87076700.0,3278.0,16,3277.0,4
rb1805,20170726,20170725,210806500,3277.0,2660,90302,87076700.0,3278.0,16,3277.0,4
rb1805,20170726,20170725,210807500,3277.0,2660,90302,87076700.0,3278.0,16,3277.0,4
rb1805,20170726,20170725,210808500,3277.0,2660,90302,87076700.0,3278.0,16,3277.0,4
rb1805,20170726,20170725,210810000,3277.0,2662,90302,87142240.0,3278.0,16,3277.0,3
rb1805,20170726,20170725,210811000,3277.0,2662,90302,87142240.0,3278.0,16,3277.0,3
rb1805,20170726,20170725,210812500,3277.0,2664,90304,87207780.0,3278.0,16,3277.0,2
rb1805,20170726,20170725,210813500,3277.0,2664,90304,87207780.0,3278.0,21,3277.0,2
rb1805,20170726,20170725,210814000,3277.0,2666,90306,87273320.0,3278.0,16,3277.0,1
rb1805,20170726,20170725,210815000,3277.0,2666,90306,87273320.0,3278.0,16,3277.0,1
rb1805,20170726,20170725,210815500,3277.0,2668,90306,87338860.0,3277.0,2,3276.0,2
rb1805,20170726,20170725,210816000,3277.0,2668,90306,87338860.0,3277.0,2,3276.0,5
rb1805,20170726,20170725,210816500,3277.0,2672,90308,87469940.0,3278.0,16,3276.0,5
rb1805,20170726,20170725,210817000,3277.0,2672,90308,87469940.0,3278.0,16,3276.0,8
rb1805,20170726,20170725,210818000,3277.0,2672,90308,87469940.0,3278.0,16,3277.0,3
rb1805,20170726,20170725,210819000,3278.0,2674,90310,87535500.0,3278.0,15,3277.0,3
rb1805,20170726,20170725,210819500,3278.0,2674,90310,87535500.0,3278.0,15,3277.0,3
rb1805,20170726,20170725,210820000,3278.0,2676,90310,87601060.0,3278.0,14,3277.0,3
rb1805,20170726,20170725,210820500,3278.0,2676,90310,87601060.0,3278.0,14,3277.0,3
rb1805,20170726,20170725,210821500,3278.0,2678,90308,87666620.0,3278.0,13,3277.0,3
rb1805,20170726,20170725,210822000,3277.0,2680,90306,87732160.0,3278.0,13,3277.0,3
rb1805,20170726,20170725,210822500,3277.0,2680,90306,87732160.0,3278.0,13,3277.0,3
rb1805,20170726,20170725,210823000,3277.0,2682,90304,87797700.0,3278.0,13,3277.0,2
rb1805,20170726,20170725,210824000,3277.0,2682,90304,87797700.0,3278.0,13,3277.0,2
rb1805,20170726,20170725,210824500,3277.0,2682,90304,87797700.0,3278.0,13,3277.0,2
rb1805,20170726,20170725,210825500,3277.0,2682,90304,87797700.0,3278.0,13,3277.0,2
rb1805,20170726,20170725,210826000,3277.0,2686,90304,87928780.0,3278.0,13,3276.0,9
rb1805,20170726,20170725,210826500,3277.0,2686,90304,87928780.0,3278.0,13,3277.0,3
rb1805,20170726,20170725,210827000,3277.0,2686,90304,87928780.0,3278.0,13,3276.0,9
rb1805,20170726,20170725,210827500,3277.0,2686,90304,87928780.0,3278.0,14,3276.0,9
rb1805,20170726,20170725,210828000,3277.0,2686,90304,87928780.0,3278.0,14,3277.0,3
rb1805,20170726,20170725,210828500,3277.0,2690,90304,88059860.0,3278.0,14,3277.0,3
rb1805,20170726,20170725,210830000,3277.0,2690,90304,88059860.0,3278.0,14,3277.0,5
rb1805,20170726,20170725,210831000,3277.0,2690,90304,88059860.0,3278.0,9,3277.0,6
rb1805,20170726,20170725,210832500,3277.0,2690,90304,88059860.0,3278.0,9,3277.0,6
rb1805,20170726,20170725,210833000,3277.0,2690,90304,88059860.0,3278.0,9,3277.0,6
rb1805,20170726,20170725,210833500,3277.0,2690,90304,88059860.0,3278.0,9,3277.0,3
rb1805,20170726,20170725,210834000,3277.0,2690,90304,88059860.0,3278.0,14,3277.0,3
rb1805,20170726,20170725,210835500,3277.0,2690,90304,88059860.0,3278.0,14,3277.0,1
rb1805,20170726,20170725,210836500,3277.0,2690,90304,88059860.0,3278.0,17,3277.0,1
rb1805,20170726,20170725,210837000,3277.0,2690,90304,88059860.0,3278.0,20,3277.0,1
rb1805,20170726,20170725,210838000,3277.0,2690,90304,88059860.0,3278.0,20,3277.0,1
rb1805,20170726,20170725,210838500,3277.0,2690,90304,88059860.0,3278.0,20,3277.0,1
rb1805,20170726,20170725,210839500,3277.0,2690,90304,88059860.0,3278.0,15,3277.0,1
rb1805,20170726,20170725,210840000,3277.0,2692,90306,88125400.0,3277.0,1,3276.0,10
rb1805,20170726,20170725,210842500,3277.0,2692,90306,88125400.0,3277.0,1,3276.0,10
rb1805,20170726,20170725,210843000,3277.0,2694,90306,88190940.0,3278.0,12,3276.0,10
rb1805,20170726,20170725,210843500,3277.0,2694,90306,88190940.0,3278.0,12,3277.0,3
rb1805,20170726,20170725,210844000,3277.0,2694,90306,88190940.0,3278.0,12,3276.0,10
rb1805,20170726,20170725,210844500,3277.0,2694,90306,88190940.0,3278.0,12,3276.0,10
rb1805,20170726,20170725,210845000,3277.0,2694,90306,88190940.0,3277.0,1,3276.0,10
rb1805,20170726,20170725,210845500,3278.0,2698,90308,88322040.0,3278.0,11,3277.0,4
rb1805,20170726,20170725,210846000,3278.0,2700,90308,88387600.0,3278.0,10,3277.0,1
rb1805,20170726,20170725,210847000,3278.0,2700,90308,88387600.0,3278.0,10,3276.0,10
rb1805,20170726,20170725,210847500,3278.0,2700,90308,88387600.0,3278.0,10,3277.0,2
rb1805,20170726,20170725,210848000,3278.0,2700,90308,88387600.0,3278.0,10,3277.0,3
rb1805,20170726,20170725,210848500,3277.0,2702,90310,88453140.0,3278.0,10,3277.0,2
rb1805,20170726,20170725,210850500,3277.0,2702,90310,88453140.0,3278.0,10,3277.0,3
rb1805,20170726,20170725,210851000,3277.0,2708,90308,88649760.0,3277.0,7,3276.0,12
rb1805,20170726,20170725,210851500,3278.0,2724,90302,89174100.0,3278.0,9,3276.0,9
rb1805,20170726,20170725,210852000,3278.0,2724,90302,89174100.0,3278.0,9,3276.0,11
rb1805,20170726,20170725,210852500,3278.0,2724,90302,89174100.0,3278.0,14,3276.0,11
rb1805,20170726,20170725,210853500,3278.0,2724,90302,89174100.0,3278.0,14,3276.0,11
rb1805,20170726,20170725,210855000,3278.0,2724,90302,89174100.0,3278.0,17,3276.0,11
rb1805,20170726,20170725,210856000,3278.0,2724,90302,89174100.0,3278.0,18,3276.0,11
rb1805,20170726,20170725,210856500,3278.0,2724,90302,89174100.0,3278.0,18,3276.0,31
rb1805,20170726,20170725,210857500,3278.0,2724,90302,89174100.0,3278.0,17,3276.0,31
rb1805,20170726,20170725,210900000,3278.0,2724,90302,89174100.0,3278.0,17,3276.0,34
rb1805,20170726,20170725,210900500,3278.0,2724,90302,89174100.0,3278.0,12,3276.0,34
rb1805,20170726,20170725,210901000,3278.0,2724,90302,89174100.0,3277.0,1,3276.0,34
rb1805,20170726,20170725,210901500,3278.0,2724,90302,89174100.0,3277.0,1,3276.0,34
rb1805,20170726,20170725,210902000,3277.0,2726,90302,89239640.0,3278.0,9,3276.0,34
rb1805,20170726,20170725,210904000,3277.0,2726,90302,89239640.0,3278.0,9,3276.0,37
rb1805,20170726,20170725,210905500,3277.0,2726,90302,89239640.0,3278.0,9,3276.0,37
rb1805,20170726,20170725,210907000,3277.0,2726,90302,89239640.0,3278.0,9,3276.0,37
rb1805,20170726,20170725,210907500,3277.0,2726,90302,89239640.0,3278.0,9,3276.0,37
rb1805,20170726,20170725,210908500,3277.0,2726,90302,89239640.0,3278.0,9,3277.0,1
rb1805,20170726,20170725,210909000,3277.0,2728,90302,89305180.0,3278.0,14,3276.0,34
rb1805,20170726,20170725,210910000,3277.0,2728,90302,89305180.0,3278.0,14,3276.0,34
rb1805,20170726,20170725,210910500,3277.0,2728,90302,89305180.0,3278.0,14,3276.0,31
rb1805,20170726,20170725,210911000,3277.0,2728,90302,89305180.0,3278.0,15,3276.0,31
rb1805,20170726,20170725,210911500,3277.0,2728,90302,89305180.0,3278.0,18,3276.0,31
rb1805,20170726,20170725,210912000,3277.0,2728,90302,89305180.0,3277.0,2,3276.0,28
rb1805,20170726,20170725,210912500,3277.0,2732,90302,89436260.0,3278.0,18,3276.0,29
rb1805,20170726,20170725,210913000,3277.0,2732,90302,89436260.0,3278.0,17,3276.0,29
rb1805,20170726,20170725,210913500,3277.0,2732,90302,89436260.0,3277.0,3,3276.0,29
rb1805,20170726,20170725,210914000,3276.0,2736,90304,89567300.0,3277.0,3,3276.0,27
rb1805,20170726,20170725,210915500,3276.0,2736,90304,89567300.0,3277.0,3,3276.0,27
rb1805,20170726,20170725,210916500,3276.0,2742,90310,89763860.0,3277.0,3,3276.0,24
rb1805,20170726,20170725,210917000,3276.0,2744,90310,89829380.0,3277.0,3,3276.0,23
rb1805,20170726,20170725,210917500,3276.0,2744,90310,89829380.0,3277.0,3,3276.0,23
rb1805,20170726,20170725,210918000,3276.0,2746,90310,89894900.0,3277.0,3,3276.0,22
rb1805,20170726,20170725,210918500,3276.0,2748,90310,89960420.0,3277.0,3,3276.0,21
rb1805,20170726,20170725,210919500,3276.0,2748,90310,89960420.0,3277.0,3,3276.0,21
rb1805,20170726,20170725,210920000,3276.0,2754,90304,90156980.0,3277.0,3,3276.0,18
rb1805,20170726,20170725,210921500,3277.0,2760,90304,90353600.0,3278.0,18,3276.0,18
rb1805,20170726,20170725,210922000,3277.0,2760,90304,90353600.0,3277.0,3,3276.0,18
rb1805,20170726,20170725,210923500,3276.0,2764,90302,90484640.0,3277.0,3,3276.0,16
rb1805,20170726,20170725,210925500,3276.0,2764,90302,90484640.0,3277.0,3,3276.0,16
rb1805,20170726,20170725,210926000,3276.0,2764,90302,90484640.0,3277.0,5,3276.0,16
rb1805,20170726,20170725,210927500,3276.0,2764,90302,90484640.0,3277.0,5,3276.0,16
rb1805,20170726,20170725,210928000,3276.0,2764,90302,90484640.0,3277.0,6,3276.0,16
rb1805,20170726,20170725,210928500,3276.0,2764,90302,90484640.0,3277.0,6,3276.0,16
rb1805,20170726,20170725,210929000,3276.0,2764,90302,90484640.0,3277.0,6,3276.0,16
rb1805,20170726,20170725,210930000,3276.0,2764,90302,90484640.0,3277.0,6,3276.0,16
rb1805,20170726,20170725,210932500,3276.0,2770,90302,90681200.0,3277.0,6,3276.0,13
rb1805,20170726,20170725,210933000,3276.0,2772,90302,90746720.0,3277.0,6,3276.0,12
rb1805,20170726,20170725,210934500,3276.0,2772,90302,90746720.0,3277.0,6,3276.0,12
rb1805,20170726,20170725,210935000,3276.0,2778,90302,90943280.0,3277.0,11,3276.0,9
rb1805,20170726,20170725,210935500,3276.0,2796,90286,91532960.0,3276.0,14,3275.0,10
rb1805,20170726,20170725,210936000,3276.0,2796,90286,91532960.0,3277.0,11,3275.0,10
rb1805,20170726,20170725,210936500,3276.0,2796,90286,91532960.0,3277.0,11,3275.0,10
rb1805,20170726,20170725,210937000,3275.0,2816,90286,92187960.0,3277.0,11,3273.0,1
rb1805,20170726,20170725,210937500,3275.0,2816,90286,92187960.0,3276.0,14,3274.0,3
rb1805,20170726,20170725,210938000,3275.0,2816,90286,92187960.0,3276.0,5,3274.0,3
rb1805,20170726,20170725,210939000,3275.0,2816,90286,92187960.0,3276.0,6,3274.0,3
rb1805,20170726,20170725,210939500,3275.0,2816,90286,92187960.0,3276.0,6,3274.0,3
rb1805,20170726,20170725,210940500,3275.0,2816,90286,92187960.0,3276.0,1,3274.0,6
rb1805,20170726,20170725,210941500,3275.0,2816,90286,92187960.0,3276.0,1,3274.0,6
rb1805,20170726,20170725,210942500,3275.0,2816,90286,92187960.0,3276.0,1,3275.0,3
rb1805,20170726,20170725,210943000,3275.0,2816,90286,92187960.0,3276.0,2,3275.0,3
rb1805,20170726,20170725,210943500,3275.0,2816,90286,92187960.0,3276.0,2,3275.0,3
rb1805,20170726,20170725,210944000,3275.0,2816,90286,92187960.0,3276.0,3,3275.0,3
rb1805,20170726,20170725,210945000,3275.0,2816,90286,92187960.0,3276.0,3,3274.0,6
rb1805,20170726,20170725,210946000,3275.0,2816,90286,92187960.0,3276.0,3,3275.0,7
rb1805,20170726,20170725,210946500,3275.0,2816,90286,92187960.0,3276.0,3,3275.0,7
rb1805,20170726,20170725,210947500,3275.0,2816,90286,92187960.0,3276.0,3,3275.0,7
rb1805,20170726,20170725,210948500,3276.0,2822,90284,92384520.0,3277.0,9,3276.0,1
rb1805,20170726,20170725,210951000,3276.0,2822,90284,92384520.0,3277.0,9,3276.0,1
rb1805,20170726,20170725,210951500,3276.0,2824,90284,92450040.0,3276.0,3,3275.0,7
rb1805,20170726,20170725,210952000,3277.0,2842,90300,93039900.0,3278.0,14,3277.0,91
rb1805,20170726,20170725,210952500,3277.0,2988,90408,97824320.0,3278.0,15,3277.0,18
rb1805,20170726,20170725,210953000,3277.0,2998,90418,98152020.0,3278.0,18,3277.0,13
rb1805,20170726,20170725,210954500,3277.0,2998,90418,98152020.0,3278.0,18,3277.0,13
rb1805,20170726,20170725,210955000,3277.0,2998,90418,98152020.0,3278.0,18,3277.0,13
rb1805,20170726,20170725,210956000,3277.0,2998,90418,98152020.0,3278.0,13,3277.0,13
rb1805,20170726,20170725,210957000,3277.0,2998,90418,98152020.0,3278.0,12,3277.0,13
rb1805,20170726,20170725,210957500,3277.0,3000,90418,98217560.0,3278.0,12,3277.0,12
rb1805,20170726,20170725,210958000,3277.0,3000,90418,98217560.0,3278.0,13,3277.0,12
rb1805,20170726,20170725,210958500,3277.0,3000,90418,98217560.0,3278.0,13,3277.0,12
rb1805,20170726,20170725,211002000,3277.0,3000,90418,98217560.0,3278.0,14,3277.0,12
rb1805,20170726,20170725,211002500,3278.0,3006,90418,98414240.0,3278.0,11,3277.0,17
rb1805,20170726,20170725,211003000,3278.0,3006,90418,98414240.0,3278.0,10,3277.0,20
rb1805,20170726,20170725,211003500,3277.0,3008,90418,98479780.0,3278.0,10,3277.0,19
rb1805,20170726,20170725,211004000,3278.0,3012,90416,98610900.0,3278.0,8,3277.0,19
rb1805,20170726,20170725,211004500,3278.0,3028,90408,99135380.0,3279.0,30,3278.0,14
rb1805,20170726,20170725,211005000,3278.0,3028,90408,99135380.0,3279.0,30,3278.0,3
rb1805,20170726,20170725,211005500,3279.0,3034,90408,99332120.0,3279.0,27,3278.0,8
rb1805,20170726,20170725,211006000,3279.0,3040,90414,99528860.0,3279.0,24,3278.0,28
rb1805,20170726,20170725,211006500,3279.0,3066,90414,100381400.0,3279.0,11,3278.0,28
rb1805,20170726,20170725,211007000,3279.0,3088,90418,101102780.0,3280.0,23,3279.0,12
rb1805,20170726,20170725,211007500,3279.0,3088,90418,101102780.0,3280.0,23,3279.0,1
rb1805,20170726,20170725,211009000,3279.0,3090,90416,101168360.0,3280.0,23,3278.0,28
rb1805,20170726,20170725,211010000,3279.0,3090,90416,101168360.0,3280.0,28,3278.0,23
rb1805,20170726,20170725,211010500,3280.0,3092,90416,101233960.0,3280.0,30,3278.0,23
rb1805,20170726,20170725,211011000,3280.0,3092,90416,101233960.0,3279.0,1,3278.0,23
rb1805,20170726,20170725,211012000,3280.0,3092,90416,101233960.0,3280.0,31,3278.0,28
rb1805,20170726,20170725,211012500,3280.0,3092,90416,101233960.0,3280.0,31,3279.0,1
rb1805,20170726,20170725,211013000,3279.0,3094,90416,101299540.0,3279.0,9,3278.0,32
rb1805,20170726,20170725,211013500,3279.0,3094,90416,101299540.0,3279.0,6,3278.0,32
rb1805,20170726,20170725,211014000,3279.0,3094,90416,101299540.0,3279.0,2,3278.0,32
rb1805,20170726,20170725,211014500,3279.0,3094,90416,101299540.0,3279.0,1,3278.0,32
rb1805,20170726,20170725,211015000,3279.0,3094,90416,101299540.0,3279.0,2,3278.0,32
rb1805,20170726,20170725,211016000,3279.0,3094,90416,101299540.0,3279.0,2,3278.0,29
rb1805,20170726,20170725,211017000,3279.0,3094,90416,101299540.0,3279.0,2,3278.0,29
rb1805,20170726,20170725,211017500,3279.0,3096,90414,101365120.0,3279.0,1,3278.0,34
rb1805,20170726,20170725,211018000,3279.0,3098,90414,101430700.0,3280.0,29,3279.0,1
rb1805,20170726,20170725,211018500,3279.0,3098,90414,101430700.0,3280.0,24,3279.0,1
rb1805,20170726,20170725,211019000,3279.0,3098,90414,101430700.0,3280.0,24,3279.0,1
rb1805,20170726,20170725,211019500,3279.0,3098,90414,101430700.0,3280.0,24,3279.0,1
rb1805,20170726,20170725,211020000,3279.0,3098,90414,101430700.0,3280.0,24,3279.0,1
rb1805,20170726,20170725,211021000,3279.0,3100,90416,101496280.0,3279.0,1,3278.0,34
rb1805,20170726,20170725,211021500,3279.0,3102,90416,101561860.0,3280.0,24,3279.0,5
rb1805,20170726,20170725,211022000,3279.0,3102,90416,101561860.0,3280.0,24,3279.0,4
rb1805,20170726,20170725,211022500,3279.0,3104,90414,101627440.0,3280.0,24,3279.0,3
rb1805,20170726,20170725,211023000,3279.0,3106,90412,101693020.0,3280.0,24,3279.0,2
rb1805,20170726,20170725,211024000,3279.0,3106,90412,101693020.0,3280.0,24,3279.0,2
rb1805,20170726,20170725,211024500,3280.0,3110,90408,101824220.0,3280.0,22,3279.0,11
rb1805,20170726,20170725,211025000,3279.0,3130,90410,102480200.0,3280.0,13,3279.0,10
rb1805,20170726,20170725,211025500,3279.0,3130,90410,102480200.0,3280.0,13,3279.0,6
rb1805,20170726,20170725,211026000,3280.0,3156,90412,103333000.0,3282.0,4,3279.0,6
rb1805,20170726,20170725,211026500,3280.0,3156,90412,103333000.0,3281.0,1,3279.0,11
rb1805,20170726,20170725,211027000,3280.0,3156,90412,103333000.0,3281.0,5,3279.0,6
rb1805,20170726,20170725,211027500,3280.0,3156,90412,103333000.0,3281.0,5,3279.0,18
rb1805,20170726,20170725,211028000,3280.0,3156,90412,103333000.0,3281.0,5,3279.0,15
rb1805,20170726,20170725,211028500,3279.0,3186,90410,104316700.0,3279.0,1,3278.0,34
rb1805,20170726,20170725,211029000,3279.0,3196,90410,104644600.0,3281.0,8,3278.0,37
rb1805,20170726,20170725,211029500,3279.0,3196,90410,104644600.0,3281.0,9,3278.0,34
rb1805,20170726,20170725,211030000,3279.0,3196,90410,104644600.0,3281.0,8,3279.0,2
rb1805,20170726,20170725,211030500,3279.0,3196,90410,104644600.0,3281.0,5,3279.0,2
rb1805,20170726,20170725,211031500,3279.0,3196,90410,104644600.0,3281.0,5,3279.0,10
rb1805,20170726,20170725,211033500,3279.0,3196,90410,104644600.0,3280.0,2,3279.0,10
rb1805,20170726,20170725,211034000,3279.0,3204,90410,104906920.0,3280.0,2,3279.0,6
rb1805,20170726,20170725,211034500,3279.0,3204,90410,104906920.0,3280.0,2,3279.0,6
rb1805,20170726,20170725,211035000,3279.0,3204,90410,104906920.0,3280.0,2,3279.0,6
rb1805,20170726,20170725,211036000,3279.0,3204,90410,104906920.0,3280.0,2,3279.0,6
rb1805,20170726,20170725,211037000,3279.0,3204,90410,104906920.0,3280.0,2,3279.0,3
rb1805,20170726,20170725,211037500,3279.0,3204,90410,104906920.0,3280.0,2,3278.0,14
rb1805,20170726,20170725,211038000,3279.0,3204,90410,104906920.0,3280.0,2,3278.0,17
rb1805,20170726,20170725,211038500,3279.0,3204,90410,104906920.0,3280.0,7,3278.0,9
rb1805,20170726,20170725,211039000,3279.0,3204,90410,104906920.0,3280.0,10,3278.0,9
rb1805,20170726,20170725,211039500,3279.0,3204,90410,104906920.0,3280.0,8,3278.0,9
rb1805,20170726,20170725,211040000,3280.0,3220,90414,105431720.0,3281.0,6,3280.0,32
rb1805,20170726,20170725,211040500,3280.0,3284,90474,107530920.0,3280.0,30,3278.0,11
rb1805,20170726,20170725,211041000,3280.0,3284,90474,107530920.0,3280.0,3,3278.0,9
rb1805,20170726,20170725,211041500,3280.0,3286,90474,107596520.0,3280.0,2,3278.0,9
rb1805,20170726,20170725,211042000,3280.0,3286,90474,107596520.0,3279.0,1,3278.0,9
rb1805,20170726,20170725,211042500,3280.0,3286,90474,107596520.0,3280.0,2,3278.0,9
rb1805,20170726,20170725,211044000,3280.0,3286,90474,107596520.0,3280.0,2,3278.0,14
rb1805,20170726,20170725,211045000,3280.0,3286,90474,107596520.0,3281.0,6,3278.0,14
rb1805,20170726,20170725,211045500,3280.0,3286,90474,107596520.0,3280.0,1,3279.0,1
rb1805,20170726,20170725,211048000,3280.0,3286,90474,107596520.0,3280.0,1,3279.0,1
rb1805,20170726,20170725,211050500,3280.0,3286,90474,107596520.0,3280.0,1,3279.0,3
rb1805,20170726,20170725,211051000,3280.0,3286,90474,107596520.0,3280.0,1,3279.0,3
rb1805,20170726,20170725,211051500,3280.0,3286,90474,107596520.0,3280.0,1,3279.0,4
rb1805,20170726,20170725,211052000,3280.0,3286,90474,107596520.0,3281.0,9,3279.0,4
rb1805,20170726,20170725,211052500,3280.0,3286,90474,107596520.0,3280.0,1,3279.0,6
rb1805,20170726,20170725,211053000,3280.0,3292,90478,107793320.0,3281.0,11,3279.0,11
rb1805,20170726,20170725,211053500,3280.0,3292,90478,107793320.0,3281.0,11,3280.0,30
rb1805,20170726,20170725,211054000,3280.0,3292,90478,107793320.0,3281.0,6,3280.0,30
rb1805,20170726,20170725,211054500,3280.0,3292,90478,107793320.0,3281.0,6,3280.0,30
rb1805,20170726,20170725,211055000,3280.0,3292,90478,107793320.0,3281.0,3,3280.0,30
rb1805,20170726,20170725,211055500,3280.0,3292,90478,107793320.0,3281.0,7,3280.0,30
rb1805,20170726,20170725,211056000,3280.0,3292,90478,107793320.0,3281.0,7,3280.0,130
rb1805,20170726,20170725,211056500,3280.0,3292,90478,107793320.0,3281.0,7,3280.0,130
rb1805,20170726,20170725,211057500,3280.0,3302,90468,108121320.0,3281.0,7,3280.0,125
rb1805,20170726,20170725,211058000,3280.0,3304,90466,108186920.0,3281.0,4,3280.0,125
rb1805,20170726,20170725,211058500,3280.0,3306,90466,108252520.0,3281.0,4,3280.0,124
rb1805,20170726,20170725,211059000,3280.0,3306,90466,108252520.0,3281.0,4,3280.0,124
rb1805,20170726,20170725,211059500,3280.0,3306,90466,108252520.0,3281.0,4,3280.0,124
rb1805,20170726,20170725,211101000,3280.0,3306,90466,108252520.0,3281.0,4,3280.0,123
rb1805,20170726,20170725,211102500,3280.0,3306,90466,108252520.0,3281.0,7,3280.0,123
rb1805,20170726,20170725,211103500,3280.0,3306,90466,108252520.0,3281.0,7,3280.0,123
rb1805,20170726,20170725,211104000,3280.0,3306,90466,108252520.0,3281.0,4,3280.0,124
rb1805,20170726,20170725,211104500,3280.0,3306,90466,108252520.0,3281.0,4,3280.0,129
rb1805,20170726,20170725,211106000,3280.0,3306,90466,108252520.0,3281.0,4,3280.0,124
rb1805,20170726,20170725,211106500,3280.0,3306,90466,108252520.0,3281.0,4,3280.0,123
rb1805,20170726,20170725,211107000,3280.0,3306,90466,108252520.0,3281.0,7,3280.0,123
rb1805,20170726,20170725,211107500,3280.0,3306,90466,108252520.0,3281.0,10,3280.0,123
rb1805,20170726,20170725,211108500,3280.0,3306,90466,108252520.0,3281.0,10,3280.0,123
rb1805,20170726,20170725,211109500,3280.0,3306,90466,108252520.0,3281.0,8,3280.0,123
rb1805,20170726,20170725,211110000,3280.0,3306,90466,108252520.0,3281.0,8,3280.0,128
rb1805,20170726,20170725,211110500,3280.0,3306,90466,108252520.0,3281.0,12,3280.0,128
rb1805,20170726,20170725,211111500,3280.0,3306,90466,108252520.0,3281.0,9,3280.0,123
rb1805,20170726,20170725,211112000,3280.0,3308,90464,108318120.0,3281.0,12,3280.0,122
rb1805,20170726,20170725,211112500,3280.0,3308,90464,108318120.0,3281.0,12,3280.0,122
rb1805,20170726,20170725,211113000,3280.0,3308,90464,108318120.0,3281.0,9,3280.0,122
rb1805,20170726,20170725,211113500,3281.0,3310,90466,108383740.0,3281.0,8,3280.0,122
rb1805,20170726,20170725,211114500,3281.0,3310,90466,108383740.0,3281.0,8,3280.0,122
rb1805,20170726,20170725,211115000,3281.0,3310,90466,108383740.0,3281.0,8,3280.0,123
rb1805,20170726,20170725,211117500,3281.0,3310,90466,108383740.0,3281.0,8,3280.0,123
rb1805,20170726,20170725,211118500,3281.0,3310,90466,108383740.0,3281.0,8,3280.0,124
rb1805,20170726,20170725,211119000,3281.0,3326,90466,108908700.0,3282.0,17,3280.0,129
rb1805,20170726,20170725,211119500,3281.0,3326,90466,108908700.0,3281.0,8,3280.0,129
rb1805,20170726,20170725,211120000,3281.0,3326,90466,108908700.0,3281.0,8,3280.0,124
rb1805,20170726,20170725,211120500,3281.0,3326,90466,108908700.0,3281.0,8,3280.0,123
rb1805,20170726,20170725,211121500,3281.0,3326,90466,108908700.0,3281.0,9,3280.0,123
rb1805,20170726,20170725,211122000,3280.0,3328,90464,108974300.0,3281.0,9,3280.0,123
rb1805,20170726,20170725,211123000,3280.0,3328,90464,108974300.0,3281.0,10,3280.0,123
rb1805,20170726,20170725,211123500,3280.0,3328,90464,108974300.0,3281.0,10,3280.0,124
rb1805,20170726,20170725,211124000,3280.0,3328,90464,108974300.0,3281.0,10,3280.0,124
rb1805,20170726,20170725,211125000,3281.0,3330,90464,109039920.0,3281.0,9,3280.0,124
rb1805,20170726,20170725,211126500,3281.0,3330,90464,109039920.0,3281.0,9,3280.0,124
rb1805,20170726,20170725,211128000,3281.0,3332,90464,109105540.0,3281.0,8,3280.0,124
rb1805,20170726,20170725,211128500,3281.0,3332,90464,109105540.0,3281.0,8,3280.0,124
rb1805,20170726,20170725,211129000,3280.0,3362,90434,110089540.0,3281.0,8,3280.0,109
rb1805,20170726,20170725,211129500,3280.0,3362,90434,110089540.0,3281.0,8,3280.0,109
rb1805,20170726,20170725,211133000,3280.0,3362,90434,110089540.0,3281.0,8,3280.0,114
rb1805,20170726,20170725,211134000,3281.0,3378,90434,110614500.0,3282.0,19,3281.0,33
rb1805,20170726,20170725,211134500,3281.0,3400,90446,111336320.0,3282.0,14,3281.0,22
rb1805,20170726,20170725,211135000,3281.0,3400,90446,111336320.0,3282.0,14,3281.0,28
rb1805,20170726,20170725,211135500,3282.0,3428,90448,112255280.0,3283.0,2,3281.0,28
rb1805,20170726,20170725,211136000,3282.0,3428,90448,112255280.0,3283.0,2,3282.0,1
rb1805,20170726,20170725,211136500,3282.0,3430,90450,112320920.0,3282.0,5,3281.0,28
rb1805,20170726,20170725,211137000,3282.0,3436,90456,112517840.0,3282.0,1,3281.0,26
rb1805,20170726,20170725,211137500,3282.0,3438,90454,112583480.0,3283.0,4,3281.0,26
rb1805,20170726,20170725,211138000,3282.0,3438,90454,112583480.0,3282.0,2,3281.0,23
rb1805,20170726,20170725,211138500,3282.0,3438,90454,112583480.0,3282.0,2,3281.0,23
rb1805,20170726,20170725,211139000,3282.0,3438,90454,112583480.0,3282.0,7,3281.0,23
rb1805,20170726,20170725,211140000,3282.0,3440,90452,112649120.0,3282.0,6,3281.0,23
rb1805,20170726,20170725,211140500,3281.0,3486,90452,114158380.0,3281.0,13,3280.0,114
rb1805,20170726,20170725,211141000,3280.0,3488,90450,114223980.0,3281.0,13,3280.0,108
rb1805,20170726,20170725,211141500,3280.0,3488,90450,114223980.0,3281.0,13,3280.0,111
rb1805,20170726,20170725,211142000,3281.0,3494,90450,114420840.0,3281.0,10,3280.0,111
rb1805,20170726,20170725,211143500,3281.0,3496,90450,114486460.0,3281.0,9,3280.0,111
rb1805,20170726,20170725,211144000,3281.0,3514,90432,115077040.0,3282.0,7,3280.0,111
rb1805,20170726,20170725,211144500,3281.0,3514,90432,115077040.0,3282.0,13,3280.0,111
rb1805,20170726,20170725,211145000,3281.0,3514,90432,115077040.0,3282.0,12,3281.0,1
rb1805,20170726,20170725,211145500,3281.0,3514,90432,115077040.0,3282.0,7,3281.0,1
rb1805,20170726,20170725,211148000,3281.0,3514,90432,115077040.0,3282.0,7,3281.0,1
rb1805,20170726,20170725,211148500,3281.0,3514,90432,115077040.0,3282.0,7,3281.0,1
rb1805,20170726,20170725,211149500,3281.0,3514,90432,115077040.0,3282.0,7,3281.0,1
rb1805,20170726,20170725,211150000,3282.0,3528,90434,115536520.0,3283.0,7,3282.0,1
rb1805,20170726,20170725,211150500,3282.0,3530,90436,115602160.0,3282.0,1,3281.0,1
rb1805,20170726,20170725,211151000,3282.0,3530,90436,115602160.0,3283.0,7,3281.0,1
rb1805,20170726,20170725,211151500,3282.0,3530,90436,115602160.0,3283.0,4,3281.0,1
rb1805,20170726,20170725,211152000,3282.0,3530,90436,115602160.0,3283.0,4,3281.0,1
rb1805,20170726,20170725,211153000,3282.0,3530,90436,115602160.0,3283.0,4,3281.0,6
rb1805,20170726,20170725,211154000,3282.0,3530,90436,115602160.0,3283.0,4,3281.0,9
rb1805,20170726,20170725,211154500,3282.0,3530,90436,115602160.0,3283.0,4,3281.0,9
rb1805,20170726,20170725,211155000,3283.0,3542,90440,115996120.0,3284.0,9,3283.0,2
rb1805,20170726,20170725,211155500,3283.0,3546,90442,116127440.0,3282.0,1,3281.0,8
rb1805,20170726,20170725,211156000,3282.0,3548,90444,116193080.0,3284.0,12,3282.0,1
rb1805,20170726,20170725,211156500,3282.0,3548,90444,116193080.0,3284.0,12,3281.0,6
rb1805,20170726,20170725,211157000,3282.0,3548,90444,116193080.0,3282.0,4,3281.0,8
rb1805,20170726,20170725,211157500,3282.0,3548,90444,116193080.0,3282.0,4,3281.0,8
rb1805,20170726,20170725,211158000,3282.0,3548,90444,116193080.0,3282.0,4,3281.0,8
rb1805,20170726,20170725,211158500,3282.0,3548,90444,116193080.0,3282.0,4,3281.0,4
rb1805,20170726,20170725,211159000,3282.0,3548,90444,116193080.0,3282.0,4,3281.0,1
rb1805,20170726,20170725,211159500,3282.0,3550,90444,116258720.0,3282.0,3,3281.0,1
rb1805,20170726,20170725,211200000,3282.0,3550,90444,116258720.0,3282.0,3,3281.0,4
rb1805,20170726,20170725,211201000,3282.0,3550,90444,116258720.0,3282.0,3,3281.0,4
rb1805,20170726,20170725,211201500,3282.0,3550,90444,116258720.0,3282.0,3,3281.0,1
rb1805,20170726,20170725,211202000,3282.0,3550,90444,116258720.0,3282.0,3,3281.0,2
rb1805,20170726,20170725,211203500,3282.0,3550,90444,116258720.0,3282.0,3,3281.0,3
rb1805,20170726,20170725,211204000,3282.0,3550,90444,116258720.0,3282.0,3,3281.0,3
rb1805,20170726,20170725,211204500,3282.0,3550,90444,116258720.0,3282.0,3,3281.0,3
rb1805,20170726,20170725,211205000,3282.0,3550,90444,116258720.0,3282.0,3,3281.0,4
rb1805,20170726,20170725,211205500,3282.0,3550,90444,116258720.0,3282.0,6,3281.0,4
rb1805,20170726,20170725,211206000,3282.0,3562,90444,116652560.0,3283.0,3,3282.0,14
rb1805,20170726,20170725,211206500,3282.0,3572,90446,116980760.0,3283.0,3,3282.0,9
rb1805,20170726,20170725,211207000,3282.0,3590,90446,117571520.0,3282.0,8,3281.0,4
rb1805,20170726,20170725,211207500,3282.0,3590,90446,117571520.0,3283.0,6,3281.0,4
rb1805,20170726,20170725,211208000,3282.0,3590,90446,117571520.0,3283.0,6,3281.0,5
rb1805,20170726,20170725,211208500,3282.0,3590,90446,117571520.0,3283.0,6,3281.0,19
rb1805,20170726,20170725,211209000,3282.0,3590,90446,117571520.0,3283.0,6,3281.0,20
rb1805,20170726,20170725,211209500,3282.0,3590,90446,117571520.0,3283.0,6,3281.0,20
rb1805,20170726,20170725,211210500,3282.0,3590,90446,117571520.0,3283.0,6,3281.0,20
rb1805,20170726,20170725,211211500,3281.0,3592,90448,117637140.0,3283.0,6,3281.0,19
rb1805,20170726,20170725,211212000,3281.0,3592,90448,117637140.0,3283.0,4,3281.0,19
rb1805,20170726,20170725,211212500,3281.0,3608,90448,118162100.0,3282.0,7,3281.0,11
rb1805,20170726,20170725,211213000,3281.0,3608,90448,118162100.0,3282.0,5,3281.0,11
rb1805,20170726,20170725,211213500,3281.0,3608,90448,118162100.0,3282.0,8,3281.0,11
rb1805,20170726,20170725,211214000,3281.0,3630,90470,118883920.0,3281.0,10,3280.0,109
rb1805,20170726,20170725,211214500,3281.0,3630,90470,118883920.0,3281.0,3,3280.0,109
rb1805,20170726,20170725,211215000,3281.0,3630,90470,118883920.0,3281.0,3,3280.0,106
rb1805,20170726,20170725,211216500,3281.0,3632,90472,118949540.0,3281.0,2,3280.0,106
rb1805,20170726,20170725,211218000,3281.0,3636,90472,119080780.0,3282.0,13,3280.0,106
rb1805,20170726,20170725,211220000,3281.0,3636,90472,119080780.0,3281.0,2,3280.0,106
rb1805,20170726,20170725,211220500,3281.0,3638,90472,119146400.0,3281.0,1,3280.0,106
rb1805,20170726,20170725,211221000,3280.0,3666,90462,120064800.0,3281.0,1,3280.0,92
rb1805,20170726,20170725,211221500,3281.0,3668,90462,120130420.0,3282.0,14,3280.0,92
rb1805,20170726,20170725,211222000,3281.0,3668,90462,120130420.0,3281.0,1,3280.0,97
rb1805,20170726,20170725,211224000,3281.0,3668,90462,120130420.0,3281.0,6,3280.0,97
rb1805,20170726,20170725,211225000,3280.0,3672,90466,120261620.0,3281.0,6,3280.0,95
rb1805,20170726,20170725,211225500,3280.0,3672,90466,120261620.0,3281.0,6,3280.0,95
rb1805,20170726,20170725,211226000,3280.0,3682,90466,120589620.0,3281.0,6,3280.0,85
rb1805,20170726,20170725,211226500,3280.0,3684,90466,120655220.0,3281.0,6,3280.0,84
rb1805,20170726,20170725,211227000,3280.0,3686,90466,120720820.0,3281.0,6,3280.0,83
rb1805,20170726,20170725,211228000,3281.0,3690,90462,120852060.0,3281.0,9,3280.0,83
rb1805,20170726,20170725,211228500,3280.0,3790,90462,124132060.0,3281.0,9,3280.0,33
rb1805,20170726,20170725,211229000,3281.0,3796,90456,124328920.0,3281.0,6,3280.0,33
rb1805,20170726,20170725,211230000,3280.0,3798,90456,124394520.0,3281.0,6,3280.0,32
rb1805,20170726,20170725,211230500,3280.0,3832,90482,125509720.0,3281.0,8,3280.0,15
rb1805,20170726,20170725,211231000,3280.0,3862,90512,126493720.0,3281.0,8,3279.0,14
rb1805,20170726,20170725,211232000,3280.0,3862,90512,126493720.0,3280.0,1,3279.0,14
rb1805,20170726,20170725,211232500,3280.0,3862,90512,126493720.0,3280.0,1,3279.0,14
rb1805,20170726,20170725,211234000,3280.0,3862,90512,126493720.0,3280.0,1,3279.0,17
rb1805,20170726,20170725,211234500,3280.0,3862,90512,126493720.0,3280.0,1,3279.0,17
rb1805,20170726,20170725,211235000,3280.0,3862,90512,126493720.0,3280.0,1,3279.0,17
rb1805,20170726,20170725,211237000,3280.0,3862,90512,126493720.0,3280.0,2,3279.0,17
rb1805,20170726,20170725,211238000,3279.0,3872,90508,126821620.0,3280.0,2,3279.0,12
rb1805,20170726,20170725,211239000,3280.0,3876,90504,126952820.0,3281.0,8,3280.0,1
rb1805,20170726,20170725,211239500,3280.0,3878,90502,127018420.0,3281.0,9,3279.0,9
rb1805,20170726,20170725,211240000,3279.0,3900,90500,127739900.0,3280.0,1,3279.0,2
rb1805,20170726,20170725,211240500,3279.0,3900,90500,127739900.0,3280.0,1,3278.0,10
rb1805,20170726,20170725,211241000,3280.0,3902,90502,127805500.0,3281.0,8,3280.0,4
rb1805,20170726,20170725,211241500,3280.0,3902,90502,127805500.0,3281.0,3,3280.0,4
rb1805,20170726,20170725,211242000,3280.0,3904,90502,127871100.0,3281.0,3,3278.0,11
rb1805,20170726,20170725,211242500,3280.0,3904,90502,127871100.0,3281.0,8,3278.0,14
rb1805,20170726,20170725,211243000,3280.0,3904,90502,127871100.0,3280.0,1,3278.0,14
rb1805,20170726,20170725,211243500,3280.0,3904,90502,127871100.0,3280.0,1,3278.0,14
rb1805,20170726,20170725,211244500,3280.0,3904,90502,127871100.0,3280.0,1,3278.0,14
rb1805,20170726,20170725,211245000,3280.0,3904,90502,127871100.0,3280.0,1,3278.0,13
rb1805,20170726,20170725,211246000,3278.0,3914,90502,128198900.0,3280.0,1,3278.0,8
rb1805,20170726,20170725,211247000,3280.0,3916,90502,128264500.0,3281.0,11,3278.0,8
rb1805,20170726,20170725,211248500,3280.0,3916,90502,128264500.0,3281.0,11,3278.0,9
rb1805,20170726,20170725,211249500,3278.0,3918,90502,128330060.0,3281.0,11,3278.0,8
rb1805,20170726,20170725,211250000,3278.0,3918,90502,128330060.0,3281.0,12,3278.0,8
rb1805,20170726,20170725,211250500,3278.0,3918,90502,128330060.0,3281.0,12,3278.0,10
rb1805,20170726,20170725,211251000,3278.0,3918,90502,128330060.0,3281.0,12,3278.0,10
rb1805,20170726,20170725,211252000,3278.0,3918,90502,128330060.0,3281.0,15,3278.0,10
rb1805,20170726,20170725,211252500,3278.0,3918,90502,128330060.0,3280.0,1,3278.0,10
rb1805,20170726,20170725,211253000,3278.0,3918,90502,128330060.0,3280.0,6,3278.0,7
rb1805,20170726,20170725,211255500,3280.0,3920,90502,128395660.0,3280.0,5,3278.0,7
rb1805,20170726,20170725,211256000,3280.0,3920,90502,128395660.0,3280.0,5,3278.0,7
rb1805,20170726,20170725,211256500,3280.0,3922,90504,128461260.0,3280.0,4,3278.0,7
rb1805,20170726,20170725,211257500,3280.0,3922,90504,128461260.0,3280.0,5,3278.0,7
rb1805,20170726,20170725,211258000,3280.0,3922,90504,128461260.0,3280.0,5,3278.0,8
rb1805,20170726,20170725,211258500,3280.0,3922,90504,128461260.0,3280.0,5,3278.0,7
rb1805,20170726,20170725,211259000,3280.0,3922,90504,128461260.0,3280.0,5,3278.0,8
rb1805,20170726,20170725,211259500,3280.0,3922,90504,128461260.0,3280.0,5,3278.0,8
rb1805,20170726,20170725,211300000,3280.0,3922,90504,128461260.0,3280.0,11,3278.0,8
rb1805,20170726,20170725,211300500,3280.0,3922,90504,128461260.0,3280.0,11,3278.0,8
rb1805,20170726,20170725,211301000,3280.0,3922,90504,128461260.0,3280.0,7,3279.0,2
rb1805,20170726,20170725,211301500,3280.0,3922,90504,128461260.0,3280.0,7,3279.0,2
rb1805,20170726,20170725,211302000,3280.0,3928,90502,128658060.0,3280.0,4,3279.0,5
rb1805,20170726,20170725,211303000,3280.0,3928,90502,128658060.0,3280.0,4,3279.0,2
rb1805,20170726,20170725,211303500,3280.0,3928,90502,128658060.0,3280.0,4,3279.0,5
rb1805,20170726,20170725,211305500,3280.0,3928,90502,128658060.0,3280.0,4,3279.0,5
rb1805,20170726,20170725,211306000,3280.0,3928,90502,128658060.0,3280.0,4,3279.0,2
rb1805,20170726,20170725,211306500,3280.0,3928,90502,128658060.0,3280.0,4,3279.0,5
rb1805,20170726,20170725,211307000,3280.0,3932,90502,128789260.0,3280.0,2,3279.0,5
rb1805,20170726,20170725,211307500,3280.0,3932,90502,128789260.0,3280.0,2,3279.0,5
rb1805,20170726,20170725,211308000,3280.0,3932,90502,128789260.0,3280.0,7,3279.0,5
rb1805,20170726,20170725,211309000,3280.0,3932,90502,128789260.0,3280.0,7,3279.0,5
rb1805,20170726,20170725,211309500,3280.0,3932,90502,128789260.0,3280.0,7,3279.0,2
rb1805,20170726,20170725,211311000,3280.0,3932,90502,128789260.0,3280.0,7,3279.0,2
rb1805,20170726,20170725,211311500,3280.0,3932,90502,128789260.0,3280.0,7,3279.0,2
rb1805,20170726,20170725,211312500,3280.0,3932,90502,128789260.0,3280.0,2,3279.0,2
rb1805,20170726,20170725,211313500,3280.0,3932,90502,128789260.0,3280.0,2,3279.0,5
rb1805,20170726,20170725,211314500,3280.0,3932,90502,128789260.0,3280.0,2,3279.0,5
rb1805,20170726,20170725,211315000,3280.0,3934,90504,128854860.0,3280.0,1,3279.0,6
rb1805,20170726,20170725,211316000,3280.0,3934,90504,128854860.0,3280.0,1,3279.0,5
rb1805,20170726,20170725,211317000,3280.0,3936,90504,128920460.0,3281.0,10,3280.0,1
rb1805,20170726,20170725,211317500,3279.0,3946,90496,129248380.0,3279.0,5,3278.0,5
rb1805,20170726,20170725,211318000,3279.0,3956,90486,129576280.0,3281.0,15,3278.0,7
rb1805,20170726,20170725,211318500,3279.0,3956,90486,129576280.0,3281.0,13,3278.0,11
rb1805,20170726,20170725,211321000,3281.0,3962,90480,129773140.0,3281.0,10,3278.0,11
rb1805,20170726,20170725,211321500,3281.0,3962,90480,129773140.0,3281.0,10,3279.0,2
rb1805,20170726,20170725,211322000,3281.0,3962,90480,129773140.0,3281.0,10,3279.0,2
rb1805,20170726,20170725,211322500,3278.0,3982,90478,130428780.0,3281.0,10,3277.0,15
rb1805,20170726,20170725,211323000,3278.0,3982,90478,130428780.0,3280.0,9,3277.0,20
rb1805,20170726,20170725,211323500,3278.0,3982,90478,130428780.0,3280.0,14,3279.0,5
rb1805,20170726,20170725,211324000,3279.0,3992,90478,130756680.0,3279.0,4,3277.0,19
rb1805,20170726,20170725,211324500,3279.0,3992,90478,130756680.0,3279.0,4,3277.0,20
rb1805,20170726,20170725,211325000,3279.0,3992,90478,130756680.0,3279.0,7,3277.0,17
rb1805,20170726,20170725,211326000,3279.0,3992,90478,130756680.0,3279.0,7,3277.0,17
rb1805,20170726,20170725,211329000,3279.0,3992,90478,130756680.0,3279.0,7,3277.0,17
rb1805,20170726,20170725,211329500,3279.0,3994,90480,130822260.0,3279.0,6,3277.0,17
rb1805,20170726,20170725,211330000,3277.0,3996,90480,130887800.0,3279.0,6,3277.0,17
rb1805,20170726,20170725,211330500,3279.0,3998,90480,130953380.0,3279.0,5,3277.0,17
rb1805,20170726,20170725,211331500,3277.0,4018,90480,131608780.0,3279.0,5,3277.0,7
rb1805,20170726,20170725,211332000,3277.0,4018,90480,131608780.0,3279.0,5,3277.0,7
rb1805,20170726,20170725,211333500,3279.0,4024,90484,131805520.0,3279.0,2,3277.0,6
rb1805,20170726,20170725,211334000,3279.0,4024,90484,131805520.0,3279.0,2,3277.0,6
rb1805,20170726,20170725,211335000,3279.0,4024,90484,131805520.0,3279.0,2,3277.0,6
rb1805,20170726,20170725,211336500,3279.0,4024,90484,131805520.0,3279.0,7,3277.0,6
rb1805,20170726,20170725,211337000,3279.0,4024,90484,131805520.0,3279.0,7,3277.0,6
rb1805,20170726,20170725,211338500,3279.0,4024,90484,131805520.0,3279.0,7,3277.0,6
rb1805,20170726,20170725,211339000,3279.0,4024,90484,131805520.0,3279.0,7,3277.0,11
rb1805,20170726,20170725,211339500,3279.0,4024,90484,131805520.0,3279.0,7,3277.0,12
rb1805,20170726,20170725,211340500,3279.0,4024,90484,131805520.0,3279.0,8,3277.0,12
rb1805,20170726,20170725,211341500,3279.0,4026,90484,131871100.0,3279.0,7,3277.0,12
rb1805,20170726,20170725,211343500,3279.0,4026,90484,131871100.0,3279.0,10,3277.0,12
rb1805,20170726,20170725,211345000,3279.0,4026,90484,131871100.0,3279.0,10,3277.0,13
rb1805,20170726,20170725,211347500,3279.0,4026,90484,131871100.0,3278.0,3,3277.0,11
rb1805,20170726,20170725,211348000,3279.0,4026,90484,131871100.0,3279.0,10,3277.0,11
rb1805,20170726,20170725,211348500,3279.0,4026,90484,131871100.0,3279.0,10,3277.0,11
rb1805,20170726,20170725,211349000,3279.0,4026,90484,131871100.0,3278.0,3,3277.0,11
rb1805,20170726,20170725,211349500,3279.0,4026,90484,131871100.0,3278.0,3,3277.0,11
rb1805,20170726,20170725,211351500,3279.0,4026,90484,131871100.0,3279.0,10,3277.0,11
rb1805,20170726,20170725,211352500,3279.0,4026,90484,131871100.0,3279.0,10,3277.0,11
