instrument,tradingday,calendarday,time,lastp,volume,openinterest,turnover,ask1,asksz1,bid1,bidsz1
rb1805,20170925,20170922,183722500,3428.0,0,462024,0.0,0.0,0,0.0,0
rb1805,20170925,20170922,205900500,3438.0,452,461770,15539760.0,3438.0,1,3435.0,44
rb1805,20170925,20170922,210000500,3439.0,1102,461838,37906160.0,3443.0,4,3439.0,12
rb1805,20170925,20170922,210001000,3440.0,1618,461668,55668860.0,3442.0,5,3440.0,54
rb1805,20170925,20170922,210001500,3448.0,2050,461696,70549860.0,3448.0,9,3443.0,28
rb1805,20170925,20170922,210002000,3455.0,2660,461618,91601580.0,3455.0,2,3449.0,12
rb1805,20170925,20170922,210002500,3456.0,3294,461324,113494900.0,3456.0,15,3455.0,52
rb1805,20170925,20170922,210003000,3455.0,3756,461232,129461640.0,3456.0,91,3455.0,84
rb1805,20170925,20170922,210003500,3456.0,4132,461290,142458080.0,3458.0,26,3456.0,84
rb1805,20170925,20170922,210004000,3456.0,4336,461332,149510020.0,3458.0,20,3456.0,72
rb1805,20170925,20170922,210004500,3458.0,4618,461216,159260040.0,3459.0,14,3458.0,10
rb1805,20170925,20170922,210005000,3459.0,4986,460996,171987060.0,3459.0,36,3458.0,1
rb1805,20170925,20170922,210005500,3458.0,5308,460890,183118420.0,3458.0,80,3455.0,96
rb1805,20170925,20170922,210006000,3456.0,5446,460892,187887420.0,3456.0,8,3455.0,109
rb1805,20170925,20170922,210006500,3455.0,5858,460748,202127800.0,3456.0,60,3453.0,1
rb1805,20170925,20170922,210007000,3455.0,5956,460744,205513420.0,3453.0,16,3452.0,4
rb1805,20170925,20170922,210007500,3453.0,6212,460636,214350480.0,3453.0,3,3449.0,10
rb1805,20170925,20170922,210008000,3453.0,6548,460686,225951420.0,3453.0,173,3451.0,34
rb1805,20170925,20170922,210008500,3448.0,7114,460416,245486120.0,3450.0,5,3446.0,2
rb1805,20170925,20170922,210009000,3450.0,7416,460504,255905140.0,3452.0,45,3450.0,26
rb1805,20170925,20170922,210009500,3451.0,7718,460404,266327240.0,3453.0,16,3452.0,1
rb1805,20170925,20170922,210010000,3450.0,7906,460392,272816260.0,3451.0,1,3450.0,26
rb1805,20170925,20170922,210010500,3451.0,8060,460418,278131460.0,3452.0,13,3451.0,2
rb1805,20170925,20170922,210011000,3448.0,8120,460424,280201700.0,3448.0,1,3447.0,13
rb1805,20170925,20170922,210011500,3450.0,8186,460454,282478300.0,3450.0,4,3448.0,54
rb1805,20170925,20170922,210012000,3449.0,8308,460388,286685140.0,3450.0,13,3449.0,2
rb1805,20170925,20170922,210012500,3450.0,8344,460372,287926840.0,3449.0,1,3448.0,1
rb1805,20170925,20170922,210013000,3448.0,8408,460358,290133800.0,3449.0,8,3447.0,5
rb1805,20170925,20170922,210013500,3450.0,8500,460392,293307100.0,3450.0,19,3449.0,2
rb1805,20170925,20170922,210014000,3448.0,8546,460390,294893480.0,3449.0,3,3448.0,4
rb1805,20170925,20170922,210014500,3449.0,8580,460394,296065960.0,3449.0,11,3447.0,3
rb1805,20170925,20170922,210015000,3448.0,8624,460352,297583080.0,3448.0,5,3447.0,6
rb1805,20170925,20170922,210015500,3447.0,8730,460280,301237880.0,3447.0,176,3446.0,7
rb1805,20170925,20170922,210016000,3447.0,8848,460166,305305340.0,3447.0,144,3446.0,8
rb1805,20170925,20170922,210016500,3447.0,8912,460166,307510800.0,3447.0,141,3445.0,45
rb1805,20170925,20170922,210017000,3447.0,8948,460140,308751720.0,3447.0,128,3446.0,7
rb1805,20170925,20170922,210017500,3447.0,9122,460030,314749420.0,3447.0,47,3446.0,43
rb1805,20170925,20170922,210018000,3446.0,9164,460018,316196900.0,3447.0,42,3446.0,24
rb1805,20170925,20170922,210018500,3447.0,9256,460024,319368100.0,3448.0,114,3447.0,17
rb1805,20170925,20170922,210019000,3447.0,9364,460018,323091000.0,3447.0,99,3446.0,67
rb1805,20170925,20170922,210019500,3446.0,9448,459980,325986020.0,3447.0,114,3446.0,12
rb1805,20170925,20170922,210020000,3447.0,9546,459922,329363860.0,3447.0,47,3446.0,17
rb1805,20170925,20170922,210020500,3447.0,9624,459884,332052320.0,3447.0,25,3446.0,13
rb1805,20170925,20170922,210021000,3446.0,9694,459840,334464540.0,3446.0,26,3445.0,53
rb1805,20170925,20170922,210021500,3446.0,9728,459836,335636180.0,3446.0,19,3445.0,76
rb1805,20170925,20170922,210022000,3446.0,9820,459850,338806620.0,3447.0,20,3446.0,45
rb1805,20170925,20170922,210022500,3447.0,9906,459870,341770640.0,3448.0,112,3447.0,15
rb1805,20170925,20170922,210023000,3447.0,9930,459862,342597940.0,3448.0,111,3447.0,10
rb1805,20170925,20170922,210023500,3448.0,10046,459902,346595740.0,3448.0,107,3446.0,5
rb1805,20170925,20170922,210024000,3448.0,10064,459898,347216160.0,3448.0,105,3446.0,23
rb1805,20170925,20170922,210024500,3447.0,10082,459894,347836620.0,3447.0,7,3446.0,32
rb1805,20170925,20170922,210025000,3447.0,10098,459898,348388140.0,3448.0,112,3447.0,46
rb1805,20170925,20170922,210025500,3448.0,10266,459938,354179120.0,3448.0,116,3447.0,64
rb1805,20170925,20170922,210026000,3447.0,10404,460018,358935900.0,3447.0,6,3446.0,31
rb1805,20170925,20170922,210026500,3448.0,10456,460010,360728140.0,3448.0,148,3447.0,3
rb1805,20170925,20170922,210027000,3447.0,10466,460004,361072860.0,3448.0,148,3446.0,17
rb1805,20170925,20170922,210027500,3446.0,10506,460016,362451640.0,3447.0,3,3446.0,23
rb1805,20170925,20170922,210028000,3446.0,10530,460020,363278900.0,3447.0,3,3446.0,21
rb1805,20170925,20170922,210028500,3447.0,10534,460020,363416780.0,3447.0,19,3446.0,25
rb1805,20170925,20170922,210029000,3447.0,10538,460020,363554660.0,3447.0,32,3446.0,25
rb1805,20170925,20170922,210029500,3447.0,10542,460018,363692540.0,3447.0,26,3446.0,26
rb1805,20170925,20170922,210030000,3446.0,10556,460018,364175040.0,3447.0,37,3446.0,16
rb1805,20170925,20170922,210030500,3447.0,10558,460018,364243980.0,3447.0,36,3446.0,17
rb1805,20170925,20170922,210031000,3446.0,10560,460018,364312900.0,3447.0,38,3446.0,16
rb1805,20170925,20170922,210031500,3447.0,10568,460016,364588600.0,3447.0,37,3446.0,12
rb1805,20170925,20170922,210032000,3446.0,10600,459996,365691380.0,3446.0,48,3445.0,72
rb1805,20170925,20170922,210032500,3445.0,10780,459964,371892600.0,3446.0,48,3445.0,8
rb1805,20170925,20170922,210033000,3443.0,10810,459974,372925960.0,3444.0,15,3443.0,33
rb1805,20170925,20170922,210033500,3444.0,10874,459978,375130160.0,3444.0,13,3443.0,45
rb1805,20170925,20170922,210034000,3444.0,11052,459996,381261300.0,3445.0,10,3444.0,40
rb1805,20170925,20170922,210034500,3445.0,11088,460018,382501600.0,3446.0,73,3445.0,17
rb1805,20170925,20170922,210035000,3445.0,11148,460044,384568900.0,3446.0,61,3445.0,3
rb1805,20170925,20170922,210035500,3446.0,11158,460044,384913420.0,3446.0,60,3445.0,6
rb1805,20170925,20170922,210036000,3445.0,11192,460054,386084660.0,3446.0,58,3445.0,3
rb1805,20170925,20170922,210036500,3445.0,11202,460046,386429160.0,3445.0,33,3444.0,6
rb1805,20170925,20170922,210037000,3445.0,11244,460026,387875780.0,3445.0,29,3444.0,1
rb1805,20170925,20170922,210037500,3444.0,11246,460028,387944660.0,3445.0,41,3444.0,7
rb1805,20170925,20170922,210038000,3445.0,11268,460026,388702540.0,3445.0,37,3444.0,23
rb1805,20170925,20170922,210038500,3444.0,11272,460026,388840300.0,3445.0,41,3444.0,37
rb1805,20170925,20170922,210039000,3444.0,11302,460042,389873760.0,3445.0,28,3444.0,37
rb1805,20170925,20170922,210039500,3445.0,11368,459996,392147460.0,3445.0,36,3444.0,22
rb1805,20170925,20170922,210040000,3444.0,11400,459978,393249780.0,3445.0,26,3444.0,40
rb1805,20170925,20170922,210040500,3445.0,11472,459938,395730180.0,3446.0,50,3445.0,70
rb1805,20170925,20170922,210041000,3445.0,11492,459924,396419340.0,3446.0,42,3445.0,97
rb1805,20170925,20170922,210041500,3445.0,11712,459918,403998180.0,3445.0,61,3444.0,34
rb1805,20170925,20170922,210042000,3445.0,11818,459936,407649880.0,3445.0,2,3444.0,34
rb1805,20170925,20170922,210042500,3445.0,11834,459940,408201080.0,3446.0,47,3445.0,14
rb1805,20170925,20170922,210043000,3446.0,11906,459918,410681860.0,3446.0,30,3445.0,10
rb1805,20170925,20170922,210043500,3444.0,12070,459776,416330260.0,3446.0,30,3445.0,167
rb1805,20170925,20170922,210044000,3445.0,12166,459754,419637500.0,3446.0,28,3445.0,122
rb1805,20170925,20170922,210044500,3446.0,12220,459728,421498020.0,3446.0,26,3445.0,112
rb1805,20170925,20170922,210045000,3445.0,12284,459700,423703120.0,3446.0,6,3445.0,99
rb1805,20170925,20170922,210045500,3446.0,12298,459688,424185560.0,3447.0,36,3446.0,10
rb1805,20170925,20170922,210046000,3446.0,12462,459566,429836080.0,3447.0,29,3446.0,2
rb1805,20170925,20170922,210046500,3445.0,12570,459582,433557060.0,3446.0,12,3445.0,6
rb1805,20170925,20170922,210047000,3443.0,12598,459596,434521500.0,3445.0,3,3443.0,55
rb1805,20170925,20170922,210047500,3445.0,12648,459574,436243960.0,3445.0,6,3444.0,7
rb1805,20170925,20170922,210048000,3445.0,12678,459580,437277420.0,3446.0,18,3444.0,8
rb1805,20170925,20170922,210048500,3444.0,12692,459574,437759580.0,3445.0,1,3444.0,3
rb1805,20170925,20170922,210049000,3445.0,12706,459586,438241880.0,3446.0,82,3445.0,7
rb1805,20170925,20170922,210049500,3444.0,12722,459584,438793060.0,3445.0,4,3444.0,24
rb1805,20170925,20170922,210050000,3445.0,12742,459602,439482060.0,3446.0,76,3445.0,56
rb1805,20170925,20170922,210050500,3446.0,12950,459730,446650040.0,3448.0,57,3446.0,115
rb1805,20170925,20170922,210051000,3446.0,12958,459730,446925720.0,3448.0,89,3447.0,2
rb1805,20170925,20170922,210051500,3446.0,13090,459628,451476840.0,3447.0,1,3446.0,57
rb1805,20170925,20170922,210052000,3447.0,13100,459624,451821580.0,3449.0,74,3447.0,6
rb1805,20170925,20170922,210052500,3447.0,13124,459632,452648860.0,3448.0,12,3447.0,1
rb1805,20170925,20170922,210053000,3448.0,13132,459630,452924640.0,3448.0,17,3446.0,57
rb1805,20170925,20170922,210053500,3448.0,13140,459628,453200460.0,3448.0,9,3446.0,59
rb1805,20170925,20170922,210054000,3449.0,13314,459574,459201480.0,3449.0,1,3448.0,18
rb1805,20170925,20170922,210054500,3450.0,13378,459592,461408400.0,3450.0,129,3448.0,5
rb1805,20170925,20170922,210055000,3448.0,13380,459592,461477360.0,3449.0,5,3448.0,5
rb1805,20170925,20170922,210055500,3450.0,13404,459570,462305140.0,3449.0,1,3448.0,34
rb1805,20170925,20170922,210056000,3448.0,13432,459570,463270640.0,3449.0,7,3448.0,23
rb1805,20170925,20170922,210056500,3449.0,13446,459556,463753500.0,3450.0,133,3449.0,1
rb1805,20170925,20170922,210057000,3449.0,13478,459554,464857100.0,3450.0,130,3449.0,6
rb1805,20170925,20170922,210057500,3449.0,13504,459548,465753820.0,3449.0,74,3448.0,13
rb1805,20170925,20170922,210058000,3449.0,13756,459418,474446320.0,3450.0,159,3449.0,58
rb1805,20170925,20170922,210058500,3450.0,13776,459432,475136140.0,3450.0,177,3449.0,49
rb1805,20170925,20170922,210059000,3449.0,13780,459434,475274100.0,3450.0,185,3448.0,13
rb1805,20170925,20170922,210059500,3450.0,13796,459422,475826080.0,3449.0,4,3448.0,29
rb1805,20170925,20170922,210100000,3449.0,13816,459432,476515780.0,3449.0,1,3448.0,18
rb1805,20170925,20170922,210100500,3449.0,13830,459440,476998640.0,3450.0,149,3449.0,4
rb1805,20170925,20170922,210101000,3449.0,13968,459402,481759540.0,3450.0,85,3449.0,8
rb1805,20170925,20170922,210101500,3450.0,14180,459434,489073540.0,3451.0,24,3450.0,32
rb1805,20170925,20170922,210102000,3451.0,14236,459442,491006100.0,3452.0,92,3451.0,31
rb1805,20170925,20170922,210102500,3451.0,14272,459464,492248480.0,3452.0,91,3451.0,19
rb1805,20170925,20170922,210103000,3451.0,14280,459466,492524580.0,3452.0,91,3451.0,22
rb1805,20170925,20170922,210103500,3452.0,14328,459484,494181420.0,3452.0,74,3451.0,51
rb1805,20170925,20170922,210104000,3452.0,14352,459478,495009740.0,3452.0,72,3451.0,43
rb1805,20170925,20170922,210104500,3452.0,14370,459470,495631040.0,3452.0,66,3451.0,1
rb1805,20170925,20170922,210105000,3451.0,14426,459424,497564080.0,3451.0,6,3450.0,45
rb1805,20170925,20170922,210105500,3450.0,14550,459404,501842320.0,3450.0,23,3449.0,29
rb1805,20170925,20170922,210106000,3449.0,14606,459434,503774160.0,3451.0,46,3449.0,20
rb1805,20170925,20170922,210106500,3451.0,14636,459434,504809140.0,3451.0,63,3449.0,14
rb1805,20170925,20170922,210107000,3451.0,14662,459414,505706220.0,3451.0,64,3449.0,22
rb1805,20170925,20170922,210107500,3451.0,14662,459414,505706220.0,3451.0,62,3450.0,10
rb1805,20170925,20170922,210108000,3450.0,14684,459434,506465220.0,3450.0,10,3449.0,22
rb1805,20170925,20170922,210108500,3450.0,14756,459424,508949560.0,3451.0,40,3450.0,10
rb1805,20170925,20170922,210109000,3451.0,14826,459452,511365240.0,3451.0,9,3450.0,61
rb1805,20170925,20170922,210109500,3451.0,14874,459440,513021360.0,3451.0,8,3450.0,43
rb1805,20170925,20170922,210110000,3450.0,14882,459434,513297360.0,3451.0,20,3450.0,44
rb1805,20170925,20170922,210110500,3451.0,14954,459440,515781440.0,3451.0,20,3450.0,14
rb1805,20170925,20170922,210111000,3450.0,14986,459460,516885440.0,3450.0,96,3449.0,72
rb1805,20170925,20170922,210111500,3450.0,15136,459476,522060320.0,3450.0,71,3449.0,67
rb1805,20170925,20170922,210112000,3450.0,15140,459480,522198320.0,3450.0,71,3449.0,67
rb1805,20170925,20170922,210112500,3449.0,15240,459472,525648120.0,3450.0,39,3449.0,42
rb1805,20170925,20170922,210113000,3449.0,15264,459476,526475900.0,3450.0,46,3449.0,47
rb1805,20170925,20170922,210113500,3449.0,15316,459478,528269860.0,3450.0,28,3449.0,17
rb1805,20170925,20170922,210114000,3449.0,15356,459504,529649460.0,3449.0,81,3448.0,35
rb1805,20170925,20170922,210114500,3449.0,15358,459504,529718440.0,3449.0,120,3448.0,50
rb1805,20170925,20170922,210115000,3448.0,15478,459540,533856040.0,3448.0,137,3447.0,54
rb1805,20170925,20170922,210115500,3447.0,15536,459588,535855300.0,3447.0,98,3446.0,61
rb1805,20170925,20170922,210116000,3446.0,15642,459624,539508440.0,3447.0,82,3446.0,15
rb1805,20170925,20170922,210116500,3446.0,15682,459614,540886840.0,3446.0,19,3445.0,45
rb1805,20170925,20170922,210117000,3445.0,15684,459612,540955740.0,3446.0,50,3445.0,45
rb1805,20170925,20170922,210117500,3445.0,15790,459616,544608480.0,3447.0,88,3445.0,58
rb1805,20170925,20170922,210118000,3446.0,15794,459614,544746320.0,3446.0,5,3445.0,58
rb1805,20170925,20170922,210118500,3447.0,15818,459626,545573460.0,3447.0,73,3446.0,3
rb1805,20170925,20170922,210119000,3447.0,15844,459624,546469460.0,3447.0,66,3446.0,24
rb1805,20170925,20170922,210119500,3447.0,15868,459640,547296540.0,3447.0,85,3446.0,8
rb1805,20170925,20170922,210120000,3446.0,15952,459572,550191180.0,3447.0,82,3446.0,16
rb1805,20170925,20170922,210120500,3447.0,15956,459570,550329060.0,3447.0,80,3446.0,20
rb1805,20170925,20170922,210121000,3447.0,16136,459592,556533820.0,3448.0,94,3447.0,16
rb1805,20170925,20170922,210121500,3447.0,16166,459602,557567920.0,3447.0,2,3446.0,36
rb1805,20170925,20170922,210122000,3447.0,16192,459604,558464140.0,3448.0,95,3447.0,20
rb1805,20170925,20170922,210122500,3447.0,16196,459606,558602020.0,3448.0,95,3447.0,24
rb1805,20170925,20170922,210123000,3447.0,16248,459598,560394460.0,3447.0,54,3446.0,32
rb1805,20170925,20170922,210123500,3445.0,16316,459544,562737720.0,3446.0,1,3445.0,75
rb1805,20170925,20170922,210124000,3447.0,16340,459544,563564680.0,3446.0,1,3445.0,74
rb1805,20170925,20170922,210124500,3445.0,16348,459544,563840380.0,3447.0,173,3445.0,74
rb1805,20170925,20170922,210125000,3445.0,16352,459546,563978220.0,3447.0,176,3445.0,73
rb1805,20170925,20170922,210125500,3446.0,16368,459546,564529600.0,3447.0,181,3446.0,32
rb1805,20170925,20170922,210126000,3446.0,16370,459544,564598520.0,3447.0,180,3446.0,35
rb1805,20170925,20170922,210126500,3447.0,16386,459538,565149900.0,3447.0,183,3446.0,29
rb1805,20170925,20170922,210127000,3446.0,16392,459532,565356660.0,3447.0,178,3446.0,26
rb1805,20170925,20170922,210127500,3445.0,16460,459526,567699900.0,3446.0,30,3445.0,85
rb1805,20170925,20170922,210128000,3446.0,16492,459526,568802420.0,3446.0,7,3445.0,155
rb1805,20170925,20170922,210128500,3446.0,16494,459526,568871340.0,3446.0,27,3445.0,155
rb1805,20170925,20170922,210129000,3446.0,16828,459294,580377880.0,3446.0,23,3444.0,23
rb1805,20170925,20170922,210129500,3446.0,16828,459294,580377880.0,3446.0,72,3444.0,23
rb1805,20170925,20170922,210130000,3446.0,16884,459270,582307640.0,3446.0,45,3444.0,23
rb1805,20170925,20170922,210130500,3444.0,16894,459262,582652060.0,3446.0,48,3444.0,25
rb1805,20170925,20170922,210131000,3444.0,16908,459250,583134280.0,3445.0,1,3444.0,21
rb1805,20170925,20170922,210131500,3446.0,16932,459256,583961140.0,3446.0,52,3444.0,19
rb1805,20170925,20170922,210132000,3444.0,16944,459262,584374540.0,3445.0,1,3444.0,16
rb1805,20170925,20170922,210132500,3444.0,16978,459250,585545500.0,3444.0,3,3443.0,74
rb1805,20170925,20170922,210133000,3444.0,16988,459246,585889900.0,3445.0,2,3444.0,31
rb1805,20170925,20170922,210133500,3445.0,17000,459246,586303360.0,3446.0,50,3445.0,5
rb1805,20170925,20170922,210134000,3444.0,17030,459224,587336680.0,3445.0,5,3444.0,1
rb1805,20170925,20170922,210134500,3444.0,17030,459224,587336680.0,3445.0,15,3444.0,3
rb1805,20170925,20170922,210135000,3444.0,17050,459224,588025520.0,3445.0,4,3444.0,23
rb1805,20170925,20170922,210135500,3445.0,17060,459226,588370020.0,3446.0,50,3445.0,25
rb1805,20170925,20170922,210136000,3446.0,17196,459236,593056640.0,3447.0,179,3445.0,20
rb1805,20170925,20170922,210136500,3445.0,17216,459228,593745640.0,3446.0,12,3445.0,10
rb1805,20170925,20170922,210137000,3445.0,17216,459228,593745640.0,3446.0,31,3445.0,14
rb1805,20170925,20170922,210137500,3445.0,17252,459248,594985840.0,3445.0,42,3444.0,59
rb1805,20170925,20170922,210138000,3445.0,17256,459248,595123620.0,3445.0,50,3444.0,54
rb1805,20170925,20170922,210138500,3445.0,17270,459252,595605920.0,3445.0,46,3444.0,54
rb1805,20170925,20170922,210139000,3444.0,17384,459262,599532080.0,3444.0,51,3443.0,81
rb1805,20170925,20170922,210139500,3443.0,17406,459282,600289600.0,3444.0,54,3443.0,72
rb1805,20170925,20170922,210140000,3443.0,17536,459330,604765600.0,3444.0,49,3443.0,13
rb1805,20170925,20170922,210140500,3444.0,17660,459344,609034060.0,3444.0,48,3443.0,1
rb1805,20170925,20170922,210141000,3444.0,17668,459348,609309540.0,3444.0,48,3443.0,4
rb1805,20170925,20170922,210141500,3443.0,17694,459352,610204720.0,3444.0,9,3443.0,1
rb1805,20170925,20170922,210142000,3443.0,17700,459354,610411300.0,3444.0,10,3442.0,15
rb1805,20170925,20170922,210142500,3442.0,17704,459352,610549000.0,3444.0,12,3443.0,5
rb1805,20170925,20170922,210143000,3443.0,17716,459352,610962160.0,3443.0,12,3442.0,25
rb1805,20170925,20170922,210143500,3443.0,17750,459336,612132780.0,3444.0,71,3443.0,7
rb1805,20170925,20170922,210144000,3442.0,17772,459316,612890160.0,3443.0,64,3442.0,16
rb1805,20170925,20170922,210144500,3442.0,17776,459316,613027860.0,3443.0,64,3442.0,14
rb1805,20170925,20170922,210145000,3442.0,17812,459320,614267040.0,3442.0,5,3441.0,52
rb1805,20170925,20170922,210145500,3443.0,17834,459324,615024400.0,3443.0,58,3442.0,2
rb1805,20170925,20170922,210146000,3443.0,17854,459326,615713000.0,3443.0,60,3442.0,3
rb1805,20170925,20170922,210146500,3442.0,17862,459332,615988420.0,3443.0,57,3442.0,53
rb1805,20170925,20170922,210147000,3442.0,17862,459332,615988420.0,3443.0,58,3442.0,54
rb1805,20170925,20170922,210147500,3443.0,17872,459334,616332640.0,3443.0,58,3442.0,51
rb1805,20170925,20170922,210148000,3443.0,17890,459346,616952340.0,3443.0,52,3442.0,50
rb1805,20170925,20170922,210148500,3442.0,17998,459250,620669680.0,3442.0,23,3441.0,57
rb1805,20170925,20170922,210149000,3442.0,18050,459270,622459540.0,3443.0,51,3442.0,8
rb1805,20170925,20170922,210149500,3442.0,18054,459274,622597220.0,3443.0,52,3442.0,6
rb1805,20170925,20170922,210150000,3441.0,18060,459272,622803720.0,3442.0,3,3441.0,71
rb1805,20170925,20170922,210150500,3442.0,18070,459270,623147900.0,3442.0,2,3441.0,69
rb1805,20170925,20170922,210151000,3441.0,18072,459270,623216720.0,3442.0,9,3441.0,67
rb1805,20170925,20170922,210151500,3441.0,18074,459270,623285540.0,3442.0,13,3441.0,68
rb1805,20170925,20170922,210152000,3441.0,18110,459270,624524300.0,3442.0,19,3441.0,54
rb1805,20170925,20170922,210152500,3441.0,18232,459278,628722940.0,3443.0,79,3441.0,68
rb1805,20170925,20170922,210153000,3442.0,18300,459264,631062880.0,3442.0,11,3441.0,40
rb1805,20170925,20170922,210153500,3442.0,18312,459264,631475920.0,3442.0,5,3441.0,50
rb1805,20170925,20170922,210154000,3441.0,18320,459262,631751220.0,3442.0,5,3441.0,51
rb1805,20170925,20170922,210154500,3442.0,18326,459264,631957720.0,3442.0,3,3441.0,50
rb1805,20170925,20170922,210155000,3442.0,18380,459240,633816400.0,3443.0,83,3442.0,23
rb1805,20170925,20170922,210155500,3441.0,18524,459312,638771900.0,3441.0,1,3440.0,54
rb1805,20170925,20170922,210156000,3441.0,18538,459300,639253640.0,3441.0,6,3440.0,62
rb1805,20170925,20170922,210156500,3441.0,18552,459292,639735380.0,3442.0,2,3441.0,18
rb1805,20170925,20170922,210157000,3442.0,18558,459298,639941880.0,3442.0,12,3441.0,24
rb1805,20170925,20170922,210157500,3442.0,18558,459298,639941880.0,3442.0,21,3441.0,18
rb1805,20170925,20170922,210158000,3441.0,18568,459298,640286000.0,3442.0,22,3441.0,14
rb1805,20170925,20170922,210158500,3442.0,18574,459298,640492520.0,3442.0,19,3441.0,14
rb1805,20170925,20170922,210159000,3441.0,18600,459322,641387180.0,3442.0,22,3441.0,5
rb1805,20170925,20170922,210159500,3441.0,18610,459332,641731280.0,3442.0,23,3441.0,5
rb1805,20170925,20170922,210200000,3441.0,18686,459324,644346080.0,3442.0,127,3441.0,1
rb1805,20170925,20170922,210200500,3441.0,18704,459332,644965440.0,3441.0,9,3440.0,67
rb1805,20170925,20170922,210201000,3442.0,18744,459326,646342000.0,3441.0,1,3440.0,67
rb1805,20170925,20170922,210201500,3440.0,18750,459322,646548440.0,3441.0,4,3440.0,67
rb1805,20170925,20170922,210202000,3440.0,18882,459294,651091440.0,3442.0,93,3441.0,1
rb1805,20170925,20170922,210202500,3441.0,18958,459292,653706200.0,3441.0,28,3440.0,45
rb1805,20170925,20170922,210203000,3441.0,18994,459304,654944960.0,3441.0,40,3440.0,40
rb1805,20170925,20170922,210203500,3441.0,19028,459318,656114840.0,3441.0,27,3440.0,37
rb1805,20170925,20170922,210204000,3441.0,19084,459372,658041800.0,3442.0,107,3441.0,56
rb1805,20170925,20170922,210204500,3441.0,19108,459388,658867680.0,3442.0,106,3441.0,29
rb1805,20170925,20170922,210205000,3441.0,19116,459388,659143000.0,3442.0,105,3441.0,29
rb1805,20170925,20170922,210205500,3441.0,19118,459388,659211820.0,3442.0,105,3441.0,34
rb1805,20170925,20170922,210206000,3442.0,19230,459430,663066060.0,3442.0,89,3440.0,78
rb1805,20170925,20170922,210206500,3441.0,19272,459460,664511280.0,3442.0,89,3441.0,3
rb1805,20170925,20170922,210207000,3441.0,19290,459462,665130800.0,3442.0,83,3441.0,15
rb1805,20170925,20170922,210207500,3441.0,19320,459458,666163280.0,3442.0,75,3441.0,46
rb1805,20170925,20170922,210208000,3442.0,19500,459474,672357860.0,3442.0,45,3441.0,5
rb1805,20170925,20170922,210208500,3442.0,19532,459474,673458840.0,3442.0,44,3441.0,6
rb1805,20170925,20170922,210209000,3441.0,19542,459482,673802940.0,3442.0,44,3441.0,19
rb1805,20170925,20170922,210209500,3442.0,19546,459486,673940620.0,3442.0,44,3441.0,30
rb1805,20170925,20170922,210210000,3441.0,19556,459494,674284740.0,3442.0,43,3441.0,26
rb1805,20170925,20170922,210210500,3441.0,19614,459544,676280580.0,3441.0,15,3440.0,89
rb1805,20170925,20170922,210211000,3441.0,19634,459544,676968780.0,3441.0,6,3440.0,89
rb1805,20170925,20170922,210211500,3442.0,19648,459558,677450540.0,3442.0,39,3441.0,14
rb1805,20170925,20170922,210212000,3441.0,19684,459584,678689300.0,3441.0,36,3440.0,89
rb1805,20170925,20170922,210212500,3441.0,19712,459588,679652780.0,3441.0,24,3440.0,84
rb1805,20170925,20170922,210213000,3441.0,19718,459594,679859240.0,3441.0,24,3440.0,88
rb1805,20170925,20170922,210213500,3441.0,19748,459616,680891540.0,3441.0,10,3440.0,98
rb1805,20170925,20170922,210214000,3440.0,19824,459684,683505940.0,3441.0,11,3440.0,60
rb1805,20170925,20170922,210214500,3441.0,19826,459686,683574760.0,3441.0,32,3440.0,60
rb1805,20170925,20170922,210215000,3441.0,19868,459682,685019680.0,3441.0,36,3440.0,45
rb1805,20170925,20170922,210215500,3440.0,19964,459718,688322080.0,3440.0,48,3439.0,172
rb1805,20170925,20170922,210216000,3439.0,20054,459628,691417980.0,3440.0,13,3439.0,167
rb1805,20170925,20170922,210216500,3440.0,20086,459610,692518800.0,3441.0,35,3440.0,5
rb1805,20170925,20170922,210217000,3441.0,20098,459608,692931680.0,3441.0,31,3440.0,12
rb1805,20170925,20170922,210217500,3441.0,20098,459608,692931680.0,3441.0,30,3440.0,23
rb1805,20170925,20170922,210218000,3441.0,20098,459608,692931680.0,3441.0,30,3440.0,25
rb1805,20170925,20170922,210218500,3441.0,20098,459608,692931680.0,3441.0,24,3440.0,33
rb1805,20170925,20170922,210219000,3440.0,20102,459610,693069300.0,3441.0,21,3440.0,36
rb1805,20170925,20170922,210219500,3440.0,20102,459610,693069300.0,3441.0,21,3440.0,88
rb1805,20170925,20170922,210220000,3440.0,20112,459618,693413300.0,3441.0,21,3440.0,85
rb1805,20170925,20170922,210220500,3440.0,20120,459622,693688540.0,3441.0,19,3440.0,86
rb1805,20170925,20170922,210221000,3440.0,20126,459628,693894940.0,3441.0,23,3440.0,86
rb1805,20170925,20170922,210221500,3440.0,20242,459590,697885340.0,3441.0,23,3440.0,29
rb1805,20170925,20170922,210222000,3441.0,20250,459594,698160560.0,3441.0,23,3440.0,27
rb1805,20170925,20170922,210222500,3440.0,20264,459604,698642180.0,3441.0,25,3440.0,21
rb1805,20170925,20170922,210223000,3441.0,20278,459614,699123820.0,3441.0,69,3440.0,20
rb1805,20170925,20170922,210223500,3439.0,20322,459632,700637400.0,3440.0,5,3439.0,171
rb1805,20170925,20170922,210224000,3440.0,20326,459634,700774980.0,3440.0,4,3439.0,171
rb1805,20170925,20170922,210224500,3440.0,20328,459634,700843780.0,3440.0,14,3439.0,171
rb1805,20170925,20170922,210225000,3440.0,20342,459636,701325280.0,3440.0,15,3439.0,166
rb1805,20170925,20170922,210225500,3440.0,20346,459636,701462880.0,3440.0,14,3439.0,166
rb1805,20170925,20170922,210226000,3440.0,20394,459668,703114020.0,3441.0,75,3440.0,9
rb1805,20170925,20170922,210226500,3440.0,20414,459674,703802020.0,3441.0,74,3440.0,8
rb1805,20170925,20170922,210227000,3440.0,20414,459674,703802020.0,3441.0,74,3440.0,3
rb1805,20170925,20170922,210227500,3441.0,20428,459666,704283620.0,3441.0,72,3440.0,2
rb1805,20170925,20170922,210228000,3440.0,20432,459668,704421240.0,3441.0,73,3440.0,7
rb1805,20170925,20170922,210228500,3440.0,20444,459674,704834040.0,3441.0,73,3440.0,2
rb1805,20170925,20170922,210229000,3440.0,20448,459676,704971640.0,3440.0,4,3439.0,162
rb1805,20170925,20170922,210229500,3440.0,20456,459674,705246840.0,3441.0,104,3440.0,1
rb1805,20170925,20170922,210230000,3440.0,20520,459730,707448960.0,3440.0,3,3439.0,162
rb1805,20170925,20170922,210230500,3440.0,20528,459728,707724160.0,3440.0,5,3439.0,162
rb1805,20170925,20170922,210231000,3440.0,20540,459728,708136960.0,3441.0,79,3440.0,17
rb1805,20170925,20170922,210231500,3440.0,20574,459728,709306560.0,3440.0,48,3439.0,163
rb1805,20170925,20170922,210232000,3440.0,20580,459724,709512960.0,3440.0,41,3439.0,162
rb1805,20170925,20170922,210232500,3440.0,20586,459730,709719360.0,3441.0,82,3440.0,32
rb1805,20170925,20170922,210233000,3440.0,20586,459730,709719360.0,3441.0,82,3440.0,45
rb1805,20170925,20170922,210233500,3440.0,20586,459730,709719360.0,3441.0,81,3440.0,45
rb1805,20170925,20170922,210234000,3441.0,20622,459750,710957820.0,3441.0,78,3440.0,45
rb1805,20170925,20170922,210234500,3440.0,20626,459752,711095420.0,3441.0,78,3440.0,56
rb1805,20170925,20170922,210235000,3440.0,20630,459756,711233020.0,3441.0,77,3440.0,55
rb1805,20170925,20170922,210235500,3440.0,20646,459762,711783500.0,3441.0,73,3440.0,212
rb1805,20170925,20170922,210236000,3440.0,20660,459776,712265100.0,3441.0,74,3440.0,251
rb1805,20170925,20170922,210236500,3440.0,20666,459778,712471540.0,3441.0,72,3440.0,251
rb1805,20170925,20170922,210237000,3440.0,20748,459794,715292440.0,3441.0,70,3440.0,228
rb1805,20170925,20170922,210237500,3440.0,21104,459776,727539140.0,3441.0,56,3440.0,65
rb1805,20170925,20170922,210238000,3440.0,21236,459788,732079940.0,3440.0,80,3439.0,169
rb1805,20170925,20170922,210238500,3440.0,21246,459792,732423920.0,3440.0,59,3439.0,162
rb1805,20170925,20170922,210239000,3440.0,21276,459806,733455640.0,3440.0,157,3439.0,149
rb1805,20170925,20170922,210239500,3439.0,21336,459862,735519040.0,3440.0,160,3439.0,119
rb1805,20170925,20170922,210240000,3440.0,21352,459864,736069320.0,3440.0,165,3439.0,113
rb1805,20170925,20170922,210240500,3439.0,21364,459864,736482060.0,3440.0,163,3439.0,110
rb1805,20170925,20170922,210241000,3439.0,21380,459860,737032360.0,3440.0,160,3439.0,107
rb1805,20170925,20170922,210241500,3439.0,21384,459858,737169920.0,3440.0,164,3439.0,105
rb1805,20170925,20170922,210242000,3439.0,21392,459856,737445040.0,3440.0,165,3439.0,101
rb1805,20170925,20170922,210242500,3439.0,21408,459846,737995300.0,3440.0,168,3439.0,95
rb1805,20170925,20170922,210243000,3439.0,21450,459836,739439680.0,3440.0,170,3439.0,76
rb1805,20170925,20170922,210243500,3439.0,21464,459834,739921140.0,3440.0,172,3439.0,69
rb1805,20170925,20170922,210244000,3439.0,21612,459718,745010860.0,3439.0,4,3438.0,68
rb1805,20170925,20170922,210244500,3440.0,21652,459684,746386520.0,3439.0,9,3438.0,76
rb1805,20170925,20170922,210245000,3439.0,21658,459686,746592860.0,3439.0,8,3438.0,76
rb1805,20170925,20170922,210245500,3438.0,21662,459686,746730380.0,3439.0,68,3438.0,66
rb1805,20170925,20170922,210246000,3438.0,21692,459674,747761820.0,3439.0,87,3438.0,53
rb1805,20170925,20170922,210246500,3438.0,21702,459676,748105620.0,3439.0,88,3438.0,48
rb1805,20170925,20170922,210247000,3438.0,21714,459676,748518200.0,3439.0,88,3438.0,44
rb1805,20170925,20170922,210247500,3438.0,21760,459712,750099700.0,3439.0,90,3438.0,22
rb1805,20170925,20170922,210248000,3438.0,21772,459722,750512260.0,3439.0,89,3438.0,16
rb1805,20170925,20170922,210248500,3438.0,21776,459726,750649780.0,3439.0,89,3438.0,71
rb1805,20170925,20170922,210249000,3438.0,21844,459738,752988040.0,3439.0,71,3438.0,58
rb1805,20170925,20170922,210249500,3438.0,21920,459784,755600980.0,3439.0,68,3438.0,23
rb1805,20170925,20170922,210250000,3438.0,21934,459796,756082300.0,3439.0,69,3438.0,16
rb1805,20170925,20170922,210250500,3438.0,21944,459796,756426160.0,3439.0,66,3438.0,24
rb1805,20170925,20170922,210251000,3438.0,21948,459800,756563680.0,3439.0,70,3438.0,22
rb1805,20170925,20170922,210251500,3438.0,21954,459806,756769960.0,3439.0,70,3438.0,21
rb1805,20170925,20170922,210252000,3438.0,21970,459814,757320080.0,3439.0,68,3438.0,15
rb1805,20170925,20170922,210252500,3439.0,21974,459814,757457640.0,3439.0,77,3438.0,15
rb1805,20170925,20170922,210253000,3438.0,21978,459818,757595160.0,3439.0,89,3438.0,13
rb1805,20170925,20170922,210253500,3438.0,21982,459818,757732680.0,3439.0,89,3438.0,31
rb1805,20170925,20170922,210254000,3438.0,21994,459816,758145240.0,3439.0,94,3438.0,32
rb1805,20170925,20170922,210254500,3439.0,22000,459814,758351560.0,3439.0,92,3438.0,31
rb1805,20170925,20170922,210255000,3439.0,22024,459814,759176920.0,3439.0,80,3438.0,36
rb1805,20170925,20170922,210255500,3439.0,22046,459816,759933500.0,3439.0,70,3438.0,37
rb1805,20170925,20170922,210256000,3438.0,22048,459816,760002260.0,3439.0,73,3438.0,40
rb1805,20170925,20170922,210256500,3439.0,22050,459818,760071040.0,3439.0,66,3438.0,47
rb1805,20170925,20170922,210257000,3440.0,22198,459856,765160880.0,3440.0,168,3439.0,11
rb1805,20170925,20170922,210257500,3439.0,22216,459858,765779900.0,3440.0,158,3439.0,5
rb1805,20170925,20170922,210258000,3439.0,22238,459840,766536500.0,3440.0,156,3439.0,7
rb1805,20170925,20170922,210258500,3439.0,22250,459842,766949280.0,3440.0,141,3439.0,32
rb1805,20170925,20170922,210259000,3440.0,22308,459862,768944480.0,3440.0,112,3439.0,53
rb1805,20170925,20170922,210259500,3440.0,22416,459910,772659640.0,3440.0,65,3439.0,54
rb1805,20170925,20170922,210300000,3440.0,22494,459936,775342740.0,3440.0,31,3439.0,56
rb1805,20170925,20170922,210300500,3440.0,22574,459928,778094840.0,3441.0,61,3440.0,112
rb1805,20170925,20170922,210301000,3440.0,22672,460004,781466960.0,3441.0,10,3440.0,111
rb1805,20170925,20170922,210301500,3440.0,22700,459980,782430240.0,3441.0,14,3440.0,104
rb1805,20170925,20170922,210302000,3441.0,22744,460010,783944240.0,3442.0,36,3441.0,6
rb1805,20170925,20170922,210302500,3441.0,22760,460014,784494800.0,3442.0,43,3441.0,1
rb1805,20170925,20170922,210303000,3440.0,22976,460030,791925240.0,3440.0,17,3439.0,72
rb1805,20170925,20170922,210303500,3442.0,23012,460032,793163680.0,3442.0,50,3440.0,3
rb1805,20170925,20170922,210304000,3441.0,23088,459990,795779580.0,3442.0,13,3440.0,55
rb1805,20170925,20170922,210304500,3442.0,23100,459990,796192620.0,3443.0,68,3442.0,10
rb1805,20170925,20170922,210305000,3443.0,23106,459988,796399180.0,3443.0,67,3442.0,9
rb1805,20170925,20170922,210305500,3443.0,23116,459984,796743480.0,3443.0,68,3442.0,9
rb1805,20170925,20170922,210306000,3443.0,23132,459984,797294360.0,3443.0,61,3442.0,9
rb1805,20170925,20170922,210306500,3442.0,23184,459986,799084460.0,3443.0,48,3442.0,2
rb1805,20170925,20170922,210307000,3443.0,23190,459984,799291000.0,3443.0,47,3442.0,5
rb1805,20170925,20170922,210307500,3442.0,23216,459978,800185980.0,3442.0,5,3441.0,60
rb1805,20170925,20170922,210308000,3442.0,23236,459970,800874360.0,3443.0,55,3441.0,61
rb1805,20170925,20170922,210308500,3443.0,23240,459972,801012060.0,3443.0,54,3442.0,4
rb1805,20170925,20170922,210309000,3442.0,23244,459976,801149740.0,3443.0,59,3442.0,2
rb1805,20170925,20170922,210309500,3442.0,23248,459976,801287420.0,3442.0,2,3441.0,62
rb1805,20170925,20170922,210310000,3441.0,23288,459998,802663860.0,3443.0,86,3441.0,45
rb1805,20170925,20170922,210310500,3441.0,23288,459998,802663860.0,3443.0,58,3442.0,24
rb1805,20170925,20170922,210311000,3443.0,23316,459996,803627800.0,3443.0,44,3442.0,30
rb1805,20170925,20170922,210311500,3442.0,23320,459996,803765500.0,3443.0,45,3442.0,29
rb1805,20170925,20170922,210312000,3443.0,23336,459996,804316320.0,3443.0,40,3442.0,46
rb1805,20170925,20170922,210312500,3442.0,23360,459982,805142580.0,3443.0,31,3442.0,49
rb1805,20170925,20170922,210313000,3443.0,23378,459980,805762260.0,3443.0,38,3442.0,52
rb1805,20170925,20170922,210313500,3443.0,23458,460014,808516660.0,3444.0,78,3443.0,38
rb1805,20170925,20170922,210314000,3443.0,23462,460014,808654380.0,3444.0,78,3443.0,61
rb1805,20170925,20170922,210314500,3443.0,23474,460012,809067540.0,3444.0,78,3443.0,55
rb1805,20170925,20170922,210315000,3443.0,23536,460014,811202200.0,3444.0,83,3443.0,20
rb1805,20170925,20170922,210315500,3443.0,23596,460022,813268000.0,3443.0,43,3442.0,44
rb1805,20170925,20170922,210316000,3442.0,23658,460034,815402460.0,3443.0,23,3442.0,34
rb1805,20170925,20170922,210316500,3443.0,23672,460048,815884480.0,3443.0,16,3442.0,44
rb1805,20170925,20170922,210317000,3443.0,23672,460048,815884480.0,3443.0,27,3442.0,34
rb1805,20170925,20170922,210317500,3443.0,23678,460050,816091040.0,3443.0,60,3442.0,31
rb1805,20170925,20170922,210318000,3443.0,23714,460056,817330520.0,3443.0,37,3442.0,39
rb1805,20170925,20170922,210318500,3443.0,23800,460082,820290660.0,3443.0,45,3442.0,1
rb1805,20170925,20170922,210319000,3443.0,23808,460086,820566040.0,3442.0,1,3441.0,61
rb1805,20170925,20170922,210319500,3441.0,23810,460088,820634860.0,3442.0,1,3441.0,61
rb1805,20170925,20170922,210320000,3441.0,23812,460088,820703680.0,3442.0,7,3441.0,60
rb1805,20170925,20170922,210320500,3442.0,23814,460090,820772520.0,3443.0,73,3441.0,65
rb1805,20170925,20170922,210321000,3443.0,23844,460080,821804960.0,3443.0,72,3442.0,16
rb1805,20170925,20170922,210321500,3443.0,23848,460078,821942660.0,3443.0,80,3442.0,17
rb1805,20170925,20170922,210322000,3442.0,23966,460050,826004220.0,3442.0,15,3441.0,49
rb1805,20170925,20170922,210322500,3442.0,23982,460064,826554900.0,3442.0,15,3441.0,17
rb1805,20170925,20170922,210323000,3442.0,23984,460064,826623740.0,3442.0,14,3441.0,18
rb1805,20170925,20170922,210323500,3442.0,23986,460066,826692580.0,3442.0,13,3441.0,18
rb1805,20170925,20170922,210324000,3441.0,23990,460068,826830220.0,3442.0,18,3441.0,24
rb1805,20170925,20170922,210324500,3441.0,23990,460068,826830220.0,3442.0,24,3441.0,16
rb1805,20170925,20170922,210325000,3442.0,24010,460068,827518620.0,3442.0,15,3441.0,17
rb1805,20170925,20170922,210325500,3442.0,24018,460076,827793960.0,3442.0,12,3441.0,16
rb1805,20170925,20170922,210326000,3441.0,24038,460094,828482180.0,3442.0,22,3441.0,7
rb1805,20170925,20170922,210326500,3441.0,24056,460096,829101560.0,3441.0,44,3440.0,59
rb1805,20170925,20170922,210327000,3440.0,24096,460060,830477560.0,3441.0,40,3440.0,35
rb1805,20170925,20170922,210327500,3440.0,24168,460068,832954360.0,3440.0,1,3439.0,60
rb1805,20170925,20170922,210328000,3440.0,24170,460070,833023160.0,3440.0,10,3439.0,61
rb1805,20170925,20170922,210328500,3440.0,24172,460068,833091960.0,3440.0,9,3439.0,61
rb1805,20170925,20170922,210329000,3440.0,24190,460050,833711160.0,3441.0,42,3440.0,3
rb1805,20170925,20170922,210329500,3440.0,24262,460096,836187520.0,3441.0,37,3440.0,7
rb1805,20170925,20170922,210330000,3440.0,24264,460094,836256320.0,3441.0,37,3440.0,8
rb1805,20170925,20170922,210330500,3440.0,24264,460094,836256320.0,3441.0,37,3440.0,12
rb1805,20170925,20170922,210331000,3441.0,24268,460094,836393960.0,3441.0,34,3440.0,15
rb1805,20170925,20170922,210331500,3441.0,24336,460058,838733840.0,3442.0,75,3441.0,80
rb1805,20170925,20170922,210332000,3441.0,24366,460050,839766140.0,3442.0,80,3441.0,75
rb1805,20170925,20170922,210332500,3440.0,24596,460086,847679640.0,3440.0,22,3439.0,34
rb1805,20170925,20170922,210333000,3440.0,24606,460092,848023640.0,3440.0,18,3439.0,36
rb1805,20170925,20170922,210333500,3440.0,24618,460104,848436440.0,3440.0,16,3439.0,36
rb1805,20170925,20170922,210334000,3440.0,24618,460104,848436440.0,3440.0,16,3439.0,36
rb1805,20170925,20170922,210334500,3440.0,24622,460104,848574040.0,3440.0,19,3439.0,36
rb1805,20170925,20170922,210335000,3440.0,24644,460086,849330640.0,3440.0,19,3439.0,27
rb1805,20170925,20170922,210335500,3440.0,24650,460088,849537020.0,3440.0,17,3439.0,26
rb1805,20170925,20170922,210336000,3440.0,24650,460088,849537020.0,3440.0,17,3439.0,27
rb1805,20170925,20170922,210336500,3440.0,24656,460088,849743380.0,3440.0,23,3439.0,25
rb1805,20170925,20170922,210337000,3439.0,24710,460120,851600460.0,3439.0,14,3438.0,43
rb1805,20170925,20170922,210337500,3440.0,24744,460142,852769780.0,3440.0,30,3439.0,17
rb1805,20170925,20170922,210338000,3440.0,24746,460142,852838580.0,3440.0,29,3439.0,18
rb1805,20170925,20170922,210338500,3439.0,24752,460146,853044960.0,3440.0,27,3439.0,17
rb1805,20170925,20170922,210339000,3439.0,24764,460154,853457700.0,3440.0,24,3439.0,14
rb1805,20170925,20170922,210339500,3440.0,24766,460156,853526500.0,3440.0,24,3439.0,14
rb1805,20170925,20170922,210340000,3439.0,24796,460156,854558200.0,3439.0,26,3438.0,30
rb1805,20170925,20170922,210340500,3439.0,24808,460156,854970880.0,3439.0,39,3438.0,43
rb1805,20170925,20170922,210341000,3438.0,24820,460148,855383460.0,3439.0,38,3438.0,29
rb1805,20170925,20170922,210341500,3438.0,24828,460148,855658560.0,3439.0,39,3438.0,30
rb1805,20170925,20170922,210342000,3438.0,24832,460148,855796080.0,3439.0,42,3438.0,28
rb1805,20170925,20170922,210342500,3439.0,24842,460150,856139920.0,3439.0,40,3438.0,25
rb1805,20170925,20170922,210343000,3438.0,24900,460192,858134020.0,3438.0,65,3437.0,99
rb1805,20170925,20170922,210343500,3438.0,24902,460192,858202780.0,3438.0,67,3437.0,110
rb1805,20170925,20170922,210344000,3438.0,24924,460194,858959120.0,3438.0,57,3437.0,109
rb1805,20170925,20170922,210344500,3437.0,24968,460196,860471820.0,3438.0,41,3437.0,68
rb1805,20170925,20170922,210345000,3438.0,25012,460208,861984160.0,3438.0,42,3437.0,49
rb1805,20170925,20170922,210345500,3437.0,25036,460228,862809040.0,3438.0,43,3437.0,38
rb1805,20170925,20170922,210346000,3437.0,25114,460258,865489900.0,3437.0,42,3436.0,82
rb1805,20170925,20170922,210346500,3436.0,25120,460258,865696060.0,3437.0,41,3436.0,81
rb1805,20170925,20170922,210347000,3436.0,25138,460244,866314540.0,3437.0,43,3436.0,73
rb1805,20170925,20170922,210347500,3436.0,25168,460244,867345420.0,3437.0,44,3436.0,62
rb1805,20170925,20170922,210348000,3436.0,25208,460282,868719820.0,3437.0,46,3436.0,43
rb1805,20170925,20170922,210348500,3437.0,25292,460284,871606540.0,3437.0,24,3436.0,37
rb1805,20170925,20170922,210349000,3436.0,25296,460286,871743980.0,3437.0,23,3436.0,60
rb1805,20170925,20170922,210349500,3436.0,25314,460296,872362460.0,3437.0,24,3436.0,57
rb1805,20170925,20170922,210350000,3437.0,25350,460274,873599720.0,3437.0,10,3436.0,54
rb1805,20170925,20170922,210350500,3437.0,25370,460280,874287120.0,3438.0,33,3437.0,8
rb1805,20170925,20170922,210351000,3436.0,25422,460288,876074040.0,3438.0,29,3436.0,61
rb1805,20170925,20170922,210351500,3437.0,25448,460262,876967900.0,3438.0,16,3437.0,21
rb1805,20170925,20170922,210352000,3438.0,25602,460244,882262420.0,3439.0,37,3438.0,10
rb1805,20170925,20170922,210352500,3437.0,25642,460228,883637420.0,3439.0,37,3437.0,20
rb1805,20170925,20170922,210353000,3437.0,25656,460232,884118640.0,3438.0,5,3437.0,14
rb1805,20170925,20170922,210353500,3437.0,25660,460228,884256140.0,3438.0,16,3437.0,18
rb1805,20170925,20170922,210354000,3437.0,25712,460222,886043660.0,3438.0,3,3437.0,205
rb1805,20170925,20170922,210354500,3438.0,25726,460218,886524980.0,3439.0,36,3438.0,15
rb1805,20170925,20170922,210355000,3438.0,25738,460220,886937560.0,3439.0,35,3438.0,3
rb1805,20170925,20170922,210355500,3439.0,25750,460226,887350140.0,3439.0,34,3438.0,20
rb1805,20170925,20170922,210356000,3440.0,25840,460216,890445460.0,3440.0,51,3438.0,20
rb1805,20170925,20170922,210356500,3440.0,25844,460218,890583020.0,3440.0,50,3439.0,1
rb1805,20170925,20170922,210357000,3438.0,25862,460204,891201880.0,3439.0,17,3438.0,29
rb1805,20170925,20170922,210357500,3438.0,25866,460200,891339400.0,3439.0,76,3438.0,27
rb1805,20170925,20170922,210358000,3438.0,25928,460214,893470960.0,3438.0,15,3437.0,212
rb1805,20170925,20170922,210358500,3438.0,25930,460216,893539720.0,3438.0,4,3437.0,212
rb1805,20170925,20170922,210359000,3438.0,25942,460216,893952280.0,3439.0,62,3438.0,2
rb1805,20170925,20170922,210359500,3439.0,25944,460216,894021060.0,3439.0,62,3438.0,9
rb1805,20170925,20170922,210400000,3438.0,25948,460214,894158580.0,3439.0,70,3438.0,13
rb1805,20170925,20170922,210400500,3438.0,25948,460214,894158580.0,3439.0,25,3438.0,31
rb1805,20170925,20170922,210401000,3439.0,25990,460206,895602960.0,3439.0,1,3438.0,35
rb1805,20170925,20170922,210401500,3438.0,26138,460232,900692020.0,3440.0,43,3438.0,8
rb1805,20170925,20170922,210402000,3438.0,26138,460232,900692020.0,3440.0,38,3439.0,13
rb1805,20170925,20170922,210402500,3440.0,26246,460284,904406220.0,3440.0,35,3438.0,167
rb1805,20170925,20170922,210403000,3439.0,26324,460274,907089360.0,3440.0,2,3439.0,41
rb1805,20170925,20170922,210403500,3438.0,26330,460272,907295640.0,3439.0,10,3438.0,133
rb1805,20170925,20170922,210404000,3440.0,26392,460242,909428240.0,3440.0,1,3439.0,66
rb1805,20170925,20170922,210404500,3439.0,26396,460244,909565800.0,3440.0,7,3439.0,84
rb1805,20170925,20170922,210405000,3440.0,26400,460244,909703380.0,3440.0,6,3439.0,83
rb1805,20170925,20170922,210405500,3440.0,26406,460244,909909760.0,3440.0,5,3439.0,82
rb1805,20170925,20170922,210406000,3440.0,26436,460242,910941760.0,3441.0,7,3440.0,8
rb1805,20170925,20170922,210406500,3441.0,26438,460244,911010580.0,3441.0,6,3440.0,8
rb1805,20170925,20170922,210407000,3440.0,26462,460260,911836200.0,3441.0,4,3440.0,3
rb1805,20170925,20170922,210407500,3440.0,26470,460264,912111400.0,3440.0,17,3439.0,73
rb1805,20170925,20170922,210408000,3439.0,26514,460268,913624900.0,3441.0,9,3440.0,1
rb1805,20170925,20170922,210408500,3440.0,26516,460270,913693700.0,3440.0,1,3439.0,79
rb1805,20170925,20170922,210409000,3440.0,26530,460276,914175300.0,3441.0,24,3440.0,17
rb1805,20170925,20170922,210409500,3440.0,26568,460278,915482480.0,3440.0,25,3439.0,73
rb1805,20170925,20170922,210410000,3440.0,26590,460296,916239240.0,3440.0,21,3439.0,72
rb1805,20170925,20170922,210410500,3439.0,26592,460296,916308020.0,3440.0,24,3439.0,72
rb1805,20170925,20170922,210411000,3440.0,26662,460294,918716020.0,3440.0,35,3439.0,77
rb1805,20170925,20170922,210411500,3440.0,26670,460290,918991220.0,3440.0,62,3439.0,77
rb1805,20170925,20170922,210412000,3439.0,26814,460252,923944620.0,3441.0,38,3439.0,66
rb1805,20170925,20170922,210412500,3441.0,26854,460220,925321020.0,3440.0,2,3439.0,66
rb1805,20170925,20170922,210413000,3440.0,26858,460216,925458620.0,3440.0,52,3439.0,66
rb1805,20170925,20170922,210413500,3440.0,26864,460222,925665020.0,3440.0,49,3439.0,61
rb1805,20170925,20170922,210414000,3441.0,26980,460336,929655440.0,3441.0,20,3440.0,43
rb1805,20170925,20170922,210414500,3441.0,26980,460336,929655440.0,3441.0,21,3440.0,48
rb1805,20170925,20170922,210415000,3441.0,26980,460336,929655440.0,3441.0,21,3440.0,48
rb1805,20170925,20170922,210415500,3440.0,26982,460338,929724240.0,3441.0,21,3440.0,58
rb1805,20170925,20170922,210416000,3440.0,27032,460386,931444240.0,3441.0,21,3440.0,33
rb1805,20170925,20170922,210416500,3441.0,27044,460392,931857160.0,3441.0,16,3440.0,39
rb1805,20170925,20170922,210417000,3441.0,27090,460414,933440020.0,3442.0,108,3441.0,45
rb1805,20170925,20170922,210417500,3441.0,27090,460414,933440020.0,3442.0,88,3441.0,31
rb1805,20170925,20170922,210418000,3442.0,27094,460416,933577700.0,3442.0,86,3441.0,31
rb1805,20170925,20170922,210418500,3442.0,27104,460414,933921860.0,3442.0,86,3441.0,29
rb1805,20170925,20170922,210419000,3440.0,27178,460474,936468100.0,3441.0,6,3440.0,39
rb1805,20170925,20170922,210419500,3442.0,27198,460492,937156480.0,3442.0,75,3440.0,38
rb1805,20170925,20170922,210420000,3442.0,27208,460494,937500540.0,3442.0,79,3441.0,1
rb1805,20170925,20170922,210420500,3441.0,27212,460498,937638180.0,3441.0,19,3440.0,32
rb1805,20170925,20170922,210421000,3441.0,27226,460512,938119820.0,3441.0,10,3440.0,30
rb1805,20170925,20170922,210421500,3441.0,27226,460512,938119820.0,3441.0,11,3440.0,33
rb1805,20170925,20170922,210422000,3441.0,27228,460514,938188640.0,3441.0,20,3440.0,33
rb1805,20170925,20170922,210422500,3440.0,27232,460516,938326260.0,3441.0,22,3440.0,29
rb1805,20170925,20170922,210423000,3440.0,27234,460518,938395060.0,3441.0,24,3440.0,28
rb1805,20170925,20170922,210423500,3441.0,27284,460484,940115560.0,3442.0,96,3441.0,5
rb1805,20170925,20170922,210424000,3441.0,27324,460458,941491760.0,3442.0,81,3441.0,8
rb1805,20170925,20170922,210424500,3442.0,27326,460460,941560600.0,3442.0,69,3441.0,11
rb1805,20170925,20170922,210425000,3441.0,27328,460458,941629420.0,3442.0,71,3441.0,11
rb1805,20170925,20170922,210425500,3442.0,27332,460458,941767080.0,3442.0,79,3441.0,10
rb1805,20170925,20170922,210426000,3442.0,27332,460458,941767080.0,3442.0,89,3441.0,10
rb1805,20170925,20170922,210426500,3441.0,27352,460454,942455300.0,3442.0,90,3441.0,2
rb1805,20170925,20170922,210427000,3441.0,27362,460452,942799400.0,3442.0,85,3441.0,10
rb1805,20170925,20170922,210427500,3441.0,27374,460456,943212320.0,3441.0,27,3440.0,38
rb1805,20170925,20170922,210428000,3441.0,27394,460456,943900520.0,3441.0,45,3440.0,88
rb1805,20170925,20170922,210428500,3441.0,27450,460468,945827420.0,3441.0,25,3440.0,85
rb1805,20170925,20170922,210429000,3440.0,27538,460522,948854860.0,3441.0,15,3440.0,54
rb1805,20170925,20170922,210429500,3442.0,27578,460550,950231360.0,3442.0,109,3441.0,33
rb1805,20170925,20170922,210430000,3441.0,27682,460624,953810080.0,3442.0,114,3441.0,7
rb1805,20170925,20170922,210430500,3440.0,27710,460640,954773440.0,3441.0,122,3440.0,53
rb1805,20170925,20170922,210431000,3440.0,27832,460740,958970240.0,3441.0,106,3439.0,60
rb1805,20170925,20170922,210431500,3440.0,27836,460736,959107840.0,3441.0,115,3440.0,4
rb1805,20170925,20170922,210432000,3440.0,27852,460736,959658240.0,3440.0,1,3439.0,61
rb1805,20170925,20170922,210432500,3440.0,27866,460728,960139820.0,3440.0,12,3439.0,110
rb1805,20170925,20170922,210433000,3440.0,27866,460728,960139820.0,3440.0,13,3439.0,110
rb1805,20170925,20170922,210433500,3440.0,27894,460732,961102980.0,3440.0,7,3439.0,110
rb1805,20170925,20170922,210434000,3440.0,27920,460712,961997380.0,3441.0,100,3440.0,12
rb1805,20170925,20170922,210434500,3441.0,27922,460710,962066200.0,3441.0,99,3440.0,12
rb1805,20170925,20170922,210435000,3441.0,27930,460710,962341480.0,3441.0,95,3440.0,16
rb1805,20170925,20170922,210435500,3441.0,27930,460710,962341480.0,3441.0,82,3440.0,21
rb1805,20170925,20170922,210436000,3440.0,27984,460720,964199180.0,3441.0,77,3439.0,118
rb1805,20170925,20170922,210436500,3440.0,27984,460720,964199180.0,3441.0,79,3440.0,1
rb1805,20170925,20170922,210437000,3440.0,27986,460718,964267980.0,3441.0,79,3440.0,7
rb1805,20170925,20170922,210437500,3441.0,27998,460708,964680880.0,3441.0,75,3440.0,9
rb1805,20170925,20170922,210438000,3440.0,28002,460708,964818480.0,3441.0,75,3440.0,8
rb1805,20170925,20170922,210438500,3440.0,28014,460720,965231280.0,3441.0,75,3440.0,5
rb1805,20170925,20170922,210439000,3440.0,28024,460730,965575280.0,3441.0,87,3439.0,118
rb1805,20170925,20170922,210439500,3441.0,28040,460720,966125840.0,3441.0,79,3440.0,5
rb1805,20170925,20170922,210440000,3440.0,28058,460730,966745040.0,3440.0,5,3439.0,123
rb1805,20170925,20170922,210440500,3439.0,28068,460730,967089020.0,3441.0,77,3440.0,2
rb1805,20170925,20170922,210441000,3440.0,28072,460734,967226620.0,3440.0,3,3439.0,122
rb1805,20170925,20170922,210441500,3440.0,28072,460734,967226620.0,3440.0,3,3439.0,121
rb1805,20170925,20170922,210442000,3440.0,28072,460734,967226620.0,3440.0,16,3439.0,121
rb1805,20170925,20170922,210442500,3440.0,28078,460740,967433020.0,3440.0,14,3439.0,121
rb1805,20170925,20170922,210443000,3440.0,28078,460740,967433020.0,3440.0,14,3439.0,121
rb1805,20170925,20170922,210443500,3439.0,28080,460742,967501800.0,3440.0,17,3439.0,120
rb1805,20170925,20170922,210444000,3440.0,28084,460744,967639380.0,3440.0,16,3439.0,119
rb1805,20170925,20170922,210444500,3440.0,28094,460734,967983380.0,3440.0,18,3439.0,119
rb1805,20170925,20170922,210445000,3440.0,28106,460738,968396180.0,3440.0,17,3439.0,119
rb1805,20170925,20170922,210445500,3440.0,28106,460738,968396180.0,3440.0,17,3439.0,120
rb1805,20170925,20170922,210446000,3440.0,28106,460738,968396180.0,3440.0,34,3439.0,120
rb1805,20170925,20170922,210446500,3440.0,28108,460740,968464980.0,3440.0,33,3439.0,120
rb1805,20170925,20170922,210447000,3440.0,28158,460766,970184980.0,3440.0,10,3439.0,120
rb1805,20170925,20170922,210447500,3440.0,28182,460766,971010580.0,3441.0,96,3440.0,21
rb1805,20170925,20170922,210448000,3440.0,28190,460766,971285780.0,3441.0,106,3440.0,18
rb1805,20170925,20170922,210448500,3440.0,28190,460766,971285780.0,3441.0,96,3440.0,18
rb1805,20170925,20170922,210449000,3440.0,28232,460738,972730580.0,3441.0,97,3439.0,120
rb1805,20170925,20170922,210449500,3440.0,28266,460748,973900180.0,3441.0,107,3440.0,5
rb1805,20170925,20170922,210450000,3440.0,28270,460750,974037780.0,3441.0,107,3440.0,11
rb1805,20170925,20170922,210450500,3440.0,28292,460770,974794580.0,3441.0,111,3440.0,1
rb1805,20170925,20170922,210451000,3440.0,28294,460770,974863380.0,3440.0,9,3439.0,122
rb1805,20170925,20170922,210451500,3440.0,28298,460770,975000980.0,3440.0,14,3439.0,122
rb1805,20170925,20170922,210452000,3439.0,28300,460770,975069760.0,3440.0,35,3439.0,121
rb1805,20170925,20170922,210452500,3440.0,28302,460770,975138560.0,3440.0,34,3439.0,120
rb1805,20170925,20170922,210453000,3439.0,28304,460772,975207340.0,3440.0,38,3439.0,122
rb1805,20170925,20170922,210453500,3439.0,28304,460772,975207340.0,3440.0,38,3439.0,122
rb1805,20170925,20170922,210454000,3439.0,28400,460786,978509540.0,3441.0,89,3439.0,112
rb1805,20170925,20170922,210454500,3439.0,28400,460786,978509540.0,3441.0,89,3439.0,116
rb1805,20170925,20170922,210455000,3439.0,28402,460786,978578320.0,3441.0,90,3439.0,111
rb1805,20170925,20170922,210455500,3439.0,28404,460786,978647100.0,3441.0,91,3439.0,110
rb1805,20170925,20170922,210456000,3439.0,28406,460786,978715880.0,3441.0,91,3440.0,26
rb1805,20170925,20170922,210456500,3439.0,28436,460816,979747580.0,3441.0,91,3440.0,12
rb1805,20170925,20170922,210457000,3440.0,28442,460816,979953980.0,3441.0,101,3440.0,9
rb1805,20170925,20170922,210457500,3440.0,28444,460818,980022780.0,3441.0,91,3440.0,58
rb1805,20170925,20170922,210458000,3440.0,28446,460818,980091580.0,3441.0,92,3440.0,58
rb1805,20170925,20170922,210458500,3440.0,28448,460818,980160380.0,3441.0,102,3440.0,57
rb1805,20170925,20170922,210459000,3440.0,28510,460836,982293180.0,3441.0,91,3440.0,27
rb1805,20170925,20170922,210459500,3441.0,28524,460846,982774900.0,3441.0,85,3440.0,26
rb1805,20170925,20170922,210500000,3441.0,28536,460850,983187740.0,3441.0,82,3440.0,22
rb1805,20170925,20170922,210500500,3440.0,28540,460854,983325340.0,3441.0,82,3440.0,20
rb1805,20170925,20170922,210501000,3441.0,28570,460882,984357360.0,3441.0,80,3440.0,18
rb1805,20170925,20170922,210501500,3440.0,28574,460884,984494980.0,3441.0,78,3440.0,20
rb1805,20170925,20170922,210502000,3440.0,28574,460884,984494980.0,3441.0,80,3440.0,26
rb1805,20170925,20170922,210502500,3440.0,28576,460886,984563780.0,3441.0,80,3440.0,25
rb1805,20170925,20170922,210503000,3441.0,28598,460896,985320600.0,3441.0,80,3440.0,15
rb1805,20170925,20170922,210503500,3441.0,28598,460896,985320600.0,3441.0,80,3440.0,15
rb1805,20170925,20170922,210504000,3441.0,28598,460896,985320600.0,3441.0,81,3440.0,16
rb1805,20170925,20170922,210504500,3440.0,28680,460834,988141400.0,3440.0,19,3439.0,82
rb1805,20170925,20170922,210505000,3440.0,28682,460836,988210200.0,3440.0,20,3439.0,83
rb1805,20170925,20170922,210505500,3440.0,28686,460836,988347800.0,3440.0,21,3439.0,86
rb1805,20170925,20170922,210506000,3440.0,28720,460852,989517400.0,3441.0,89,3440.0,17
rb1805,20170925,20170922,210506500,3440.0,28754,460880,990687000.0,3440.0,40,3439.0,85
rb1805,20170925,20170922,210507000,3440.0,28758,460880,990824600.0,3440.0,27,3439.0,95
rb1805,20170925,20170922,210507500,3440.0,28814,460830,992751000.0,3441.0,87,3440.0,45
rb1805,20170925,20170922,210508000,3441.0,28818,460832,992888620.0,3441.0,86,3440.0,44
rb1805,20170925,20170922,210508500,3441.0,28818,460832,992888620.0,3441.0,86,3440.0,53
rb1805,20170925,20170922,210509000,3441.0,28818,460832,992888620.0,3441.0,94,3440.0,59
rb1805,20170925,20170922,210509500,3441.0,28818,460832,992888620.0,3441.0,94,3440.0,45
rb1805,20170925,20170922,210510000,3440.0,28840,460834,993645420.0,3441.0,95,3440.0,38
rb1805,20170925,20170922,210510500,3440.0,28840,460834,993645420.0,3441.0,97,3440.0,39
rb1805,20170925,20170922,210511000,3441.0,28848,460840,993920680.0,3441.0,96,3440.0,39
rb1805,20170925,20170922,210511500,3440.0,28926,460782,996603880.0,3440.0,8,3439.0,86
rb1805,20170925,20170922,210512000,3440.0,28950,460762,997429480.0,3441.0,91,3440.0,22
rb1805,20170925,20170922,210512500,3440.0,28956,460762,997635920.0,3441.0,96,3440.0,5
rb1805,20170925,20170922,210513000,3440.0,28970,460764,998117520.0,3441.0,96,3440.0,14
rb1805,20170925,20170922,210513500,3440.0,28970,460764,998117520.0,3441.0,97,3440.0,15
rb1805,20170925,20170922,210514000,3441.0,28974,460764,998255140.0,3441.0,93,3440.0,14
rb1805,20170925,20170922,210514500,3440.0,28976,460762,998323940.0,3441.0,73,3440.0,14
rb1805,20170925,20170922,210515000,3440.0,28978,460760,998392740.0,3441.0,74,3440.0,19
rb1805,20170925,20170922,210515500,3440.0,28980,460762,998461540.0,3441.0,74,3440.0,19
rb1805,20170925,20170922,210516000,3440.0,28980,460762,998461540.0,3441.0,78,3440.0,19
rb1805,20170925,20170922,210516500,3440.0,28982,460760,998530340.0,3441.0,77,3440.0,33
rb1805,20170925,20170922,210517000,3440.0,28990,460766,998805540.0,3441.0,74,3440.0,22
rb1805,20170925,20170922,210517500,3440.0,28992,460768,998874340.0,3441.0,75,3440.0,21
rb1805,20170925,20170922,210518000,3440.0,29006,460778,999355940.0,3441.0,76,3440.0,15
rb1805,20170925,20170922,210518500,3440.0,29032,460804,1000250340.0,3441.0,77,3440.0,8
rb1805,20170925,20170922,210519000,3440.0,29050,460818,1000869540.0,3440.0,84,3439.0,87
rb1805,20170925,20170922,210519500,3440.0,29054,460822,1001007140.0,3440.0,43,3439.0,87
rb1805,20170925,20170922,210520000,3440.0,29068,460830,1001488720.0,3440.0,38,3439.0,86
rb1805,20170925,20170922,210520500,3440.0,29070,460832,1001557520.0,3440.0,37,3439.0,86
rb1805,20170925,20170922,210521000,3440.0,29072,460834,1001626320.0,3440.0,39,3439.0,86
rb1805,20170925,20170922,210521500,3440.0,29078,460836,1001832700.0,3440.0,35,3439.0,85
rb1805,20170925,20170922,210522000,3440.0,29230,460896,1007060000.0,3440.0,52,3439.0,10
rb1805,20170925,20170922,210522500,3440.0,29450,460968,1014626920.0,3439.0,57,3438.0,108
rb1805,20170925,20170922,210523000,3439.0,29458,460976,1014902000.0,3439.0,60,3438.0,109
rb1805,20170925,20170922,210523500,3438.0,29472,460988,1015383320.0,3439.0,61,3438.0,98
rb1805,20170925,20170922,210524000,3438.0,29482,460990,1015727120.0,3439.0,61,3438.0,93
rb1805,20170925,20170922,210524500,3439.0,29486,460992,1015864660.0,3439.0,60,3438.0,92
rb1805,20170925,20170922,210525000,3438.0,29500,461004,1016346000.0,3439.0,59,3438.0,86
rb1805,20170925,20170922,210525500,3438.0,29500,461004,1016346000.0,3439.0,59,3438.0,86
rb1805,20170925,20170922,210526000,3438.0,29502,461006,1016414760.0,3439.0,60,3438.0,85
rb1805,20170925,20170922,210526500,3438.0,29502,461006,1016414760.0,3439.0,60,3438.0,86
rb1805,20170925,20170922,210527000,3438.0,29504,461006,1016483520.0,3439.0,55,3438.0,85
rb1805,20170925,20170922,210527500,3439.0,29512,461010,1016758580.0,3439.0,54,3438.0,82
rb1805,20170925,20170922,210528000,3438.0,29518,461012,1016964860.0,3439.0,55,3438.0,81
rb1805,20170925,20170922,210528500,3438.0,29520,461014,1017033620.0,3439.0,55,3438.0,81
rb1805,20170925,20170922,210529000,3438.0,29522,461016,1017102380.0,3439.0,55,3438.0,80
rb1805,20170925,20170922,210529500,3439.0,29542,461036,1017790180.0,3439.0,46,3438.0,75
rb1805,20170925,20170922,210530000,3438.0,29562,461046,1018477860.0,3439.0,42,3438.0,73
rb1805,20170925,20170922,210530500,3438.0,29564,461048,1018546620.0,3439.0,47,3438.0,70
rb1805,20170925,20170922,210531000,3438.0,29576,461056,1018959180.0,3439.0,47,3438.0,64
rb1805,20170925,20170922,210531500,3438.0,29576,461056,1018959180.0,3439.0,47,3438.0,64
rb1805,20170925,20170922,210532000,3438.0,29726,461180,1024116380.0,3438.0,189,3437.0,300
rb1805,20170925,20170922,210532500,3438.0,30052,461212,1035324260.0,3438.0,26,3437.0,304
rb1805,20170925,20170922,210533000,3438.0,30120,461258,1037662100.0,3439.0,38,3438.0,74
rb1805,20170925,20170922,210533500,3438.0,30134,461260,1038143420.0,3439.0,33,3438.0,39
rb1805,20170925,20170922,210534000,3439.0,30136,461262,1038212200.0,3439.0,32,3438.0,61
rb1805,20170925,20170922,210534500,3439.0,30150,461276,1038693560.0,3439.0,31,3438.0,58
rb1805,20170925,20170922,210535000,3438.0,30152,461278,1038762320.0,3439.0,32,3438.0,57
rb1805,20170925,20170922,210535500,3438.0,30152,461278,1038762320.0,3439.0,33,3438.0,57
rb1805,20170925,20170922,210536000,3438.0,30152,461278,1038762320.0,3439.0,33,3438.0,57
rb1805,20170925,20170922,210536500,3438.0,30152,461278,1038762320.0,3439.0,38,3438.0,64
rb1805,20170925,20170922,210537000,3438.0,30152,461278,1038762320.0,3439.0,38,3438.0,70
rb1805,20170925,20170922,210537500,3438.0,30198,461300,1040343960.0,3439.0,31,3438.0,55
rb1805,20170925,20170922,210538000,3438.0,30204,461300,1040550240.0,3439.0,31,3438.0,52
rb1805,20170925,20170922,210538500,3438.0,30218,461298,1041031560.0,3439.0,31,3438.0,45
rb1805,20170925,20170922,210539000,3438.0,30224,461298,1041237840.0,3439.0,31,3438.0,42
rb1805,20170925,20170922,210539500,3438.0,30234,461300,1041581640.0,3439.0,36,3438.0,37
rb1805,20170925,20170922,210540000,3438.0,30244,461300,1041925440.0,3439.0,37,3438.0,34
rb1805,20170925,20170922,210540500,3438.0,30250,461300,1042131720.0,3439.0,37,3438.0,31
rb1805,20170925,20170922,210541000,3438.0,30314,461288,1044332040.0,3439.0,42,3438.0,4
rb1805,20170925,20170922,210541500,3437.0,30334,461300,1045019520.0,3438.0,28,3437.0,293
rb1805,20170925,20170922,210542000,3438.0,30346,461308,1045432000.0,3438.0,21,3437.0,288
rb1805,20170925,20170922,210542500,3438.0,30346,461308,1045432000.0,3438.0,49,3437.0,293
rb1805,20170925,20170922,210543000,3438.0,30400,461314,1047288520.0,3438.0,22,3437.0,293
rb1805,20170925,20170922,210543500,3438.0,30446,461314,1048870000.0,3439.0,45,3438.0,89
rb1805,20170925,20170922,210544000,3438.0,30452,461314,1049076280.0,3439.0,44,3438.0,72
rb1805,20170925,20170922,210544500,3438.0,30600,461258,1054164520.0,3438.0,4,3437.0,299
rb1805,20170925,20170922,210545000,3438.0,30600,461258,1054164520.0,3438.0,21,3437.0,293
rb1805,20170925,20170922,210545500,3438.0,30648,461258,1055814760.0,3439.0,43,3438.0,18
rb1805,20170925,20170922,210546000,3438.0,30672,461238,1056639880.0,3439.0,45,3438.0,6
rb1805,20170925,20170922,210546500,3438.0,30698,461238,1057533660.0,3438.0,50,3437.0,288
rb1805,20170925,20170922,210547000,3437.0,30708,461246,1057877360.0,3438.0,36,3437.0,283
rb1805,20170925,20170922,210547500,3437.0,30720,461246,1058289800.0,3438.0,36,3437.0,277
rb1805,20170925,20170922,210548000,3438.0,30722,461246,1058358560.0,3438.0,19,3437.0,277
rb1805,20170925,20170922,210548500,3437.0,30732,461250,1058702260.0,3438.0,17,3437.0,272
rb1805,20170925,20170922,210549000,3437.0,30734,461252,1058771000.0,3438.0,17,3437.0,271
rb1805,20170925,20170922,210549500,3438.0,30746,461256,1059183460.0,3438.0,23,3437.0,266
rb1805,20170925,20170922,210550000,3438.0,30768,461256,1059939800.0,3438.0,8,3437.0,265
rb1805,20170925,20170922,210550500,3437.0,30778,461258,1060283500.0,3438.0,18,3437.0,260
rb1805,20170925,20170922,210551000,3438.0,30794,461270,1060833560.0,3438.0,12,3437.0,260
rb1805,20170925,20170922,210551500,3437.0,30804,461280,1061177260.0,3438.0,12,3437.0,257
rb1805,20170925,20170922,210552000,3437.0,30816,461288,1061589800.0,3438.0,7,3437.0,256
rb1805,20170925,20170922,210552500,3437.0,30816,461288,1061589800.0,3438.0,7,3437.0,256
rb1805,20170925,20170922,210553000,3438.0,30826,461292,1061933600.0,3439.0,35,3438.0,22
rb1805,20170925,20170922,210553500,3438.0,30856,461288,1062965000.0,3438.0,39,3437.0,261
rb1805,20170925,20170922,210554000,3438.0,30856,461288,1062965000.0,3438.0,47,3437.0,257
rb1805,20170925,20170922,210554500,3438.0,30856,461288,1062965000.0,3438.0,47,3437.0,259
rb1805,20170925,20170922,210555000,3437.0,30896,461328,1064339800.0,3438.0,51,3437.0,243
rb1805,20170925,20170922,210555500,3437.0,30902,461334,1064546040.0,3438.0,48,3437.0,242
rb1805,20170925,20170922,210556000,3437.0,30952,461382,1066264540.0,3438.0,29,3437.0,219
rb1805,20170925,20170922,210556500,3438.0,30956,461386,1066402060.0,3438.0,22,3437.0,219
rb1805,20170925,20170922,210557000,3437.0,30966,461396,1066745760.0,3438.0,39,3437.0,214
rb1805,20170925,20170922,210557500,3437.0,30996,461426,1067776860.0,3438.0,46,3437.0,199
rb1805,20170925,20170922,210558000,3437.0,31072,461502,1070388980.0,3438.0,47,3437.0,161
rb1805,20170925,20170922,210558500,3437.0,31216,461510,1075338260.0,3438.0,51,3437.0,84
rb1805,20170925,20170922,210559000,3437.0,31218,461508,1075407000.0,3438.0,51,3437.0,92
rb1805,20170925,20170922,210559500,3437.0,31222,461506,1075544480.0,3438.0,53,3437.0,90
rb1805,20170925,20170922,210600000,3438.0,31236,461510,1076025680.0,3438.0,53,3437.0,85
rb1805,20170925,20170922,210600500,3437.0,31310,461580,1078569060.0,3438.0,57,3437.0,48
rb1805,20170925,20170922,210601000,3437.0,31342,461604,1079668920.0,3438.0,81,3437.0,33
rb1805,20170925,20170922,210601500,3437.0,31352,461614,1080012620.0,3438.0,89,3437.0,28
rb1805,20170925,20170922,210602000,3438.0,31358,461620,1080218900.0,3438.0,87,3437.0,28
rb1805,20170925,20170922,210602500,3438.0,31360,461622,1080287660.0,3438.0,94,3437.0,29
rb1805,20170925,20170922,210603000,3437.0,31460,461620,1083725060.0,3438.0,81,3436.0,44
rb1805,20170925,20170922,210603500,3436.0,31512,461638,1085511780.0,3437.0,64,3436.0,19
rb1805,20170925,20170922,210604000,3436.0,31620,461704,1089223880.0,3437.0,23,3436.0,4
rb1805,20170925,20170922,210604500,3436.0,31656,461682,1090460860.0,3436.0,32,3435.0,148
rb1805,20170925,20170922,210605000,3435.0,31738,461622,1093278360.0,3436.0,9,3435.0,151
rb1805,20170925,20170922,210605500,3435.0,31784,461602,1094858640.0,3438.0,44,3435.0,137
rb1805,20170925,20170922,210606000,3435.0,32002,461542,1102347000.0,3436.0,2,3435.0,38
rb1805,20170925,20170922,210606500,3436.0,32066,461600,1104545540.0,3436.0,2,3435.0,9
rb1805,20170925,20170922,210607000,3435.0,32070,461602,1104682960.0,3436.0,1,3435.0,3
rb1805,20170925,20170922,210607500,3436.0,32098,461602,1105645040.0,3437.0,9,3436.0,1
rb1805,20170925,20170922,210608000,3434.0,32150,461642,1107431220.0,3435.0,2,3434.0,76
rb1805,20170925,20170922,210608500,3435.0,32186,461626,1108667820.0,3437.0,31,3436.0,1
rb1805,20170925,20170922,210609000,3436.0,32210,461624,1109492500.0,3437.0,16,3435.0,30
rb1805,20170925,20170922,210609500,3436.0,32214,461626,1109629920.0,3437.0,20,3436.0,2
rb1805,20170925,20170922,210610000,3436.0,32218,461626,1109767360.0,3437.0,27,3435.0,80
rb1805,20170925,20170922,210610500,3435.0,32226,461624,1110042280.0,3436.0,2,3435.0,81
rb1805,20170925,20170922,210611000,3436.0,32232,461624,1110248440.0,3437.0,15,3436.0,3
rb1805,20170925,20170922,210611500,3436.0,32238,461624,1110454580.0,3436.0,9,3435.0,79
rb1805,20170925,20170922,210612000,3436.0,32246,461624,1110729460.0,3436.0,16,3435.0,79
rb1805,20170925,20170922,210612500,3436.0,32294,461660,1112378480.0,3436.0,6,3435.0,67
rb1805,20170925,20170922,210613000,3435.0,32486,461610,1118974900.0,3436.0,1,3435.0,55
rb1805,20170925,20170922,210613500,3436.0,32500,461614,1119455940.0,3437.0,17,3436.0,29
rb1805,20170925,20170922,210614000,3436.0,32540,461600,1120830500.0,3437.0,9,3436.0,16
rb1805,20170925,20170922,210614500,3437.0,32586,461620,1122411520.0,3438.0,55,3437.0,9
rb1805,20170925,20170922,210615000,3437.0,32602,461614,1122961440.0,3438.0,59,3437.0,34
rb1805,20170925,20170922,210615500,3437.0,32620,461608,1123580140.0,3438.0,57,3437.0,27
rb1805,20170925,20170922,210616000,3435.0,32740,461668,1127703740.0,3437.0,1,3436.0,1
rb1805,20170925,20170922,210616500,3436.0,32752,461666,1128116140.0,3437.0,5,3436.0,1
rb1805,20170925,20170922,210617000,3437.0,32758,461670,1128322360.0,3437.0,12,3436.0,7
rb1805,20170925,20170922,210617500,3437.0,32760,461672,1128391100.0,3437.0,15,3436.0,24
rb1805,20170925,20170922,210618000,3437.0,32762,461674,1128459840.0,3437.0,14,3436.0,25
rb1805,20170925,20170922,210618500,3436.0,32812,461696,1130177840.0,3436.0,7,3435.0,64
rb1805,20170925,20170922,210619000,3437.0,32830,461706,1130796340.0,3437.0,17,3436.0,3
rb1805,20170925,20170922,210619500,3437.0,32892,461690,1132927380.0,3438.0,60,3437.0,11
rb1805,20170925,20170922,210620000,3437.0,32944,461686,1134714620.0,3437.0,192,3436.0,19
rb1805,20170925,20170922,210620500,3436.0,32994,461704,1136432620.0,3436.0,36,3435.0,50
rb1805,20170925,20170922,210621000,3436.0,33070,461720,1139043980.0,3437.0,173,3436.0,2
rb1805,20170925,20170922,210621500,3436.0,33110,461686,1140418400.0,3436.0,10,3435.0,61
rb1805,20170925,20170922,210622000,3436.0,33134,461678,1141243040.0,3437.0,148,3436.0,8
rb1805,20170925,20170922,210622500,3437.0,33142,461676,1141517940.0,3437.0,156,3436.0,19
rb1805,20170925,20170922,210623000,3436.0,33156,461680,1141998980.0,3437.0,157,3436.0,12
rb1805,20170925,20170922,210623500,3435.0,33212,461696,1143922960.0,3436.0,90,3435.0,52
rb1805,20170925,20170922,210624000,3436.0,33272,461696,1145984040.0,3436.0,131,3435.0,11
rb1805,20170925,20170922,210624500,3435.0,33306,461704,1147151940.0,3435.0,5,3434.0,100
rb1805,20170925,20170922,210625000,3435.0,33328,461696,1147907580.0,3435.0,3,3434.0,95
rb1805,20170925,20170922,210625500,3436.0,33354,461720,1148800900.0,3436.0,120,3435.0,1
rb1805,20170925,20170922,210626000,3434.0,33570,461858,1156218380.0,3434.0,7,3433.0,52
rb1805,20170925,20170922,210626500,3433.0,33618,461858,1157866660.0,3434.0,1,3433.0,64
rb1805,20170925,20170922,210627000,3433.0,33638,461854,1158553420.0,3435.0,9,3433.0,63
rb1805,20170925,20170922,210627500,3433.0,33638,461854,1158553420.0,3435.0,13,3434.0,14
rb1805,20170925,20170922,210628000,3435.0,33668,461860,1159583460.0,3435.0,22,3433.0,61
rb1805,20170925,20170922,210628500,3435.0,33674,461862,1159789520.0,3435.0,58,3433.0,65
rb1805,20170925,20170922,210629000,3433.0,33676,461862,1159858180.0,3435.0,59,3433.0,74
rb1805,20170925,20170922,210629500,3433.0,33702,461878,1160750800.0,3434.0,6,3433.0,61
rb1805,20170925,20170922,210630000,3433.0,33722,461890,1161437500.0,3434.0,4,3433.0,57
rb1805,20170925,20170922,210630500,3434.0,33744,461892,1162192940.0,3434.0,5,3433.0,56
rb1805,20170925,20170922,210631000,3434.0,33760,461900,1162742400.0,3435.0,100,3434.0,5
rb1805,20170925,20170922,210631500,3434.0,33776,461906,1163291840.0,3435.0,97,3433.0,55
rb1805,20170925,20170922,210632000,3434.0,33788,461912,1163703920.0,3435.0,96,3434.0,247
rb1805,20170925,20170922,210632500,3435.0,33806,461904,1164322060.0,3435.0,85,3434.0,251
rb1805,20170925,20170922,210633000,3435.0,33818,461898,1164734160.0,3435.0,78,3434.0,252
rb1805,20170925,20170922,210633500,3435.0,33828,461894,1165077600.0,3435.0,72,3434.0,249
rb1805,20170925,20170922,210634000,3434.0,33842,461892,1165558420.0,3435.0,70,3434.0,246
rb1805,20170925,20170922,210634500,3434.0,33862,461886,1166245320.0,3435.0,70,3434.0,261
rb1805,20170925,20170922,210635000,3434.0,33864,461886,1166314000.0,3435.0,71,3434.0,260
rb1805,20170925,20170922,210635500,3434.0,33946,461900,1169130080.0,3435.0,62,3434.0,212
rb1805,20170925,20170922,210636000,3435.0,33958,461900,1169542180.0,3435.0,63,3434.0,211
rb1805,20170925,20170922,210636500,3434.0,33980,461900,1170297680.0,3435.0,73,3434.0,201
rb1805,20170925,20170922,210637000,3435.0,34032,461890,1172083780.0,3435.0,54,3434.0,196
rb1805,20170925,20170922,210637500,3435.0,34036,461894,1172221180.0,3435.0,53,3434.0,196
rb1805,20170925,20170922,210638000,3435.0,34038,461896,1172289880.0,3435.0,52,3434.0,196
rb1805,20170925,20170922,210638500,3435.0,34042,461900,1172427280.0,3435.0,51,3434.0,196
rb1805,20170925,20170922,210639000,3434.0,34078,461900,1173663520.0,3435.0,54,3434.0,181
rb1805,20170925,20170922,210639500,3435.0,34082,461902,1173800920.0,3435.0,52,3434.0,181
rb1805,20170925,20170922,210640000,3435.0,34124,461904,1175243220.0,3435.0,52,3434.0,167
rb1805,20170925,20170922,210640500,3435.0,34188,461902,1177441340.0,3435.0,34,3434.0,153
rb1805,20170925,20170922,210641000,3435.0,34188,461902,1177441340.0,3435.0,39,3434.0,148
rb1805,20170925,20170922,210641500,3435.0,34194,461902,1177647420.0,3435.0,45,3434.0,143
rb1805,20170925,20170922,210642000,3434.0,34208,461902,1178128200.0,3435.0,44,3434.0,138
rb1805,20170925,20170922,210642500,3435.0,34212,461904,1178265580.0,3435.0,43,3434.0,139
rb1805,20170925,20170922,210643000,3435.0,34214,461906,1178334280.0,3435.0,42,3434.0,139
rb1805,20170925,20170922,210643500,3435.0,34228,461908,1178815140.0,3435.0,37,3434.0,137
rb1805,20170925,20170922,210644000,3435.0,34228,461908,1178815140.0,3435.0,38,3434.0,139
rb1805,20170925,20170922,210644500,3435.0,34232,461912,1178952540.0,3435.0,48,3434.0,140
rb1805,20170925,20170922,210645000,3435.0,34232,461912,1178952540.0,3435.0,48,3434.0,141
rb1805,20170925,20170922,210645500,3435.0,34236,461914,1179089920.0,3435.0,47,3434.0,141
rb1805,20170925,20170922,210646000,3434.0,34238,461914,1179158600.0,3435.0,50,3434.0,140
rb1805,20170925,20170922,210646500,3434.0,34424,461734,1185545860.0,3435.0,61,3434.0,49
rb1805,20170925,20170922,210647000,3434.0,34470,461704,1187125500.0,3435.0,62,3434.0,25
rb1805,20170925,20170922,210647500,3434.0,34526,461728,1189048560.0,3434.0,78,3433.0,48
rb1805,20170925,20170922,210648000,3434.0,34536,461736,1189391960.0,3434.0,73,3433.0,49
rb1805,20170925,20170922,210648500,3434.0,34548,461736,1189804040.0,3434.0,22,3433.0,48
rb1805,20170925,20170922,210649000,3434.0,34600,461728,1191589720.0,3435.0,90,3434.0,4
rb1805,20170925,20170922,210649500,3434.0,34616,461720,1192139160.0,3434.0,29,3433.0,49
rb1805,20170925,20170922,210650000,3433.0,34624,461722,1192413840.0,3434.0,25,3433.0,47
rb1805,20170925,20170922,210650500,3434.0,34728,461772,1195984260.0,3434.0,20,3432.0,180
rb1805,20170925,20170922,210651000,3433.0,34874,461754,1200995440.0,3434.0,21,3433.0,7
rb1805,20170925,20170922,210651500,3432.0,34920,461756,1202574560.0,3434.0,21,3432.0,136
rb1805,20170925,20170922,210652000,3434.0,34944,461750,1203398560.0,3434.0,14,3432.0,134
rb1805,20170925,20170922,210652500,3434.0,34954,461742,1203741960.0,3434.0,17,3432.0,135
rb1805,20170925,20170922,210653000,3434.0,34954,461742,1203741960.0,3433.0,2,3432.0,135
rb1805,20170925,20170922,210653500,3433.0,34968,461744,1204222580.0,3434.0,17,3433.0,16
rb1805,20170925,20170922,210654000,3433.0,34988,461742,1204909200.0,3434.0,30,3433.0,112
rb1805,20170925,20170922,210654500,3433.0,35020,461724,1206007860.0,3434.0,29,3433.0,102
rb1805,20170925,20170922,210655000,3433.0,35046,461704,1206900480.0,3434.0,30,3433.0,101
rb1805,20170925,20170922,210655500,3433.0,35060,461698,1207381180.0,3434.0,26,3433.0,99
rb1805,20170925,20170922,210656000,3433.0,35060,461698,1207381180.0,3434.0,17,3433.0,101
rb1805,20170925,20170922,210656500,3433.0,35154,461686,1210608280.0,3434.0,22,3433.0,59
rb1805,20170925,20170922,210657000,3434.0,35258,461698,1214178640.0,3434.0,26,3433.0,9
rb1805,20170925,20170922,210657500,3433.0,35268,461698,1214522020.0,3434.0,14,3433.0,23
rb1805,20170925,20170922,210658000,3433.0,35278,461698,1214865320.0,3434.0,16,3433.0,19
rb1805,20170925,20170922,210658500,3433.0,35278,461698,1214865320.0,3434.0,16,3433.0,40
rb1805,20170925,20170922,210659000,3433.0,35288,461702,1215208620.0,3434.0,17,3433.0,35
rb1805,20170925,20170922,210659500,3434.0,35290,461702,1215277300.0,3434.0,16,3433.0,41
rb1805,20170925,20170922,210700000,3433.0,35292,461702,1215345960.0,3434.0,17,3433.0,41
rb1805,20170925,20170922,210700500,3433.0,35298,461702,1215551960.0,3434.0,16,3433.0,40
rb1805,20170925,20170922,210701000,3433.0,35298,461702,1215551960.0,3434.0,16,3433.0,51
rb1805,20170925,20170922,210701500,3434.0,35304,461706,1215758000.0,3434.0,13,3433.0,52
rb1805,20170925,20170922,210702000,3434.0,35312,461708,1216032720.0,3434.0,9,3433.0,58
rb1805,20170925,20170922,210702500,3433.0,35322,461700,1216376080.0,3434.0,9,3433.0,64
rb1805,20170925,20170922,210703000,3434.0,35366,461686,1217886640.0,3434.0,7,3433.0,44
rb1805,20170925,20170922,210703500,3433.0,35410,461728,1219397160.0,3434.0,15,3433.0,22
rb1805,20170925,20170922,210704000,3434.0,35416,461724,1219603180.0,3434.0,15,3433.0,21
rb1805,20170925,20170922,210704500,3434.0,35422,461726,1219809220.0,3434.0,12,3433.0,22
rb1805,20170925,20170922,210705000,3434.0,35468,461756,1221388860.0,3435.0,98,3434.0,1
rb1805,20170925,20170922,210705500,3435.0,35502,461758,1222556440.0,3435.0,101,3433.0,32
rb1805,20170925,20170922,210706000,3435.0,35522,461768,1223243440.0,3435.0,107,3433.0,37
rb1805,20170925,20170922,210706500,3434.0,35530,461774,1223518160.0,3434.0,11,3433.0,38
rb1805,20170925,20170922,210707000,3434.0,35532,461776,1223586840.0,3434.0,28,3433.0,38
rb1805,20170925,20170922,210707500,3434.0,35538,461782,1223792880.0,3434.0,29,3433.0,38
rb1805,20170925,20170922,210708000,3434.0,35542,461786,1223930240.0,3434.0,35,3433.0,49
rb1805,20170925,20170922,210708500,3434.0,35552,461788,1224273640.0,3434.0,32,3433.0,49
rb1805,20170925,20170922,210709000,3434.0,35558,461792,1224479660.0,3434.0,30,3433.0,50
rb1805,20170925,20170922,210709500,3434.0,35564,461792,1224685700.0,3434.0,27,3433.0,72
rb1805,20170925,20170922,210710000,3434.0,35620,461792,1226608740.0,3435.0,105,3434.0,2
rb1805,20170925,20170922,210710500,3434.0,35630,461792,1226952140.0,3434.0,2,3433.0,75
rb1805,20170925,20170922,210711000,3434.0,35632,461792,1227020820.0,3434.0,1,3433.0,83
rb1805,20170925,20170922,210711500,3434.0,35660,461814,1227982360.0,3435.0,103,3433.0,84
rb1805,20170925,20170922,210712000,3434.0,35662,461814,1228051040.0,3434.0,7,3433.0,87
rb1805,20170925,20170922,210712500,3434.0,35686,461800,1228875220.0,3435.0,101,3434.0,56
rb1805,20170925,20170922,210713000,3434.0,35688,461800,1228943900.0,3435.0,97,3434.0,56
rb1805,20170925,20170922,210713500,3434.0,35688,461800,1228943900.0,3435.0,96,3434.0,63
rb1805,20170925,20170922,210714000,3434.0,35692,461796,1229081260.0,3435.0,96,3434.0,62
rb1805,20170925,20170922,210714500,3434.0,35702,461800,1229424680.0,3435.0,96,3434.0,158
rb1805,20170925,20170922,210715000,3434.0,35902,461928,1236292700.0,3435.0,123,3434.0,60
rb1805,20170925,20170922,210715500,3434.0,36032,462048,1240756900.0,3434.0,1,3433.0,90
rb1805,20170925,20170922,210716000,3434.0,36032,462048,1240756900.0,3434.0,4,3433.0,90
rb1805,20170925,20170922,210716500,3434.0,36050,462046,1241375020.0,3435.0,113,3434.0,3
rb1805,20170925,20170922,210717000,3434.0,36060,462036,1241718420.0,3435.0,115,3434.0,6
rb1805,20170925,20170922,210717500,3434.0,36062,462034,1241787100.0,3435.0,115,3434.0,5
rb1805,20170925,20170922,210718000,3435.0,36082,462054,1242474100.0,3435.0,105,3434.0,5
rb1805,20170925,20170922,210718500,3435.0,36114,462074,1243573240.0,3435.0,94,3434.0,3
rb1805,20170925,20170922,210719000,3434.0,36118,462074,1243710600.0,3435.0,96,3434.0,2
rb1805,20170925,20170922,210719500,3435.0,36132,462086,1244191500.0,3435.0,90,3434.0,3
rb1805,20170925,20170922,210720000,3434.0,36134,462086,1244260180.0,3435.0,90,3434.0,2
rb1805,20170925,20170922,210720500,3434.0,36136,462088,1244328860.0,3435.0,90,3434.0,1
rb1805,20170925,20170922,210721000,3434.0,36136,462088,1244328860.0,3435.0,93,3434.0,2
rb1805,20170925,20170922,210721500,3433.0,36178,462090,1245770760.0,3435.0,102,3433.0,75
rb1805,20170925,20170922,210722000,3433.0,36220,462130,1247212660.0,3435.0,101,3434.0,1
rb1805,20170925,20170922,210722500,3434.0,36222,462128,1247281340.0,3435.0,101,3434.0,2
rb1805,20170925,20170922,210723000,3433.0,36228,462130,1247487360.0,3434.0,9,3433.0,53
rb1805,20170925,20170922,210723500,3435.0,36244,462126,1248036880.0,3434.0,1,3433.0,53
rb1805,20170925,20170922,210724000,3434.0,36246,462126,1248105560.0,3435.0,89,3434.0,4
rb1805,20170925,20170922,210724500,3434.0,36250,462126,1248242920.0,3434.0,1,3433.0,53
rb1805,20170925,20170922,210725000,3434.0,36338,462080,1251264040.0,3434.0,30,3433.0,13
rb1805,20170925,20170922,210725500,3434.0,36432,462158,1254490780.0,3434.0,23,3433.0,1
rb1805,20170925,20170922,210726000,3434.0,36442,462164,1254834100.0,3434.0,35,3432.0,74
rb1805,20170925,20170922,210726500,3434.0,36442,462164,1254834100.0,3434.0,37,3433.0,9
rb1805,20170925,20170922,210727000,3434.0,36442,462164,1254834100.0,3434.0,38,3433.0,9
rb1805,20170925,20170922,210727500,3433.0,36446,462166,1254971420.0,3434.0,38,3433.0,7
rb1805,20170925,20170922,210728000,3433.0,36470,462156,1255795340.0,3434.0,38,3432.0,74
rb1805,20170925,20170922,210728500,3434.0,36476,462156,1256001380.0,3433.0,1,3432.0,76
rb1805,20170925,20170922,210729000,3433.0,36480,462156,1256138700.0,3433.0,1,3432.0,76
rb1805,20170925,20170922,210729500,3434.0,36492,462158,1256550700.0,3434.0,22,3433.0,9
rb1805,20170925,20170922,210730000,3434.0,36504,462170,1256962720.0,3434.0,22,3433.0,13
rb1805,20170925,20170922,210730500,3434.0,36504,462170,1256962720.0,3434.0,22,3433.0,20
rb1805,20170925,20170922,210731000,3433.0,36508,462170,1257100040.0,3434.0,25,3433.0,19
rb1805,20170925,20170922,210731500,3433.0,36510,462170,1257168700.0,3434.0,23,3433.0,15
rb1805,20170925,20170922,210732000,3433.0,36510,462170,1257168700.0,3434.0,20,3433.0,15
rb1805,20170925,20170922,210732500,3433.0,36510,462170,1257168700.0,3434.0,20,3433.0,15
rb1805,20170925,20170922,210733000,3433.0,36596,462158,1260120580.0,3433.0,7,3432.0,55
rb1805,20170925,20170922,210733500,3433.0,36598,462158,1260189240.0,3433.0,8,3432.0,104
rb1805,20170925,20170922,210734000,3433.0,36612,462156,1260669860.0,3433.0,58,3432.0,104
rb1805,20170925,20170922,210734500,3433.0,36732,462224,1264789460.0,3434.0,18,3433.0,3
rb1805,20170925,20170922,210735000,3433.0,36736,462228,1264926780.0,3434.0,21,3433.0,13
rb1805,20170925,20170922,210735500,3433.0,36736,462228,1264926780.0,3434.0,21,3433.0,13
rb1805,20170925,20170922,210736000,3433.0,36740,462230,1265064100.0,3434.0,21,3433.0,11
rb1805,20170925,20170922,210736500,3433.0,36742,462228,1265132760.0,3434.0,18,3433.0,19
rb1805,20170925,20170922,210737000,3434.0,36782,462260,1266506360.0,3435.0,121,3433.0,29
rb1805,20170925,20170922,210737500,3434.0,36804,462258,1267262040.0,3435.0,105,3434.0,3
rb1805,20170925,20170922,210738000,3434.0,36818,462258,1267742780.0,3434.0,36,3433.0,31
rb1805,20170925,20170922,210738500,3434.0,36818,462258,1267742780.0,3434.0,24,3433.0,33
rb1805,20170925,20170922,210739000,3434.0,36818,462258,1267742780.0,3434.0,35,3433.0,63
rb1805,20170925,20170922,210739500,3433.0,36822,462262,1267880100.0,3434.0,36,3433.0,60
rb1805,20170925,20170922,210740000,3434.0,36826,462262,1268017460.0,3434.0,36,3433.0,63
rb1805,20170925,20170922,210740500,3433.0,36842,462278,1268566740.0,3434.0,36,3433.0,55
rb1805,20170925,20170922,210741000,3434.0,36852,462278,1268910120.0,3434.0,32,3433.0,54
rb1805,20170925,20170922,210741500,3433.0,36854,462280,1268978780.0,3434.0,32,3433.0,53
rb1805,20170925,20170922,210742000,3433.0,36862,462286,1269253420.0,3434.0,33,3433.0,48
rb1805,20170925,20170922,210742500,3433.0,36922,462308,1271313220.0,3434.0,40,3433.0,21
rb1805,20170925,20170922,210743000,3433.0,36998,462242,1273922300.0,3433.0,1,3432.0,110
rb1805,20170925,20170922,210743500,3433.0,36998,462242,1273922300.0,3433.0,1,3432.0,110
rb1805,20170925,20170922,210744000,3433.0,37002,462240,1274059620.0,3433.0,8,3432.0,110
rb1805,20170925,20170922,210744500,3433.0,37020,462224,1274677560.0,3434.0,37,3433.0,44
rb1805,20170925,20170922,210745000,3434.0,37022,462224,1274746240.0,3434.0,36,3433.0,44
rb1805,20170925,20170922,210745500,3433.0,37028,462220,1274952260.0,3434.0,41,3433.0,43
rb1805,20170925,20170922,210746000,3433.0,37028,462220,1274952260.0,3434.0,38,3433.0,44
rb1805,20170925,20170922,210746500,3434.0,37064,462242,1276188380.0,3434.0,26,3433.0,38
rb1805,20170925,20170922,210747000,3433.0,37066,462242,1276257040.0,3434.0,19,3433.0,45
rb1805,20170925,20170922,210747500,3433.0,37066,462242,1276257040.0,3434.0,31,3433.0,46
rb1805,20170925,20170922,210748000,3434.0,37068,462244,1276325720.0,3434.0,30,3433.0,50
rb1805,20170925,20170922,210748500,3434.0,37070,462244,1276394400.0,3434.0,31,3433.0,50
rb1805,20170925,20170922,210749000,3433.0,37072,462242,1276463060.0,3434.0,31,3433.0,54
rb1805,20170925,20170922,210749500,3434.0,37076,462244,1276600420.0,3434.0,20,3433.0,55
rb1805,20170925,20170922,210750000,3433.0,37078,462244,1276669080.0,3434.0,30,3433.0,54
rb1805,20170925,20170922,210750500,3433.0,37078,462244,1276669080.0,3434.0,38,3433.0,56
rb1805,20170925,20170922,210751000,3434.0,37082,462248,1276806440.0,3434.0,40,3433.0,56
rb1805,20170925,20170922,210751500,3433.0,37084,462248,1276875100.0,3434.0,39,3433.0,56
rb1805,20170925,20170922,210752000,3433.0,37084,462248,1276875100.0,3434.0,37,3433.0,56
rb1805,20170925,20170922,210752500,3434.0,37096,462244,1277287180.0,3434.0,32,3433.0,56
rb1805,20170925,20170922,210753000,3433.0,37130,462248,1278454400.0,3434.0,32,3433.0,38
rb1805,20170925,20170922,210753500,3433.0,37132,462246,1278523060.0,3434.0,40,3433.0,37
rb1805,20170925,20170922,210754000,3434.0,37134,462244,1278591740.0,3434.0,39,3433.0,38
rb1805,20170925,20170922,210754500,3433.0,37210,462200,1281200820.0,3433.0,7,3432.0,118
rb1805,20170925,20170922,210755000,3433.0,37216,462200,1281406800.0,3433.0,2,3432.0,112
rb1805,20170925,20170922,210755500,3433.0,37218,462198,1281475460.0,3433.0,13,3432.0,112
rb1805,20170925,20170922,210756000,3433.0,37222,462202,1281612780.0,3433.0,78,3432.0,112
rb1805,20170925,20170922,210756500,3433.0,37226,462204,1281750100.0,3433.0,81,3432.0,113
rb1805,20170925,20170922,210757000,3433.0,37228,462204,1281818760.0,3433.0,80,3432.0,113
rb1805,20170925,20170922,210757500,3433.0,37232,462204,1281956080.0,3433.0,78,3432.0,113
rb1805,20170925,20170922,210758000,3432.0,37266,462216,1283123040.0,3433.0,75,3432.0,100
rb1805,20170925,20170922,210758500,3432.0,37272,462216,1283328960.0,3433.0,75,3432.0,99
rb1805,20170925,20170922,210759000,3432.0,37274,462216,1283397600.0,3433.0,80,3432.0,98
rb1805,20170925,20170922,210759500,3432.0,37274,462216,1283397600.0,3433.0,80,3432.0,99
rb1805,20170925,20170922,210800000,3432.0,37282,462212,1283672160.0,3433.0,82,3432.0,94
rb1805,20170925,20170922,210800500,3432.0,37322,462216,1285044960.0,3433.0,82,3432.0,74
rb1805,20170925,20170922,210801000,3432.0,37350,462220,1286005960.0,3433.0,80,3432.0,62
rb1805,20170925,20170922,210801500,3433.0,37354,462222,1286143260.0,3433.0,79,3432.0,62
rb1805,20170925,20170922,210802000,3432.0,37358,462222,1286280540.0,3433.0,73,3432.0,60
rb1805,20170925,20170922,210802500,3433.0,37366,462222,1286555180.0,3433.0,64,3432.0,60
rb1805,20170925,20170922,210803000,3432.0,37368,462224,1286623820.0,3433.0,64,3432.0,59
rb1805,20170925,20170922,210803500,3432.0,37368,462224,1286623820.0,3433.0,66,3432.0,59
rb1805,20170925,20170922,210804000,3432.0,37368,462224,1286623820.0,3433.0,66,3432.0,59
rb1805,20170925,20170922,210804500,3432.0,37450,462230,1289438840.0,3433.0,27,3432.0,58
rb1805,20170925,20170922,210805000,3432.0,37450,462230,1289438840.0,3433.0,27,3432.0,58
rb1805,20170925,20170922,210805500,3433.0,37452,462230,1289507500.0,3433.0,26,3432.0,58
rb1805,20170925,20170922,210806000,3432.0,37458,462232,1289713460.0,3433.0,25,3432.0,59
rb1805,20170925,20170922,210806500,3433.0,37480,462250,1290468620.0,3433.0,19,3432.0,55
rb1805,20170925,20170922,210807000,3432.0,37482,462252,1290537260.0,3433.0,19,3432.0,56
rb1805,20170925,20170922,210807500,3433.0,37522,462250,1291910460.0,3434.0,28,3433.0,19
rb1805,20170925,20170922,210808000,3433.0,37526,462250,1292047780.0,3434.0,34,3433.0,17
rb1805,20170925,20170922,210808500,3433.0,37558,462250,1293146340.0,3434.0,35,3433.0,4
rb1805,20170925,20170922,210809000,3433.0,37566,462248,1293420980.0,3433.0,15,3432.0,64
rb1805,20170925,20170922,210809500,3433.0,37578,462252,1293832920.0,3433.0,7,3432.0,63
rb1805,20170925,20170922,210810000,3433.0,37580,462254,1293901580.0,3433.0,6,3432.0,64
rb1805,20170925,20170922,210810500,3433.0,37582,462254,1293970240.0,3433.0,14,3432.0,64
rb1805,20170925,20170922,210811000,3433.0,37586,462256,1294107560.0,3433.0,13,3432.0,64
rb1805,20170925,20170922,210811500,3432.0,37590,462258,1294244860.0,3433.0,12,3432.0,63
rb1805,20170925,20170922,210812000,3433.0,37594,462256,1294382180.0,3433.0,10,3432.0,63
rb1805,20170925,20170922,210812500,3433.0,37596,462256,1294450840.0,3433.0,15,3432.0,63
rb1805,20170925,20170922,210813000,3432.0,37606,462258,1294794120.0,3433.0,11,3432.0,63
rb1805,20170925,20170922,210813500,3433.0,37616,462264,1295137400.0,3433.0,7,3432.0,63
rb1805,20170925,20170922,210814000,3432.0,37628,462274,1295549260.0,3433.0,6,3432.0,59
rb1805,20170925,20170922,210814500,3433.0,37630,462274,1295617920.0,3433.0,11,3432.0,59
rb1805,20170925,20170922,210815000,3433.0,37634,462272,1295755220.0,3433.0,10,3432.0,60
rb1805,20170925,20170922,210815500,3432.0,37644,462274,1296098420.0,3433.0,10,3432.0,57
rb1805,20170925,20170922,210816500,3432.0,37646,462276,1296167060.0,3433.0,10,3432.0,56
rb1805,20170925,20170922,210817000,3433.0,37648,462276,1296235720.0,3433.0,9,3432.0,57
rb1805,20170925,20170922,210817500,3433.0,37660,462284,1296647580.0,3433.0,8,3432.0,52
rb1805,20170925,20170922,210818000,3433.0,37664,462282,1296784900.0,3433.0,6,3432.0,52
rb1805,20170925,20170922,210819000,3432.0,37666,462284,1296853540.0,3433.0,6,3432.0,51
rb1805,20170925,20170922,210819500,3433.0,37670,462286,1296990860.0,3433.0,4,3432.0,52
rb1805,20170925,20170922,210820000,3432.0,37714,462282,1298500960.0,3433.0,3,3432.0,31
rb1805,20170925,20170922,210820500,3432.0,37720,462286,1298706880.0,3433.0,7,3432.0,28
rb1805,20170925,20170922,210821000,3432.0,37720,462286,1298706880.0,3433.0,7,3432.0,29
rb1805,20170925,20170922,210821500,3432.0,37726,462290,1298912820.0,3433.0,6,3432.0,27
rb1805,20170925,20170922,210822500,3433.0,37738,462294,1299324780.0,3434.0,26,3433.0,12
rb1805,20170925,20170922,210823000,3432.0,37772,462326,1300491900.0,3434.0,27,3432.0,22
rb1805,20170925,20170922,210823500,3432.0,37776,462324,1300629180.0,3434.0,32,3432.0,36
rb1805,20170925,20170922,210824000,3432.0,37776,462324,1300629180.0,3434.0,34,3433.0,1
rb1805,20170925,20170922,210824500,3434.0,37780,462324,1300766540.0,3434.0,32,3433.0,33
rb1805,20170925,20170922,210825000,3434.0,37780,462324,1300766540.0,3434.0,28,3433.0,49
rb1805,20170925,20170922,210825500,3434.0,37784,462324,1300903900.0,3434.0,26,3433.0,51
rb1805,20170925,20170922,210826000,3434.0,37784,462324,1300903900.0,3434.0,27,3433.0,72
rb1805,20170925,20170922,210826500,3433.0,37798,462328,1301384560.0,3434.0,26,3433.0,67
rb1805,20170925,20170922,210827000,3433.0,37798,462328,1301384560.0,3434.0,27,3433.0,67
rb1805,20170925,20170922,210827500,3433.0,37916,462426,1305435900.0,3434.0,7,3433.0,30
rb1805,20170925,20170922,210828000,3433.0,37956,462462,1306809100.0,3434.0,10,3433.0,10
rb1805,20170925,20170922,210828500,3433.0,37956,462462,1306809100.0,3434.0,14,3433.0,11
rb1805,20170925,20170922,210829000,3433.0,37962,462468,1307015080.0,3434.0,22,3433.0,8
rb1805,20170925,20170922,210829500,3433.0,37970,462472,1307289760.0,3434.0,20,3433.0,2
rb1805,20170925,20170922,210830000,3433.0,37974,462472,1307427080.0,3433.0,4,3432.0,85
rb1805,20170925,20170922,210830500,3433.0,37982,462480,1307701720.0,3433.0,2,3432.0,84
rb1805,20170925,20170922,210831000,3432.0,38200,462568,1315183480.0,3433.0,12,3431.0,219
rb1805,20170925,20170922,210831500,3434.0,38228,462582,1316144760.0,3434.0,20,3431.0,219
rb1805,20170925,20170922,210832000,3434.0,38228,462582,1316144760.0,3433.0,10,3432.0,4
rb1805,20170925,20170922,210832500,3433.0,38248,462588,1316831360.0,3434.0,50,3433.0,2
rb1805,20170925,20170922,210833000,3433.0,38262,462584,1317311940.0,3433.0,19,3432.0,3
rb1805,20170925,20170922,210833500,3433.0,38298,462574,1318547700.0,3434.0,51,3433.0,13
rb1805,20170925,20170922,210834000,3433.0,38354,462602,1320469660.0,3433.0,39,3431.0,217
rb1805,20170925,20170922,210834500,3433.0,38382,462628,1321430380.0,3433.0,33,3431.0,198
rb1805,20170925,20170922,210835000,3432.0,38392,462632,1321773660.0,3433.0,32,3432.0,49
rb1805,20170925,20170922,210835500,3433.0,38396,462632,1321910980.0,3433.0,40,3432.0,49
rb1805,20170925,20170922,210836000,3433.0,38396,462632,1321910980.0,3433.0,37,3432.0,49
rb1805,20170925,20170922,210836500,3433.0,38412,462638,1322460260.0,3433.0,20,3432.0,49
rb1805,20170925,20170922,210837000,3433.0,38420,462646,1322734900.0,3433.0,22,3432.0,51
rb1805,20170925,20170922,210837500,3432.0,38424,462650,1322872180.0,3433.0,22,3432.0,51
rb1805,20170925,20170922,210838000,3433.0,38426,462650,1322940840.0,3433.0,30,3432.0,52
rb1805,20170925,20170922,210838500,3433.0,38426,462650,1322940840.0,3433.0,31,3432.0,54
rb1805,20170925,20170922,210839000,3433.0,38426,462650,1322940840.0,3433.0,32,3432.0,54
rb1805,20170925,20170922,210839500,3433.0,38426,462650,1322940840.0,3433.0,32,3432.0,58
rb1805,20170925,20170922,210840000,3433.0,38464,462680,1324245380.0,3433.0,14,3432.0,64
rb1805,20170925,20170922,210840500,3433.0,38464,462680,1324245380.0,3433.0,34,3432.0,68
rb1805,20170925,20170922,210841000,3433.0,38464,462680,1324245380.0,3433.0,34,3432.0,73
rb1805,20170925,20170922,210841500,3433.0,38466,462678,1324314040.0,3433.0,34,3432.0,73
rb1805,20170925,20170922,210842000,3433.0,38466,462678,1324314040.0,3433.0,34,3432.0,73
rb1805,20170925,20170922,210842500,3433.0,38466,462678,1324314040.0,3433.0,35,3432.0,73
rb1805,20170925,20170922,210843000,3432.0,38476,462678,1324657300.0,3433.0,35,3432.0,72
rb1805,20170925,20170922,210843500,3432.0,38476,462678,1324657300.0,3433.0,19,3432.0,72
rb1805,20170925,20170922,210844000,3433.0,38516,462692,1326030500.0,3434.0,92,3432.0,72
rb1805,20170925,20170922,210844500,3432.0,38518,462692,1326099140.0,3433.0,8,3432.0,72
rb1805,20170925,20170922,210845000,3432.0,38520,462694,1326167780.0,3433.0,11,3432.0,71
rb1805,20170925,20170922,210845500,3433.0,38538,462704,1326785680.0,3433.0,7,3432.0,69
rb1805,20170925,20170922,210846000,3433.0,38538,462704,1326785680.0,3433.0,4,3432.0,69
rb1805,20170925,20170922,210846500,3433.0,38538,462704,1326785680.0,3433.0,4,3432.0,70
rb1805,20170925,20170922,210847000,3433.0,38540,462706,1326854340.0,3433.0,9,3432.0,70
rb1805,20170925,20170922,210847500,3433.0,38544,462702,1326991660.0,3433.0,18,3432.0,70
rb1805,20170925,20170922,210848000,3433.0,38544,462702,1326991660.0,3433.0,17,3432.0,71
rb1805,20170925,20170922,210848500,3432.0,38564,462714,1327678060.0,3433.0,18,3432.0,61
rb1805,20170925,20170922,210849000,3433.0,38616,462734,1329463020.0,3433.0,18,3432.0,52
rb1805,20170925,20170922,210849500,3433.0,38652,462738,1330698900.0,3434.0,73,3433.0,102
rb1805,20170925,20170922,210850000,3433.0,38698,462714,1332278520.0,3434.0,46,3433.0,63
rb1805,20170925,20170922,210850500,3433.0,38700,462716,1332347180.0,3434.0,46,3433.0,68
rb1805,20170925,20170922,210851000,3433.0,38808,462766,1336055560.0,3434.0,9,3433.0,52
rb1805,20170925,20170922,210851500,3434.0,38828,462774,1336742360.0,3435.0,232,3434.0,93
rb1805,20170925,20170922,210852000,3434.0,38830,462776,1336811040.0,3435.0,247,3434.0,58
rb1805,20170925,20170922,210852500,3434.0,38842,462788,1337223120.0,3435.0,239,3434.0,68
rb1805,20170925,20170922,210853000,3434.0,38870,462802,1338184680.0,3435.0,237,3434.0,40
rb1805,20170925,20170922,210853500,3434.0,38872,462804,1338253360.0,3435.0,242,3434.0,39
rb1805,20170925,20170922,210854000,3435.0,38884,462816,1338665460.0,3435.0,241,3434.0,34
rb1805,20170925,20170922,210854500,3434.0,38904,462814,1339352320.0,3435.0,238,3434.0,28
rb1805,20170925,20170922,210855000,3435.0,38906,462814,1339421020.0,3435.0,388,3434.0,28
rb1805,20170925,20170922,210855500,3434.0,38948,462792,1340863300.0,3435.0,388,3434.0,12
rb1805,20170925,20170922,210856000,3434.0,38978,462798,1341893500.0,3434.0,19,3433.0,63
rb1805,20170925,20170922,210856500,3434.0,38992,462790,1342374260.0,3434.0,12,3433.0,57
rb1805,20170925,20170922,210857000,3433.0,39014,462782,1343129600.0,3434.0,8,3433.0,50
rb1805,20170925,20170922,210857500,3433.0,39014,462782,1343129600.0,3434.0,8,3433.0,56
rb1805,20170925,20170922,210858000,3433.0,39014,462782,1343129600.0,3434.0,8,3433.0,61
rb1805,20170925,20170922,210858500,3434.0,39016,462782,1343198280.0,3434.0,7,3433.0,66
rb1805,20170925,20170922,210859000,3434.0,39020,462782,1343335640.0,3434.0,6,3433.0,67
rb1805,20170925,20170922,210859500,3434.0,39032,462780,1343747720.0,3435.0,391,3434.0,13
rb1805,20170925,20170922,210900000,3434.0,39054,462790,1344503260.0,3435.0,403,3434.0,6
rb1805,20170925,20170922,210900500,3434.0,39070,462794,1345052720.0,3434.0,17,3433.0,72
rb1805,20170925,20170922,210901000,3434.0,39070,462794,1345052720.0,3434.0,17,3433.0,72
rb1805,20170925,20170922,210901500,3434.0,39112,462834,1346495000.0,3434.0,1,3433.0,75
rb1805,20170925,20170922,210902000,3434.0,39218,462832,1350134120.0,3434.0,25,3433.0,17
rb1805,20170925,20170922,210902500,3433.0,39256,462852,1351438660.0,3433.0,33,3432.0,96
rb1805,20170925,20170922,210903000,3433.0,39256,462852,1351438660.0,3433.0,79,3432.0,95
rb1805,20170925,20170922,210903500,3433.0,39278,462870,1352193720.0,3433.0,63,3432.0,83
rb1805,20170925,20170922,210904000,3432.0,39290,462874,1352605640.0,3433.0,59,3432.0,91
rb1805,20170925,20170922,210904500,3433.0,39292,462874,1352674300.0,3433.0,58,3432.0,91
rb1805,20170925,20170922,210905000,3432.0,39318,462850,1353566860.0,3433.0,46,3432.0,90
rb1805,20170925,20170922,210905500,3433.0,39320,462848,1353635520.0,3433.0,45,3432.0,90
rb1805,20170925,20170922,210906000,3433.0,39320,462848,1353635520.0,3433.0,45,3432.0,90
rb1805,20170925,20170922,210906500,3433.0,39322,462846,1353704180.0,3433.0,44,3432.0,90
rb1805,20170925,20170922,210907000,3433.0,39322,462846,1353704180.0,3433.0,48,3432.0,105
rb1805,20170925,20170922,210907500,3433.0,39342,462846,1354390780.0,3433.0,38,3432.0,105
rb1805,20170925,20170922,210908000,3432.0,39398,462896,1356313120.0,3433.0,7,3432.0,98
rb1805,20170925,20170922,210908500,3432.0,39398,462896,1356313120.0,3433.0,14,3432.0,99
rb1805,20170925,20170922,210909000,3432.0,39398,462896,1356313120.0,3433.0,24,3432.0,99
rb1805,20170925,20170922,210909500,3432.0,39406,462896,1356587720.0,3433.0,33,3432.0,97
rb1805,20170925,20170922,210910000,3432.0,39410,462898,1356725000.0,3433.0,33,3432.0,100
rb1805,20170925,20170922,210910500,3432.0,39430,462912,1357411500.0,3433.0,40,3432.0,95
rb1805,20170925,20170922,210911000,3432.0,39432,462912,1357480140.0,3433.0,40,3432.0,94
rb1805,20170925,20170922,210911500,3432.0,39458,462930,1358372460.0,3433.0,45,3432.0,81
rb1805,20170925,20170922,210912000,3432.0,39462,462930,1358509740.0,3433.0,45,3432.0,79
rb1805,20170925,20170922,210912500,3432.0,39466,462934,1358647020.0,3433.0,45,3432.0,77
rb1805,20170925,20170922,210913000,3433.0,39468,462934,1358715680.0,3433.0,45,3432.0,77
rb1805,20170925,20170922,210913500,3433.0,39470,462932,1358784340.0,3433.0,45,3432.0,77
rb1805,20170925,20170922,210914000,3432.0,39474,462936,1358921620.0,3433.0,46,3432.0,75
rb1805,20170925,20170922,210914500,3432.0,39476,462938,1358990260.0,3433.0,46,3432.0,74
rb1805,20170925,20170922,210915000,3432.0,39482,462944,1359196180.0,3433.0,48,3432.0,72
rb1805,20170925,20170922,210915500,3432.0,39486,462944,1359333460.0,3433.0,48,3432.0,70
rb1805,20170925,20170922,210916000,3432.0,39490,462948,1359470740.0,3433.0,48,3432.0,70
rb1805,20170925,20170922,210916500,3432.0,39494,462948,1359608040.0,3433.0,47,3432.0,69
rb1805,20170925,20170922,210917000,3433.0,39496,462946,1359676700.0,3433.0,44,3432.0,69
rb1805,20170925,20170922,210917500,3433.0,39496,462946,1359676700.0,3433.0,44,3432.0,70
rb1805,20170925,20170922,210918000,3433.0,39496,462946,1359676700.0,3433.0,44,3432.0,69
rb1805,20170925,20170922,210918500,3432.0,39506,462956,1360019900.0,3433.0,44,3432.0,71
rb1805,20170925,20170922,210919000,3432.0,39508,462956,1360088540.0,3433.0,44,3432.0,70
rb1805,20170925,20170922,210919500,3433.0,39512,462960,1360225840.0,3433.0,43,3432.0,69
rb1805,20170925,20170922,210920000,3432.0,39514,462962,1360294480.0,3433.0,51,3432.0,68
rb1805,20170925,20170922,210920500,3433.0,39530,462974,1360843620.0,3433.0,55,3432.0,61
rb1805,20170925,20170922,210921000,3432.0,39594,462944,1363040100.0,3433.0,55,3432.0,29
rb1805,20170925,20170922,210921500,3433.0,39600,462944,1363246040.0,3433.0,54,3432.0,27
rb1805,20170925,20170922,210922000,3432.0,39632,462966,1364344280.0,3433.0,54,3432.0,11
rb1805,20170925,20170922,210922500,3432.0,39632,462966,1364344280.0,3433.0,54,3432.0,11
rb1805,20170925,20170922,210923000,3433.0,39716,462996,1367227960.0,3433.0,15,3432.0,9
rb1805,20170925,20170922,210923500,3433.0,39716,462996,1367227960.0,3433.0,20,3432.0,9
rb1805,20170925,20170922,210924000,3433.0,39724,462998,1367502580.0,3433.0,37,3432.0,8
rb1805,20170925,20170922,210924500,3432.0,39726,462998,1367571220.0,3433.0,38,3432.0,7
rb1805,20170925,20170922,210925000,3433.0,39746,462998,1368257820.0,3433.0,28,3432.0,8
rb1805,20170925,20170922,210925500,3433.0,39750,463000,1368395120.0,3433.0,29,3432.0,15
rb1805,20170925,20170922,210926000,3432.0,39780,463012,1369424720.0,3432.0,6,3431.0,206
rb1805,20170925,20170922,210926500,3432.0,39794,463012,1369905200.0,3433.0,29,3432.0,20
rb1805,20170925,20170922,210927000,3432.0,39804,463016,1370248480.0,3433.0,25,3432.0,14
rb1805,20170925,20170922,210927500,3432.0,39804,463016,1370248480.0,3433.0,25,3432.0,25
rb1805,20170925,20170922,210928000,3432.0,39804,463016,1370248480.0,3433.0,30,3432.0,22
rb1805,20170925,20170922,210928500,3432.0,39812,463014,1370523060.0,3433.0,30,3432.0,26
rb1805,20170925,20170922,210929000,3432.0,39826,463014,1371003540.0,3433.0,47,3432.0,14
rb1805,20170925,20170922,210929500,3432.0,39826,463014,1371003540.0,3433.0,48,3432.0,14
rb1805,20170925,20170922,210930000,3432.0,39826,463014,1371003540.0,3433.0,48,3432.0,19
rb1805,20170925,20170922,210930500,3432.0,39826,463014,1371003540.0,3433.0,48,3432.0,19
rb1805,20170925,20170922,210931000,3432.0,39826,463014,1371003540.0,3433.0,48,3432.0,16
rb1805,20170925,20170922,210931500,3432.0,39828,463014,1371072180.0,3433.0,48,3432.0,16
rb1805,20170925,20170922,210932000,3433.0,39878,463060,1372788680.0,3433.0,43,3432.0,66
rb1805,20170925,20170922,210932500,3432.0,39880,463060,1372857320.0,3433.0,43,3432.0,66
