instrument,tradingday,calendarday,time,lastp,volume,openinterest,turnover,ask1,asksz1,bid1,bidsz1
rb1805,20171024,20171023,183310500,3677.0,0,921148,0.0,0.0,0,0.0,0
rb1805,20171024,20171023,205900500,3677.0,670,921182,24635900.0,3677.0,308,3676.0,4
rb1805,20171024,20171023,210000500,3676.0,1216,921184,44707980.0,3676.0,16,3675.0,2
rb1805,20171024,20171023,210001000,3676.0,1362,921228,50073260.0,3676.0,60,3673.0,20
rb1805,20171024,20171023,210001500,3674.0,1584,921260,58232040.0,3675.0,14,3674.0,134
rb1805,20171024,20171023,210002000,3676.0,1830,921096,67270900.0,3675.0,41,3674.0,69
rb1805,20171024,20171023,210002500,3674.0,2060,921164,75721180.0,3675.0,43,3674.0,30
rb1805,20171024,20171023,210003000,3673.0,2204,921220,81011300.0,3673.0,2,3672.0,69
rb1805,20171024,20171023,210003500,3672.0,2326,921268,85491660.0,3674.0,1081,3672.0,3
rb1805,20171024,20171023,210004000,3671.0,2610,921504,95924740.0,3672.0,3,3671.0,52
rb1805,20171024,20171023,210004500,3671.0,2712,921546,99670660.0,3673.0,6,3671.0,49
rb1805,20171024,20171023,210005000,3672.0,3034,921740,111494840.0,3672.0,2,3671.0,17
rb1805,20171024,20171023,210005500,3671.0,3192,921778,117296500.0,3671.0,30,3670.0,158
rb1805,20171024,20171023,210006000,3671.0,3388,921840,124493220.0,3672.0,4,3671.0,127
rb1805,20171024,20171023,210006500,3673.0,3614,921986,132794360.0,3674.0,934,3673.0,17
rb1805,20171024,20171023,210007000,3671.0,3774,922006,138670140.0,3674.0,921,3673.0,2
rb1805,20171024,20171023,210007500,3674.0,3860,922002,141828740.0,3674.0,915,3671.0,128
rb1805,20171024,20171023,210008000,3672.0,4046,921978,148660620.0,3674.0,872,3672.0,7
rb1805,20171024,20171023,210008500,3673.0,5502,921746,202153980.0,3674.0,147,3673.0,87
rb1805,20171024,20171023,210009000,3674.0,6230,921604,228906140.0,3676.0,1,3674.0,114
rb1805,20171024,20171023,210009500,3675.0,6256,921612,229861680.0,3676.0,7,3675.0,40
rb1805,20171024,20171023,210010000,3676.0,6318,921596,232140800.0,3677.0,197,3676.0,8
rb1805,20171024,20171023,210010500,3677.0,6378,921566,234346940.0,3677.0,196,3676.0,20
rb1805,20171024,20171023,210011000,3677.0,6472,921522,237803020.0,3677.0,139,3676.0,39
rb1805,20171024,20171023,210011500,3676.0,6512,921524,239273620.0,3677.0,132,3676.0,32
rb1805,20171024,20171023,210012000,3676.0,6524,921534,239714760.0,3677.0,146,3676.0,43
rb1805,20171024,20171023,210012500,3676.0,6562,921536,241111980.0,3677.0,129,3676.0,41
rb1805,20171024,20171023,210013000,3677.0,6602,921560,242582480.0,3677.0,137,3676.0,26
rb1805,20171024,20171023,210013500,3677.0,6612,921560,242950120.0,3677.0,155,3676.0,113
rb1805,20171024,20171023,210014000,3677.0,6866,921422,252287320.0,3677.0,164,3675.0,41
rb1805,20171024,20171023,210014500,3675.0,6978,921420,256403660.0,3676.0,17,3675.0,2
rb1805,20171024,20171023,210015000,3676.0,7026,921412,258167700.0,3675.0,4,3674.0,267
rb1805,20171024,20171023,210015500,3676.0,7046,921424,258902680.0,3676.0,41,3674.0,264
rb1805,20171024,20171023,210016000,3676.0,7166,921412,263311660.0,3675.0,5,3674.0,213
rb1805,20171024,20171023,210016500,3675.0,7188,921408,264120220.0,3675.0,6,3674.0,213
rb1805,20171024,20171023,210017000,3674.0,7194,921408,264340700.0,3675.0,27,3674.0,212
rb1805,20171024,20171023,210017500,3674.0,7434,921426,273160400.0,3676.0,63,3674.0,198
rb1805,20171024,20171023,210018000,3675.0,7464,921450,274262640.0,3675.0,8,3674.0,185
rb1805,20171024,20171023,210018500,3675.0,7538,921484,276981520.0,3675.0,10,3674.0,154
rb1805,20171024,20171023,210019000,3675.0,7544,921482,277202000.0,3675.0,13,3674.0,155
rb1805,20171024,20171023,210019500,3674.0,7570,921490,278157460.0,3676.0,135,3675.0,2
rb1805,20171024,20171023,210020000,3674.0,7896,921492,290134820.0,3674.0,18,3673.0,44
rb1805,20171024,20171023,210020500,3673.0,7954,921506,292265700.0,3674.0,6,3673.0,49
rb1805,20171024,20171023,210021000,3674.0,8008,921510,294249800.0,3675.0,44,3674.0,10
rb1805,20171024,20171023,210021500,3675.0,8152,921588,299542220.0,3676.0,94,3675.0,6
rb1805,20171024,20171023,210022000,3676.0,8192,921608,301012120.0,3676.0,92,3674.0,115
rb1805,20171024,20171023,210022500,3675.0,8220,921618,302041120.0,3676.0,93,3675.0,55
rb1805,20171024,20171023,210023000,3676.0,8286,921620,304466640.0,3676.0,110,3675.0,25
rb1805,20171024,20171023,210023500,3674.0,8352,921566,306892120.0,3675.0,37,3674.0,204
rb1805,20171024,20171023,210024000,3675.0,8968,921642,329525240.0,3675.0,1,3673.0,60
rb1805,20171024,20171023,210024500,3674.0,8984,921640,330113080.0,3674.0,40,3673.0,61
rb1805,20171024,20171023,210025000,3674.0,9170,921564,336945340.0,3673.0,7,3672.0,9
rb1805,20171024,20171023,210025500,3673.0,9238,921558,339442620.0,3673.0,7,3671.0,157
rb1805,20171024,20171023,210026000,3672.0,9256,921568,340103460.0,3672.0,4,3671.0,153
rb1805,20171024,20171023,210026500,3671.0,9298,921592,341645580.0,3673.0,15,3672.0,1
rb1805,20171024,20171023,210027000,3673.0,9338,921590,343114560.0,3673.0,6,3672.0,12
rb1805,20171024,20171023,210027500,3674.0,9366,921598,344143160.0,3674.0,17,3673.0,14
rb1805,20171024,20171023,210028000,3674.0,9458,921634,347522340.0,3674.0,25,3673.0,26
rb1805,20171024,20171023,210028500,3673.0,9558,921616,351194940.0,3673.0,16,3671.0,153
rb1805,20171024,20171023,210029000,3673.0,9578,921618,351929540.0,3673.0,15,3672.0,3
rb1805,20171024,20171023,210029500,3674.0,9692,921660,356117300.0,3675.0,20,3674.0,69
rb1805,20171024,20171023,210030000,3674.0,9856,921726,362142860.0,3673.0,19,3672.0,7
rb1805,20171024,20171023,210030500,3671.0,9886,921734,363244480.0,3673.0,23,3672.0,3
rb1805,20171024,20171023,210031000,3673.0,9912,921748,364199200.0,3673.0,22,3672.0,1
rb1805,20171024,20171023,210031500,3672.0,10304,922036,378590580.0,3673.0,1,3672.0,94
rb1805,20171024,20171023,210032000,3672.0,10318,922038,379104700.0,3674.0,41,3673.0,2
rb1805,20171024,20171023,210032500,3674.0,10342,922038,379986200.0,3674.0,45,3673.0,8
rb1805,20171024,20171023,210033000,3672.0,10362,922034,380720760.0,3673.0,1,3672.0,106
rb1805,20171024,20171023,210033500,3673.0,10374,922026,381161520.0,3674.0,55,3673.0,11
rb1805,20171024,20171023,210034000,3673.0,10412,922006,382557340.0,3673.0,38,3672.0,108
rb1805,20171024,20171023,210034500,3673.0,10510,922028,386156880.0,3674.0,53,3673.0,32
rb1805,20171024,20171023,210035000,3673.0,10512,922030,386230340.0,3674.0,37,3673.0,32
rb1805,20171024,20171023,210035500,3673.0,10516,922034,386377260.0,3674.0,40,3673.0,9
rb1805,20171024,20171023,210036000,3674.0,10544,922034,387405660.0,3674.0,40,3672.0,105
rb1805,20171024,20171023,210036500,3673.0,10580,922014,388727740.0,3673.0,2,3672.0,93
rb1805,20171024,20171023,210037000,3672.0,10604,922020,389609140.0,3674.0,54,3673.0,5
rb1805,20171024,20171023,210037500,3672.0,10620,922018,390196720.0,3674.0,55,3673.0,2
rb1805,20171024,20171023,210038000,3673.0,10652,922018,391372120.0,3674.0,53,3673.0,8
rb1805,20171024,20171023,210038500,3673.0,10674,922004,392180140.0,3673.0,43,3672.0,89
rb1805,20171024,20171023,210039000,3674.0,10882,922072,399821140.0,3675.0,24,3674.0,1
rb1805,20171024,20171023,210039500,3674.0,10990,922088,403787260.0,3673.0,28,3672.0,87
rb1805,20171024,20171023,210040000,3673.0,11110,922006,408194980.0,3675.0,79,3674.0,10
rb1805,20171024,20171023,210040500,3673.0,11132,922012,409003240.0,3674.0,3,3673.0,5
rb1805,20171024,20171023,210041000,3674.0,11136,922014,409150200.0,3675.0,85,3674.0,15
rb1805,20171024,20171023,210041500,3674.0,11142,922016,409370640.0,3675.0,98,3674.0,12
rb1805,20171024,20171023,210042000,3675.0,11190,922010,411134220.0,3675.0,91,3674.0,11
rb1805,20171024,20171023,210042500,3675.0,11254,922020,413486140.0,3675.0,63,3674.0,10
rb1805,20171024,20171023,210043000,3675.0,11260,922024,413706620.0,3675.0,62,3674.0,19
rb1805,20171024,20171023,210043500,3674.0,11272,922026,414147580.0,3675.0,58,3674.0,89
rb1805,20171024,20171023,210044000,3675.0,11412,922066,419292540.0,3676.0,160,3675.0,37
rb1805,20171024,20171023,210044500,3675.0,11424,922068,419733580.0,3676.0,158,3675.0,45
rb1805,20171024,20171023,210045000,3675.0,11588,922082,425761880.0,3676.0,93,3675.0,67
rb1805,20171024,20171023,210045500,3676.0,11630,922092,427305580.0,3676.0,84,3675.0,55
rb1805,20171024,20171023,210046000,3675.0,11700,922102,429878160.0,3676.0,80,3675.0,26
rb1805,20171024,20171023,210046500,3675.0,11750,922058,431715660.0,3676.0,80,3675.0,3
rb1805,20171024,20171023,210047000,3676.0,11754,922056,431862700.0,3676.0,79,3675.0,13
rb1805,20171024,20171023,210047500,3676.0,11772,922056,432524240.0,3676.0,79,3675.0,11
rb1805,20171024,20171023,210048000,3676.0,11778,922058,432744800.0,3676.0,77,3675.0,11
rb1805,20171024,20171023,210048500,3676.0,11880,922086,436494300.0,3676.0,28,3675.0,13
rb1805,20171024,20171023,210049000,3676.0,11958,922076,439361580.0,3677.0,117,3676.0,15
rb1805,20171024,20171023,210049500,3676.0,11966,922074,439655660.0,3677.0,132,3676.0,32
rb1805,20171024,20171023,210050000,3677.0,12030,922074,442008920.0,3677.0,86,3676.0,36
rb1805,20171024,20171023,210050500,3676.0,12102,922070,444656260.0,3677.0,40,3676.0,30
rb1805,20171024,20171023,210051000,3677.0,12134,922092,445832860.0,3677.0,30,3676.0,32
rb1805,20171024,20171023,210051500,3677.0,12214,922106,448774260.0,3678.0,4,3677.0,195
rb1805,20171024,20171023,210052000,3678.0,12254,922144,450245080.0,3678.0,14,3677.0,177
rb1805,20171024,20171023,210052500,3678.0,12502,922156,459364600.0,3678.0,17,3677.0,83
rb1805,20171024,20171023,210053000,3678.0,12616,922164,463557980.0,3678.0,29,3677.0,105
rb1805,20171024,20171023,210053500,3678.0,12820,922194,471059120.0,3678.0,46,3677.0,8
rb1805,20171024,20171023,210054000,3676.0,12944,922126,475618780.0,3678.0,70,3676.0,48
rb1805,20171024,20171023,210054500,3678.0,13082,922038,480693620.0,3678.0,12,3676.0,28
rb1805,20171024,20171023,210055000,3679.0,13104,922024,481502940.0,3679.0,6,3678.0,7
rb1805,20171024,20171023,210055500,3678.0,13152,922046,483268480.0,3678.0,1,3677.0,3
rb1805,20171024,20171023,210056000,3678.0,13194,922008,484813240.0,3679.0,31,3677.0,15
rb1805,20171024,20171023,210056500,3679.0,13242,922032,486579160.0,3680.0,54,3679.0,34
rb1805,20171024,20171023,210057000,3678.0,13324,922114,489595900.0,3679.0,2,3678.0,8
rb1805,20171024,20171023,210057500,3679.0,13342,922112,490258220.0,3680.0,52,3679.0,12
rb1805,20171024,20171023,210058000,3677.0,13516,922078,496657000.0,3677.0,26,3676.0,30
rb1805,20171024,20171023,210058500,3679.0,13600,922048,499746280.0,3679.0,76,3678.0,3
rb1805,20171024,20171023,210059000,3679.0,13678,922044,502615520.0,3678.0,1,3677.0,4
rb1805,20171024,20171023,210059500,3679.0,13702,922042,503498360.0,3679.0,41,3678.0,5
rb1805,20171024,20171023,210100000,3679.0,13814,922062,507618220.0,3679.0,52,3677.0,30
rb1805,20171024,20171023,210100500,3679.0,13900,922000,510781420.0,3679.0,47,3678.0,3
rb1805,20171024,20171023,210101000,3678.0,13944,921988,512399720.0,3678.0,79,3677.0,34
rb1805,20171024,20171023,210101500,3679.0,14116,921836,518726020.0,3679.0,41,3678.0,5
rb1805,20171024,20171023,210102000,3679.0,14120,921834,518873180.0,3679.0,47,3678.0,12
rb1805,20171024,20171023,210102500,3678.0,14130,921834,519241020.0,3679.0,45,3678.0,28
rb1805,20171024,20171023,210103000,3679.0,14150,921836,519976820.0,3679.0,36,3678.0,30
rb1805,20171024,20171023,210103500,3679.0,14174,921840,520859740.0,3679.0,27,3678.0,37
rb1805,20171024,20171023,210104000,3678.0,14196,921860,521669000.0,3679.0,126,3678.0,33
rb1805,20171024,20171023,210104500,3679.0,14202,921864,521889720.0,3679.0,126,3678.0,33
rb1805,20171024,20171023,210105000,3678.0,14232,921876,522993400.0,3679.0,113,3678.0,32
rb1805,20171024,20171023,210105500,3679.0,14254,921884,523802780.0,3679.0,104,3678.0,42
rb1805,20171024,20171023,210106000,3679.0,14280,921886,524759280.0,3679.0,95,3678.0,41
rb1805,20171024,20171023,210106500,3679.0,14482,921710,532190860.0,3680.0,75,3679.0,66
rb1805,20171024,20171023,210107000,3680.0,14668,921742,539034620.0,3680.0,33,3679.0,32
rb1805,20171024,20171023,210107500,3679.0,14836,921788,545216300.0,3681.0,26,3678.0,45
rb1805,20171024,20171023,210108000,3681.0,14848,921796,545657900.0,3681.0,52,3680.0,6
rb1805,20171024,20171023,210108500,3681.0,15010,921782,551619460.0,3681.0,21,3680.0,43
rb1805,20171024,20171023,210109000,3681.0,15082,921814,554269500.0,3682.0,34,3681.0,7
rb1805,20171024,20171023,210109500,3682.0,15116,921826,555521080.0,3682.0,36,3681.0,1
rb1805,20171024,20171023,210110000,3682.0,15194,921806,558392640.0,3682.0,17,3681.0,2
rb1805,20171024,20171023,210110500,3682.0,15250,921818,560454340.0,3683.0,73,3682.0,12
rb1805,20171024,20171023,210111000,3683.0,15260,921820,560822600.0,3683.0,70,3682.0,33
rb1805,20171024,20171023,210111500,3682.0,15338,921800,563695220.0,3683.0,41,3682.0,31
rb1805,20171024,20171023,210112000,3683.0,15438,921718,567378140.0,3684.0,48,3682.0,29
rb1805,20171024,20171023,210112500,3683.0,15466,921720,568409320.0,3684.0,43,3682.0,63
rb1805,20171024,20171023,210113000,3684.0,15560,921706,571871560.0,3684.0,67,3682.0,63
rb1805,20171024,20171023,210113500,3682.0,15674,921672,576070520.0,3684.0,36,3682.0,53
rb1805,20171024,20171023,210114000,3684.0,15758,921600,579165000.0,3685.0,50,3684.0,1
rb1805,20171024,20171023,210114500,3684.0,15774,921600,579754360.0,3684.0,76,3683.0,15
rb1805,20171024,20171023,210115000,3684.0,15844,921606,582332500.0,3684.0,63,3683.0,3
rb1805,20171024,20171023,210115500,3683.0,15878,921620,583584720.0,3683.0,51,3682.0,120
rb1805,20171024,20171023,210116000,3683.0,15910,921624,584763240.0,3683.0,46,3682.0,112
rb1805,20171024,20171023,210116500,3683.0,16000,921644,588077140.0,3683.0,73,3682.0,71
rb1805,20171024,20171023,210117000,3684.0,16532,921876,607671020.0,3685.0,46,3684.0,9
rb1805,20171024,20171023,210117500,3684.0,16580,921892,609439020.0,3684.0,94,3683.0,26
rb1805,20171024,20171023,210118000,3683.0,16760,921952,616068520.0,3684.0,209,3683.0,14
rb1805,20171024,20171023,210118500,3682.0,16812,921988,617983480.0,3683.0,26,3682.0,6
rb1805,20171024,20171023,210119000,3683.0,16838,921990,618940900.0,3683.0,72,3682.0,2
rb1805,20171024,20171023,210119500,3683.0,16994,922078,624685420.0,3683.0,28,3682.0,1
rb1805,20171024,20171023,210120000,3682.0,17024,922076,625790160.0,3682.0,19,3681.0,103
rb1805,20171024,20171023,210120500,3681.0,17048,922088,626673680.0,3682.0,18,3681.0,97
rb1805,20171024,20171023,210121000,3683.0,17370,922164,638531420.0,3684.0,170,3683.0,60
rb1805,20171024,20171023,210121500,3682.0,17502,922276,643392900.0,3683.0,1,3682.0,2
rb1805,20171024,20171023,210122000,3683.0,17556,922274,645381520.0,3683.0,57,3682.0,18
rb1805,20171024,20171023,210122500,3683.0,17620,922262,647738180.0,3683.0,57,3682.0,20
rb1805,20171024,20171023,210123000,3683.0,17676,922222,649800640.0,3683.0,24,3682.0,21
rb1805,20171024,20171023,210123500,3683.0,17714,922204,651199960.0,3683.0,23,3682.0,18
rb1805,20171024,20171023,210124000,3682.0,17748,922212,652452160.0,3683.0,58,3682.0,25
rb1805,20171024,20171023,210124500,3683.0,17876,922200,657166400.0,3684.0,171,3683.0,216
rb1805,20171024,20171023,210125000,3684.0,17884,922200,657461080.0,3684.0,166,3683.0,367
rb1805,20171024,20171023,210125500,3683.0,18092,922188,665121740.0,3684.0,181,3683.0,276
rb1805,20171024,20171023,210126000,3684.0,18178,922204,668289960.0,3684.0,140,3683.0,280
rb1805,20171024,20171023,210126500,3683.0,18196,922204,668952940.0,3684.0,139,3683.0,274
rb1805,20171024,20171023,210127000,3684.0,18224,922204,669984320.0,3684.0,134,3683.0,269
rb1805,20171024,20171023,210127500,3683.0,18270,922208,671678720.0,3684.0,130,3683.0,257
rb1805,20171024,20171023,210128000,3684.0,18300,922208,672783780.0,3684.0,142,3683.0,250
rb1805,20171024,20171023,210128500,3684.0,18328,922228,673815100.0,3684.0,138,3683.0,240
rb1805,20171024,20171023,210129000,3683.0,18572,922322,682803820.0,3684.0,29,3683.0,230
rb1805,20171024,20171023,210129500,3684.0,18708,922312,687813080.0,3684.0,10,3683.0,182
rb1805,20171024,20171023,210130000,3684.0,18724,922314,688402440.0,3684.0,20,3683.0,178
rb1805,20171024,20171023,210130500,3684.0,18842,922314,692749560.0,3685.0,79,3684.0,4
rb1805,20171024,20171023,210131000,3684.0,19120,922300,702990840.0,3685.0,75,3684.0,4
rb1805,20171024,20171023,210131500,3683.0,19146,922294,703948640.0,3684.0,30,3683.0,157
rb1805,20171024,20171023,210132000,3684.0,19354,922092,711609320.0,3684.0,52,3683.0,56
rb1805,20171024,20171023,210132500,3684.0,19486,922042,716471140.0,3684.0,27,3683.0,6
rb1805,20171024,20171023,210133000,3683.0,19530,922006,718092080.0,3684.0,11,3683.0,5
rb1805,20171024,20171023,210133500,3683.0,19564,922012,719344540.0,3684.0,11,3683.0,2
rb1805,20171024,20171023,210134000,3684.0,19910,922090,732090580.0,3685.0,93,3684.0,50
rb1805,20171024,20171023,210134500,3683.0,20040,922082,736879720.0,3684.0,25,3683.0,10
rb1805,20171024,20171023,210135000,3684.0,20066,922066,737837500.0,3684.0,15,3683.0,33
rb1805,20171024,20171023,210135500,3683.0,20080,922066,738353220.0,3684.0,10,3683.0,31
rb1805,20171024,20171023,210136000,3685.0,20110,922062,739458400.0,3685.0,91,3684.0,4
rb1805,20171024,20171023,210136500,3683.0,20158,922084,741226580.0,3685.0,91,3683.0,25
rb1805,20171024,20171023,210137000,3684.0,20178,922084,741963380.0,3685.0,111,3684.0,3
rb1805,20171024,20171023,210137500,3684.0,20206,922074,742994780.0,3685.0,102,3684.0,12
rb1805,20171024,20171023,210138000,3683.0,20234,922066,744026280.0,3684.0,18,3683.0,24
rb1805,20171024,20171023,210138500,3683.0,20296,922082,746310280.0,3684.0,40,3683.0,15
rb1805,20171024,20171023,210139000,3683.0,20336,922110,747783480.0,3683.0,5,3682.0,54
rb1805,20171024,20171023,210139500,3683.0,20346,922102,748151780.0,3683.0,1,3682.0,59
rb1805,20171024,20171023,210140000,3683.0,20352,922104,748372760.0,3683.0,29,3682.0,67
rb1805,20171024,20171023,210140500,3683.0,20360,922098,748667400.0,3683.0,28,3682.0,67
rb1805,20171024,20171023,210141000,3683.0,20422,922096,750950880.0,3684.0,54,3683.0,54
rb1805,20171024,20171023,210141500,3684.0,20448,922082,751908660.0,3684.0,8,3683.0,48
rb1805,20171024,20171023,210142000,3683.0,20618,921980,758169920.0,3683.0,25,3682.0,68
rb1805,20171024,20171023,210142500,3683.0,20698,921956,761116580.0,3685.0,193,3683.0,1
rb1805,20171024,20171023,210143000,3683.0,20700,921956,761190240.0,3684.0,6,3683.0,30
rb1805,20171024,20171023,210143500,3683.0,20702,921954,761263900.0,3684.0,6,3683.0,31
rb1805,20171024,20171023,210144000,3684.0,20716,921956,761779600.0,3684.0,32,3683.0,29
rb1805,20171024,20171023,210144500,3683.0,20732,921952,762368920.0,3684.0,38,3683.0,40
rb1805,20171024,20171023,210145000,3684.0,20742,921962,762737320.0,3684.0,39,3683.0,33
rb1805,20171024,20171023,210145500,3683.0,20808,921946,765168100.0,3683.0,56,3682.0,81
rb1805,20171024,20171023,210146000,3683.0,20912,921944,768998400.0,3683.0,6,3682.0,80
rb1805,20171024,20171023,210146500,3684.0,20926,921936,769514040.0,3684.0,49,3683.0,11
rb1805,20171024,20171023,210147000,3684.0,20938,921938,769956060.0,3684.0,48,3683.0,4
rb1805,20171024,20171023,210147500,3683.0,20946,921942,770250720.0,3684.0,47,3683.0,2
rb1805,20171024,20171023,210148000,3684.0,20966,921954,770987280.0,3684.0,45,3683.0,10
rb1805,20171024,20171023,210148500,3683.0,21008,921992,772534220.0,3683.0,12,3682.0,81
rb1805,20171024,20171023,210149000,3682.0,21228,921942,780636720.0,3683.0,7,3682.0,77
rb1805,20171024,20171023,210149500,3683.0,21256,921928,781668000.0,3684.0,55,3683.0,26
rb1805,20171024,20171023,210150000,3684.0,21266,921928,782036340.0,3684.0,55,3683.0,18
rb1805,20171024,20171023,210150500,3684.0,21312,921926,783730880.0,3684.0,37,3683.0,15
rb1805,20171024,20171023,210151000,3684.0,21344,921928,784909600.0,3684.0,31,3683.0,8
rb1805,20171024,20171023,210151500,3683.0,21386,921942,786456480.0,3684.0,30,3683.0,10
rb1805,20171024,20171023,210152000,3683.0,21450,921938,788813780.0,3683.0,11,3682.0,64
rb1805,20171024,20171023,210152500,3683.0,21488,921914,790213420.0,3684.0,38,3683.0,61
rb1805,20171024,20171023,210153000,3683.0,21516,921914,791244740.0,3684.0,34,3683.0,40
rb1805,20171024,20171023,210153500,3683.0,21542,921928,792202520.0,3684.0,25,3683.0,61
rb1805,20171024,20171023,210154000,3684.0,21602,921982,794412920.0,3685.0,222,3684.0,97
rb1805,20171024,20171023,210154500,3684.0,21850,922192,803549620.0,3685.0,203,3684.0,36
rb1805,20171024,20171023,210155000,3685.0,22126,922238,813719840.0,3685.0,84,3684.0,30
rb1805,20171024,20171023,210155500,3684.0,22376,922220,822932320.0,3685.0,2,3684.0,54
rb1805,20171024,20171023,210156000,3685.0,22394,922218,823595620.0,3686.0,91,3685.0,52
rb1805,20171024,20171023,210156500,3686.0,22460,922200,826027980.0,3686.0,78,3685.0,32
rb1805,20171024,20171023,210157000,3685.0,22486,922200,826986220.0,3686.0,70,3685.0,24
rb1805,20171024,20171023,210157500,3685.0,22514,922224,828018140.0,3686.0,64,3685.0,34
rb1805,20171024,20171023,210158000,3684.0,22702,922172,834944860.0,3684.0,10,3683.0,95
rb1805,20171024,20171023,210158500,3685.0,22746,922162,836566060.0,3685.0,129,3684.0,15
rb1805,20171024,20171023,210159000,3685.0,22772,922162,837524160.0,3685.0,112,3684.0,27
rb1805,20171024,20171023,210159500,3685.0,22794,922146,838334860.0,3685.0,102,3684.0,26
rb1805,20171024,20171023,210200000,3685.0,22798,922146,838482260.0,3685.0,100,3684.0,111
rb1805,20171024,20171023,210200500,3686.0,23006,922218,846147080.0,3686.0,71,3685.0,1
rb1805,20171024,20171023,210201000,3685.0,23030,922240,847031480.0,3686.0,66,3685.0,107
rb1805,20171024,20171023,210201500,3685.0,23340,922220,858456000.0,3686.0,17,3685.0,9
rb1805,20171024,20171023,210202000,3685.0,23360,922230,859193000.0,3685.0,32,3684.0,28
rb1805,20171024,20171023,210202500,3685.0,23396,922266,860519600.0,3685.0,33,3684.0,28
rb1805,20171024,20171023,210203000,3684.0,23418,922280,861330220.0,3685.0,27,3684.0,26
rb1805,20171024,20171023,210203500,3686.0,23670,922450,870618380.0,3687.0,66,3686.0,74
rb1805,20171024,20171023,210204000,3685.0,23822,922452,876221060.0,3685.0,9,3684.0,64
rb1805,20171024,20171023,210204500,3685.0,23828,922448,876442120.0,3685.0,17,3684.0,31
rb1805,20171024,20171023,210205000,3685.0,23834,922448,876663220.0,3685.0,21,3684.0,35
rb1805,20171024,20171023,210205500,3685.0,23918,922366,879758620.0,3686.0,129,3685.0,1159
rb1805,20171024,20171023,210206000,3686.0,23926,922362,880053480.0,3686.0,88,3685.0,1160
rb1805,20171024,20171023,210206500,3686.0,23940,922356,880569520.0,3686.0,82,3685.0,1164
rb1805,20171024,20171023,210207000,3686.0,24256,922184,892215280.0,3686.0,26,3685.0,1064
rb1805,20171024,20171023,210207500,3685.0,24318,922198,894500660.0,3687.0,73,3685.0,1065
rb1805,20171024,20171023,210208000,3685.0,24354,922192,895827760.0,3687.0,53,3685.0,1063
rb1805,20171024,20171023,210208500,3687.0,24390,922182,897154460.0,3687.0,57,3686.0,1
rb1805,20171024,20171023,210209000,3687.0,24500,922164,901209820.0,3687.0,21,3686.0,18
rb1805,20171024,20171023,210209500,3687.0,24550,922202,903053280.0,3688.0,72,3687.0,11
rb1805,20171024,20171023,210210000,3687.0,24618,922186,905560400.0,3687.0,3,3686.0,14
rb1805,20171024,20171023,210210500,3688.0,24632,922184,906076580.0,3688.0,73,3687.0,1
rb1805,20171024,20171023,210211000,3687.0,24780,922174,911534680.0,3688.0,4,3687.0,9
rb1805,20171024,20171023,210211500,3688.0,24818,922192,912936060.0,3689.0,37,3688.0,94
rb1805,20171024,20171023,210212000,3687.0,25150,922300,925181060.0,3687.0,93,3686.0,91
rb1805,20171024,20171023,210212500,3687.0,25366,922284,933145040.0,3688.0,1,3687.0,101
rb1805,20171024,20171023,210213000,3688.0,25412,922314,934841140.0,3688.0,2,3687.0,87
rb1805,20171024,20171023,210213500,3688.0,25522,922348,938897460.0,3688.0,191,3687.0,72
rb1805,20171024,20171023,210214000,3688.0,25784,922294,948560020.0,3688.0,87,3687.0,86
rb1805,20171024,20171023,210214500,3688.0,26058,922366,958665140.0,3689.0,2,3688.0,129
rb1805,20171024,20171023,210215000,3688.0,26074,922370,959255340.0,3690.0,294,3688.0,50
rb1805,20171024,20171023,210215500,3690.0,26134,922410,961468460.0,3690.0,286,3688.0,42
rb1805,20171024,20171023,210216000,3688.0,26332,922310,968774260.0,3690.0,198,3688.0,77
rb1805,20171024,20171023,210216500,3689.0,26452,922304,973202140.0,3689.0,3,3688.0,79
rb1805,20171024,20171023,210217000,3689.0,26472,922302,973940040.0,3690.0,141,3689.0,27
rb1805,20171024,20171023,210217500,3689.0,26558,922300,977112940.0,3689.0,87,3688.0,41
rb1805,20171024,20171023,210218000,3689.0,26624,922282,979547260.0,3689.0,75,3688.0,26
rb1805,20171024,20171023,210218500,3689.0,26646,922278,980358680.0,3689.0,84,3688.0,60
rb1805,20171024,20171023,210219000,3688.0,26664,922278,981022660.0,3689.0,93,3688.0,60
rb1805,20171024,20171023,210219500,3688.0,26710,922270,982719260.0,3689.0,174,3688.0,44
rb1805,20171024,20171023,210220000,3689.0,26734,922266,983604580.0,3689.0,186,3688.0,42
rb1805,20171024,20171023,210220500,3689.0,26756,922266,984416140.0,3689.0,164,3688.0,41
rb1805,20171024,20171023,210221000,3689.0,26788,922264,985596600.0,3689.0,154,3688.0,41
rb1805,20171024,20171023,210221500,3688.0,26798,922260,985965420.0,3689.0,161,3688.0,37
rb1805,20171024,20171023,210222000,3689.0,26810,922254,986408040.0,3689.0,158,3688.0,34
rb1805,20171024,20171023,210222500,3689.0,26830,922242,987145680.0,3689.0,160,3688.0,26
rb1805,20171024,20171023,210223000,3690.0,27430,921998,1009282460.0,3691.0,97,3690.0,44
rb1805,20171024,20171023,210223500,3689.0,27544,921952,1013488820.0,3690.0,16,3689.0,1228
rb1805,20171024,20171023,210224000,3689.0,27606,921952,1015776400.0,3690.0,2,3689.0,1219
rb1805,20171024,20171023,210224500,3690.0,27628,921948,1016588180.0,3690.0,1,3689.0,1219
rb1805,20171024,20171023,210225000,3689.0,27674,921980,1018285620.0,3691.0,113,3689.0,1216
rb1805,20171024,20171023,210225500,3691.0,27676,921978,1018359440.0,3691.0,112,3690.0,3
rb1805,20171024,20171023,210226000,3691.0,27828,921888,1023969600.0,3691.0,34,3690.0,17
rb1805,20171024,20171023,210226500,3691.0,27906,921852,1026848540.0,3691.0,1,3690.0,144
rb1805,20171024,20171023,210227000,3690.0,27936,921856,1027955820.0,3691.0,1,3690.0,163
rb1805,20171024,20171023,210227500,3692.0,28620,921730,1053201620.0,3693.0,62,3692.0,323
rb1805,20171024,20171023,210228000,3692.0,28796,921838,1059699640.0,3693.0,68,3692.0,243
rb1805,20171024,20171023,210228500,3692.0,29264,921886,1076978740.0,3693.0,123,3692.0,36
rb1805,20171024,20171023,210229000,3692.0,29480,921918,1084952960.0,3692.0,119,3691.0,15
rb1805,20171024,20171023,210229500,3691.0,29554,921954,1087684180.0,3690.0,106,3689.0,743
rb1805,20171024,20171023,210230000,3690.0,29618,921922,1090045780.0,3690.0,81,3689.0,743
rb1805,20171024,20171023,210230500,3690.0,29644,921922,1091005160.0,3690.0,69,3689.0,743
rb1805,20171024,20171023,210231000,3690.0,29732,921920,1094252360.0,3690.0,25,3689.0,713
rb1805,20171024,20171023,210231500,3690.0,29774,921914,1095802080.0,3690.0,11,3689.0,710
rb1805,20171024,20171023,210232000,3690.0,30060,921812,1106355420.0,3691.0,68,3690.0,373
rb1805,20171024,20171023,210232500,3690.0,30812,921406,1134104220.0,3690.0,42,3689.0,717
rb1805,20171024,20171023,210233000,3691.0,31304,921622,1152260080.0,3692.0,85,3691.0,27
rb1805,20171024,20171023,210233500,3689.0,31780,922052,1169820940.0,3690.0,49,3689.0,275
rb1805,20171024,20171023,210234000,3689.0,31920,922176,1174985600.0,3690.0,67,3689.0,197
rb1805,20171024,20171023,210234500,3689.0,32062,922310,1180224300.0,3690.0,57,3689.0,142
rb1805,20171024,20171023,210235000,3689.0,32190,922438,1184946280.0,3690.0,54,3689.0,82
rb1805,20171024,20171023,210235500,3689.0,32246,922452,1187012340.0,3690.0,36,3689.0,65
rb1805,20171024,20171023,210236000,3689.0,32264,922460,1187676360.0,3690.0,90,3689.0,56
rb1805,20171024,20171023,210236500,3689.0,32314,922462,1189520960.0,3690.0,88,3689.0,41
rb1805,20171024,20171023,210237000,3689.0,32420,922546,1193431260.0,3689.0,17,3688.0,63
rb1805,20171024,20171023,210237500,3689.0,32646,922352,1201770000.0,3690.0,9,3689.0,48
rb1805,20171024,20171023,210238000,3689.0,32698,922366,1203688500.0,3690.0,4,3689.0,79
rb1805,20171024,20171023,210238500,3690.0,32722,922372,1204574040.0,3691.0,163,3690.0,23
rb1805,20171024,20171023,210239000,3690.0,32960,922338,1213354900.0,3691.0,151,3690.0,2
rb1805,20171024,20171023,210239500,3690.0,32992,922362,1214535660.0,3690.0,12,3689.0,1
rb1805,20171024,20171023,210240000,3691.0,33396,922262,1229446520.0,3692.0,128,3691.0,304
rb1805,20171024,20171023,210240500,3691.0,33478,922262,1232473220.0,3692.0,125,3691.0,268
rb1805,20171024,20171023,210241000,3691.0,33720,922056,1241405440.0,3692.0,126,3691.0,148
rb1805,20171024,20171023,210241500,3690.0,34030,922074,1252847420.0,3690.0,1,3689.0,50
rb1805,20171024,20171023,210242000,3689.0,34126,922086,1256389140.0,3689.0,5,3688.0,69
rb1805,20171024,20171023,210242500,3690.0,34144,922088,1257053180.0,3690.0,25,3689.0,7
rb1805,20171024,20171023,210243000,3690.0,34168,922084,1257938740.0,3690.0,19,3689.0,9
rb1805,20171024,20171023,210243500,3689.0,34176,922084,1258233900.0,3690.0,122,3689.0,19
rb1805,20171024,20171023,210244000,3689.0,34202,922086,1259193040.0,3690.0,125,3689.0,11
rb1805,20171024,20171023,210244500,3690.0,34488,921842,1269746400.0,3691.0,138,3690.0,59
rb1805,20171024,20171023,210245000,3689.0,34634,921710,1275133540.0,3691.0,146,3689.0,2
rb1805,20171024,20171023,210245500,3689.0,34654,921710,1275871340.0,3690.0,8,3689.0,51
rb1805,20171024,20171023,210246000,3689.0,34656,921710,1275945120.0,3690.0,12,3689.0,52
rb1805,20171024,20171023,210246500,3690.0,34662,921710,1276166520.0,3690.0,20,3689.0,57
rb1805,20171024,20171023,210247000,3689.0,34666,921712,1276314080.0,3690.0,26,3689.0,58
rb1805,20171024,20171023,210247500,3690.0,34678,921720,1276756860.0,3690.0,27,3689.0,58
rb1805,20171024,20171023,210248000,3690.0,34694,921728,1277347220.0,3690.0,17,3689.0,57
rb1805,20171024,20171023,210248500,3690.0,34736,921764,1278897020.0,3691.0,158,3690.0,1
rb1805,20171024,20171023,210249000,3690.0,34794,921818,1281037180.0,3691.0,149,3690.0,5
rb1805,20171024,20171023,210249500,3690.0,34800,921818,1281258580.0,3691.0,146,3690.0,522
rb1805,20171024,20171023,210250000,3690.0,34828,921804,1282291920.0,3691.0,143,3690.0,530
rb1805,20171024,20171023,210250500,3690.0,34858,921820,1283398960.0,3691.0,142,3690.0,518
rb1805,20171024,20171023,210251000,3691.0,35004,921824,1288787200.0,3691.0,103,3690.0,487
rb1805,20171024,20171023,210251500,3691.0,35218,921842,1296685940.0,3692.0,244,3691.0,62
rb1805,20171024,20171023,210252000,3691.0,35264,921814,1298383940.0,3692.0,239,3691.0,56
rb1805,20171024,20171023,210252500,3691.0,35286,921798,1299195960.0,3692.0,238,3691.0,53
rb1805,20171024,20171023,210253000,3691.0,35290,921798,1299343600.0,3692.0,238,3691.0,72
rb1805,20171024,20171023,210253500,3691.0,35298,921796,1299638880.0,3692.0,239,3691.0,68
rb1805,20171024,20171023,210254000,3690.0,35510,921766,1307463320.0,3692.0,302,3691.0,3
rb1805,20171024,20171023,210254500,3692.0,36114,922026,1329762920.0,3693.0,138,3692.0,102
rb1805,20171024,20171023,210255000,3691.0,36374,922056,1339362400.0,3692.0,134,3691.0,1
rb1805,20171024,20171023,210255500,3691.0,36392,922052,1340026880.0,3692.0,131,3691.0,14
rb1805,20171024,20171023,210256000,3691.0,36404,922048,1340469860.0,3692.0,131,3691.0,20
rb1805,20171024,20171023,210256500,3691.0,36412,922052,1340765180.0,3692.0,133,3691.0,24
rb1805,20171024,20171023,210257000,3692.0,36440,922054,1341798760.0,3692.0,229,3691.0,15
rb1805,20171024,20171023,210257500,3692.0,36442,922054,1341872600.0,3692.0,235,3691.0,17
rb1805,20171024,20171023,210258000,3691.0,36592,922160,1347407960.0,3691.0,154,3690.0,390
rb1805,20171024,20171023,210258500,3690.0,36686,922170,1350876660.0,3691.0,78,3690.0,348
rb1805,20171024,20171023,210259000,3691.0,36700,922174,1351393300.0,3691.0,70,3690.0,337
rb1805,20171024,20171023,210259500,3690.0,36708,922174,1351688540.0,3691.0,70,3690.0,343
rb1805,20171024,20171023,210300000,3691.0,36790,922204,1354715040.0,3691.0,38,3690.0,337
rb1805,20171024,20171023,210300500,3692.0,36870,922244,1357667860.0,3692.0,334,3691.0,27
rb1805,20171024,20171023,210301000,3691.0,36934,922254,1360030100.0,3692.0,337,3691.0,9
rb1805,20171024,20171023,210301500,3691.0,36938,922254,1360177740.0,3692.0,337,3691.0,5
rb1805,20171024,20171023,210302000,3691.0,36944,922256,1360399220.0,3692.0,337,3691.0,3
rb1805,20171024,20171023,210302500,3690.0,36986,922284,1361949360.0,3691.0,19,3690.0,336
rb1805,20171024,20171023,210303000,3691.0,36990,922286,1362097000.0,3691.0,20,3690.0,328
rb1805,20171024,20171023,210303500,3691.0,37040,922284,1363942040.0,3691.0,107,3690.0,306
rb1805,20171024,20171023,210304000,3691.0,37088,922286,1365713280.0,3691.0,166,3690.0,285
rb1805,20171024,20171023,210304500,3690.0,37936,922834,1397017020.0,3691.0,44,3690.0,276
rb1805,20171024,20171023,210305000,3691.0,38026,922922,1400338500.0,3691.0,28,3690.0,325
rb1805,20171024,20171023,210305500,3691.0,38124,922990,1403955680.0,3692.0,136,3691.0,61
rb1805,20171024,20171023,210306000,3690.0,38256,923114,1408827720.0,3691.0,215,3690.0,322
rb1805,20171024,20171023,210306500,3690.0,38304,923134,1410599020.0,3691.0,241,3690.0,305
rb1805,20171024,20171023,210307000,3690.0,38356,923186,1412517900.0,3691.0,230,3690.0,286
rb1805,20171024,20171023,210307500,3691.0,38908,922896,1432892360.0,3692.0,129,3691.0,447
rb1805,20171024,20171023,210308000,3691.0,39230,922642,1444777380.0,3692.0,162,3691.0,287
rb1805,20171024,20171023,210308500,3692.0,39502,922454,1454817120.0,3692.0,158,3691.0,168
rb1805,20171024,20171023,210309000,3691.0,39654,922428,1460427440.0,3692.0,159,3691.0,92
rb1805,20171024,20171023,210309500,3691.0,39744,922378,1463749340.0,3692.0,164,3691.0,48
rb1805,20171024,20171023,210310000,3691.0,39854,922402,1467809400.0,3691.0,19,3690.0,175
rb1805,20171024,20171023,210310500,3691.0,39936,922400,1470835740.0,3692.0,183,3691.0,43
rb1805,20171024,20171023,210311000,3691.0,40028,922402,1474231460.0,3691.0,27,3690.0,94
rb1805,20171024,20171023,210311500,3691.0,40038,922406,1474600560.0,3691.0,31,3690.0,94
rb1805,20171024,20171023,210312000,3691.0,40198,922304,1480505980.0,3691.0,124,3690.0,85
rb1805,20171024,20171023,210312500,3691.0,40198,922304,1480505980.0,3691.0,126,3690.0,91
rb1805,20171024,20171023,210313000,3690.0,40256,922354,1482646220.0,3691.0,138,3690.0,64
rb1805,20171024,20171023,210313500,3691.0,40288,922346,1483827120.0,3691.0,143,3690.0,54
rb1805,20171024,20171023,210314000,3690.0,40298,922350,1484196160.0,3691.0,142,3690.0,53
rb1805,20171024,20171023,210314500,3691.0,40348,922350,1486041240.0,3691.0,140,3690.0,33
rb1805,20171024,20171023,210315000,3690.0,40368,922346,1486779240.0,3691.0,156,3690.0,23
rb1805,20171024,20171023,210315500,3690.0,40386,922356,1487443440.0,3691.0,159,3690.0,15
rb1805,20171024,20171023,210316000,3690.0,40396,922358,1487812460.0,3691.0,169,3690.0,16
rb1805,20171024,20171023,210316500,3691.0,40408,922360,1488255340.0,3691.0,165,3690.0,15
rb1805,20171024,20171023,210317000,3690.0,40416,922364,1488550540.0,3691.0,166,3690.0,11
rb1805,20171024,20171023,210317500,3690.0,40448,922350,1489731340.0,3690.0,88,3689.0,75
rb1805,20171024,20171023,210318000,3690.0,40472,922348,1490616840.0,3690.0,84,3689.0,75
rb1805,20171024,20171023,210318500,3690.0,40506,922320,1491871420.0,3690.0,86,3689.0,99
rb1805,20171024,20171023,210319000,3690.0,40536,922316,1492978400.0,3690.0,75,3689.0,109
rb1805,20171024,20171023,210319500,3690.0,40698,922202,1498956200.0,3691.0,172,3690.0,38
rb1805,20171024,20171023,210320000,3690.0,40716,922194,1499620400.0,3691.0,171,3690.0,104
rb1805,20171024,20171023,210320500,3690.0,40728,922194,1500063200.0,3691.0,284,3690.0,122
rb1805,20171024,20171023,210321000,3690.0,40752,922192,1500949000.0,3691.0,262,3690.0,135
rb1805,20171024,20171023,210321500,3691.0,41300,922232,1521175720.0,3692.0,172,3691.0,80
rb1805,20171024,20171023,210322000,3691.0,41464,922268,1527228960.0,3692.0,173,3691.0,8
rb1805,20171024,20171023,210322500,3691.0,41496,922258,1528410240.0,3692.0,162,3691.0,33
rb1805,20171024,20171023,210323000,3691.0,41654,922312,1534243420.0,3692.0,92,3691.0,159
rb1805,20171024,20171023,210323500,3692.0,41846,922260,1541332060.0,3693.0,174,3692.0,127
rb1805,20171024,20171023,210324000,3692.0,41944,922194,1544950260.0,3693.0,176,3692.0,81
rb1805,20171024,20171023,210324500,3692.0,41968,922196,1545836460.0,3693.0,180,3692.0,56
rb1805,20171024,20171023,210325000,3692.0,42042,922234,1548568560.0,3693.0,179,3692.0,56
rb1805,20171024,20171023,210325500,3692.0,42050,922234,1548863920.0,3693.0,179,3692.0,126
rb1805,20171024,20171023,210326000,3692.0,42054,922238,1549011600.0,3693.0,180,3692.0,180
rb1805,20171024,20171023,210326500,3692.0,42056,922240,1549085440.0,3693.0,179,3692.0,185
rb1805,20171024,20171023,210327000,3692.0,42078,922244,1549897800.0,3693.0,176,3692.0,122
rb1805,20171024,20171023,210327500,3693.0,42108,922236,1551005520.0,3693.0,168,3692.0,115
rb1805,20171024,20171023,210328000,3692.0,42180,922214,1553664000.0,3693.0,156,3692.0,158
rb1805,20171024,20171023,210328500,3692.0,42398,922212,1561712580.0,3693.0,156,3692.0,50
rb1805,20171024,20171023,210329000,3692.0,42504,922218,1565626160.0,3692.0,54,3691.0,206
rb1805,20171024,20171023,210329500,3691.0,42518,922208,1566142980.0,3692.0,73,3691.0,182
rb1805,20171024,20171023,210330000,3692.0,42520,922208,1566216820.0,3692.0,85,3691.0,107
rb1805,20171024,20171023,210330500,3692.0,42556,922180,1567545660.0,3692.0,84,3691.0,93
rb1805,20171024,20171023,210331000,3691.0,42698,922180,1572786880.0,3692.0,93,3691.0,22
rb1805,20171024,20171023,210331500,3691.0,42752,922188,1574780020.0,3691.0,47,3690.0,118
rb1805,20171024,20171023,210332000,3691.0,42760,922196,1575075260.0,3691.0,27,3690.0,110
rb1805,20171024,20171023,210332500,3690.0,42826,922236,1577511060.0,3691.0,9,3690.0,99
rb1805,20171024,20171023,210333000,3691.0,42828,922238,1577584880.0,3691.0,25,3690.0,99
rb1805,20171024,20171023,210333500,3690.0,42856,922242,1578618080.0,3691.0,30,3690.0,85
rb1805,20171024,20171023,210334000,3690.0,42888,922248,1579799080.0,3691.0,39,3690.0,79
rb1805,20171024,20171023,210334500,3690.0,42896,922254,1580094300.0,3691.0,46,3690.0,79
rb1805,20171024,20171023,210335000,3690.0,42900,922254,1580241900.0,3691.0,46,3690.0,77
rb1805,20171024,20171023,210335500,3690.0,42902,922254,1580315700.0,3691.0,46,3690.0,72
rb1805,20171024,20171023,210336000,3690.0,42906,922256,1580463300.0,3691.0,46,3690.0,70
rb1805,20171024,20171023,210336500,3690.0,42932,922278,1581422720.0,3691.0,56,3690.0,58
rb1805,20171024,20171023,210337000,3690.0,42968,922304,1582751120.0,3691.0,57,3690.0,40
rb1805,20171024,20171023,210337500,3691.0,42974,922308,1582972540.0,3691.0,67,3690.0,38
rb1805,20171024,20171023,210338000,3691.0,42984,922302,1583341600.0,3691.0,64,3690.0,43
rb1805,20171024,20171023,210338500,3690.0,43004,922302,1584079600.0,3691.0,67,3690.0,60
rb1805,20171024,20171023,210339000,3690.0,43034,922328,1585186600.0,3691.0,66,3690.0,45
rb1805,20171024,20171023,210339500,3690.0,43042,922328,1585481800.0,3691.0,68,3690.0,42
rb1805,20171024,20171023,210340000,3689.0,43130,922260,1588729000.0,3690.0,66,3689.0,105
rb1805,20171024,20171023,210340500,3690.0,43222,922256,1592123380.0,3690.0,43,3689.0,84
rb1805,20171024,20171023,210341000,3690.0,43276,922214,1594115940.0,3690.0,33,3689.0,88
rb1805,20171024,20171023,210341500,3689.0,43292,922198,1594706180.0,3690.0,74,3689.0,80
rb1805,20171024,20171023,210342000,3689.0,43294,922196,1594779960.0,3690.0,78,3689.0,71
rb1805,20171024,20171023,210342500,3690.0,43326,922168,1595960660.0,3690.0,69,3689.0,60
rb1805,20171024,20171023,210343000,3689.0,43346,922160,1596698480.0,3690.0,69,3689.0,52
rb1805,20171024,20171023,210343500,3689.0,43450,922166,1600535040.0,3689.0,1,3688.0,386
rb1805,20171024,20171023,210344000,3688.0,43460,922164,1600903940.0,3689.0,5,3688.0,404
rb1805,20171024,20171023,210344500,3688.0,43526,922112,1603338220.0,3690.0,65,3689.0,1
rb1805,20171024,20171023,210345000,3689.0,43570,922098,1604961180.0,3690.0,77,3689.0,51
rb1805,20171024,20171023,210345500,3689.0,43698,922112,1609682920.0,3689.0,70,3688.0,338
rb1805,20171024,20171023,210346000,3688.0,43736,922092,1611084580.0,3689.0,17,3688.0,330
rb1805,20171024,20171023,210346500,3688.0,43744,922084,1611379620.0,3689.0,29,3688.0,328
rb1805,20171024,20171023,210347000,3688.0,43746,922084,1611453380.0,3689.0,40,3688.0,328
rb1805,20171024,20171023,210347500,3689.0,43748,922084,1611527160.0,3689.0,53,3688.0,329
rb1805,20171024,20171023,210348000,3688.0,43790,922058,1613076140.0,3689.0,54,3688.0,309
rb1805,20171024,20171023,210348500,3688.0,43836,922058,1614772620.0,3689.0,56,3688.0,287
rb1805,20171024,20171023,210349000,3688.0,43856,922052,1615510220.0,3689.0,66,3688.0,227
rb1805,20171024,20171023,210349500,3689.0,43890,922032,1616764160.0,3689.0,70,3688.0,212
rb1805,20171024,20171023,210350000,3688.0,44072,921874,1623476340.0,3689.0,67,3688.0,122
rb1805,20171024,20171023,210350500,3688.0,44156,921830,1626574260.0,3689.0,73,3688.0,108
rb1805,20171024,20171023,210351000,3688.0,44192,921822,1627901940.0,3689.0,70,3688.0,90
rb1805,20171024,20171023,210351500,3688.0,44434,921828,1636826940.0,3689.0,94,3688.0,11
rb1805,20171024,20171023,210352000,3688.0,44768,921688,1649141760.0,3688.0,102,3687.0,57
rb1805,20171024,20171023,210352500,3687.0,44912,921616,1654451340.0,3688.0,95,3687.0,1
rb1805,20171024,20171023,210353000,3687.0,44934,921600,1655262360.0,3687.0,5,3686.0,125
rb1805,20171024,20171023,210353500,3686.0,44960,921594,1656220840.0,3687.0,4,3686.0,117
rb1805,20171024,20171023,210354000,3686.0,44968,921590,1656515760.0,3687.0,5,3686.0,170
rb1805,20171024,20171023,210354500,3686.0,45352,921284,1670670420.0,3686.0,71,3685.0,136
rb1805,20171024,20171023,210355000,3686.0,45382,921264,1671776160.0,3686.0,60,3685.0,137
rb1805,20171024,20171023,210355500,3686.0,45626,921140,1680768800.0,3687.0,3,3686.0,36
rb1805,20171024,20171023,210356000,3686.0,45640,921134,1681284840.0,3687.0,9,3686.0,37
rb1805,20171024,20171023,210356500,3686.0,45652,921124,1681727160.0,3687.0,24,3686.0,81
rb1805,20171024,20171023,210357000,3686.0,45666,921114,1682243220.0,3687.0,33,3686.0,115
rb1805,20171024,20171023,210357500,3687.0,45772,921176,1686150400.0,3687.0,34,3686.0,69
rb1805,20171024,20171023,210358000,3686.0,45994,921306,1694333320.0,3686.0,10,3685.0,93
rb1805,20171024,20171023,210358500,3685.0,46040,921326,1696028640.0,3687.0,70,3686.0,4
rb1805,20171024,20171023,210359000,3685.0,46150,921232,1700082260.0,3686.0,22,3685.0,28
rb1805,20171024,20171023,210359500,3685.0,46152,921230,1700155960.0,3686.0,119,3685.0,17
rb1805,20171024,20171023,210400000,3685.0,46166,921234,1700671880.0,3686.0,119,3685.0,27
rb1805,20171024,20171023,210400500,3685.0,46244,921282,1703546200.0,3685.0,25,3684.0,65
rb1805,20171024,20171023,210401000,3684.0,46428,921338,1710324980.0,3684.0,10,3683.0,32
rb1805,20171024,20171023,210401500,3685.0,46516,921298,1713567360.0,3685.0,79,3684.0,117
rb1805,20171024,20171023,210402000,3686.0,46710,921120,1720716540.0,3685.0,3,3684.0,138
rb1805,20171024,20171023,210402500,3685.0,46744,921128,1721969460.0,3686.0,25,3685.0,140
rb1805,20171024,20171023,210403000,3685.0,46766,921118,1722780220.0,3686.0,23,3685.0,190
rb1805,20171024,20171023,210403500,3685.0,46794,921112,1723812040.0,3686.0,23,3685.0,178
rb1805,20171024,20171023,210404000,3686.0,46846,921100,1725728760.0,3687.0,109,3686.0,80
rb1805,20171024,20171023,210404500,3686.0,46876,921090,1726834560.0,3687.0,101,3686.0,97
rb1805,20171024,20171023,210405000,3687.0,46944,921154,1729341720.0,3687.0,67,3686.0,118
rb1805,20171024,20171023,210405500,3687.0,47290,920994,1742098740.0,3688.0,87,3687.0,212
rb1805,20171024,20171023,210406000,3688.0,47450,921016,1747999540.0,3689.0,93,3688.0,62
rb1805,20171024,20171023,210406500,3688.0,47578,920984,1752721220.0,3689.0,33,3688.0,11
rb1805,20171024,20171023,210407000,3687.0,47726,920958,1758179600.0,3688.0,54,3687.0,141
rb1805,20171024,20171023,210407500,3688.0,47924,920932,1765482520.0,3689.0,12,3688.0,86
rb1805,20171024,20171023,210408000,3688.0,47952,920908,1766515420.0,3689.0,4,3688.0,52
rb1805,20171024,20171023,210408500,3689.0,47966,920908,1767031880.0,3689.0,23,3688.0,59
rb1805,20171024,20171023,210409000,3688.0,47988,920902,1767843300.0,3689.0,35,3688.0,50
rb1805,20171024,20171023,210409500,3689.0,47994,920904,1768064640.0,3689.0,32,3688.0,42
rb1805,20171024,20171023,210410000,3689.0,48040,920866,1769761160.0,3689.0,57,3688.0,231
rb1805,20171024,20171023,210410500,3689.0,48070,920868,1770867580.0,3689.0,52,3688.0,227
rb1805,20171024,20171023,210411000,3689.0,48194,920894,1775441940.0,3690.0,70,3689.0,32
rb1805,20171024,20171023,210411500,3689.0,48244,920886,1777286500.0,3690.0,76,3689.0,24
rb1805,20171024,20171023,210412000,3690.0,48256,920888,1777729200.0,3690.0,86,3689.0,34
rb1805,20171024,20171023,210412500,3689.0,48282,920864,1778688340.0,3690.0,105,3689.0,65
rb1805,20171024,20171023,210413000,3690.0,48336,920854,1780680800.0,3690.0,78,3689.0,60
rb1805,20171024,20171023,210413500,3690.0,48362,920866,1781640200.0,3690.0,64,3689.0,137
rb1805,20171024,20171023,210414000,3690.0,48362,920866,1781640200.0,3690.0,64,3689.0,138
rb1805,20171024,20171023,210414500,3689.0,48376,920856,1782156700.0,3690.0,68,3689.0,150
rb1805,20171024,20171023,210415000,3690.0,48448,920798,1784812860.0,3690.0,73,3689.0,118
rb1805,20171024,20171023,210415500,3689.0,48546,920858,1788428080.0,3690.0,76,3689.0,70
rb1805,20171024,20171023,210416000,3690.0,48888,920972,1801044720.0,3690.0,71,3688.0,281
rb1805,20171024,20171023,210416500,3689.0,48892,920972,1801192260.0,3689.0,13,3688.0,280
rb1805,20171024,20171023,210417000,3689.0,48896,920976,1801339820.0,3689.0,20,3688.0,291
rb1805,20171024,20171023,210417500,3689.0,48910,920974,1801856280.0,3689.0,25,3688.0,292
rb1805,20171024,20171023,210418000,3689.0,48914,920974,1802003840.0,3689.0,34,3688.0,284
rb1805,20171024,20171023,210418500,3689.0,48966,920934,1803921700.0,3689.0,32,3688.0,267
rb1805,20171024,20171023,210419000,3689.0,48968,920934,1803995480.0,3689.0,41,3688.0,267
rb1805,20171024,20171023,210419500,3689.0,48978,920932,1804364380.0,3689.0,37,3688.0,518
rb1805,20171024,20171023,210420000,3689.0,49026,920904,1806135100.0,3689.0,18,3688.0,518
rb1805,20171024,20171023,210420500,3689.0,49060,920906,1807389300.0,3689.0,5,3688.0,515
rb1805,20171024,20171023,210421000,3688.0,49274,920708,1815281760.0,3690.0,70,3688.0,452
rb1805,20171024,20171023,210421500,3689.0,49280,920712,1815503100.0,3689.0,32,3688.0,443
rb1805,20171024,20171023,210422000,3689.0,49324,920714,1817125840.0,3689.0,32,3688.0,428
rb1805,20171024,20171023,210422500,3689.0,49326,920716,1817199620.0,3689.0,57,3688.0,428
rb1805,20171024,20171023,210423000,3689.0,49348,920724,1818011180.0,3689.0,50,3688.0,475
rb1805,20171024,20171023,210423500,3689.0,49426,920692,1820888600.0,3689.0,21,3688.0,470
rb1805,20171024,20171023,210424000,3688.0,49430,920692,1821036140.0,3689.0,25,3688.0,471
rb1805,20171024,20171023,210424500,3689.0,49454,920676,1821921500.0,3689.0,17,3688.0,465
rb1805,20171024,20171023,210425000,3689.0,49510,920660,1823987060.0,3689.0,14,3688.0,465
rb1805,20171024,20171023,210425500,3688.0,49516,920654,1824208340.0,3689.0,21,3688.0,463
rb1805,20171024,20171023,210426000,3688.0,49544,920652,1825241000.0,3689.0,23,3688.0,467
rb1805,20171024,20171023,210426500,3688.0,49860,920668,1836895080.0,3689.0,107,3688.0,439
rb1805,20171024,20171023,210427000,3689.0,50406,921070,1857031700.0,3689.0,109,3688.0,297
rb1805,20171024,20171023,210427500,3688.0,50776,920872,1870677300.0,3689.0,108,3688.0,112
rb1805,20171024,20171023,210428000,3688.0,50920,920914,1875988040.0,3689.0,117,3688.0,264
rb1805,20171024,20171023,210428500,3688.0,51052,920972,1880856220.0,3689.0,141,3688.0,199
rb1805,20171024,20171023,210429000,3688.0,51106,921018,1882847760.0,3689.0,140,3688.0,184
rb1805,20171024,20171023,210429500,3689.0,51366,921158,1892439140.0,3689.0,156,3688.0,75
rb1805,20171024,20171023,210430000,3688.0,51440,921228,1895168280.0,3689.0,217,3688.0,20
rb1805,20171024,20171023,210430500,3688.0,51570,921228,1899963960.0,3689.0,154,3688.0,19
rb1805,20171024,20171023,210431000,3688.0,51574,921228,1900111480.0,3689.0,159,3688.0,11
rb1805,20171024,20171023,210431500,3689.0,51592,921228,1900775480.0,3689.0,152,3688.0,15
rb1805,20171024,20171023,210432000,3688.0,51614,921248,1901586860.0,3689.0,157,3688.0,5
rb1805,20171024,20171023,210432500,3688.0,51616,921248,1901660620.0,3689.0,158,3688.0,4
rb1805,20171024,20171023,210433000,3688.0,51624,921242,1901955660.0,3688.0,5,3687.0,34
rb1805,20171024,20171023,210433500,3688.0,51630,921240,1902176940.0,3688.0,10,3687.0,27
rb1805,20171024,20171023,210434000,3688.0,51636,921238,1902398220.0,3688.0,7,3687.0,27
rb1805,20171024,20171023,210434500,3688.0,51636,921238,1902398220.0,3688.0,63,3687.0,32
rb1805,20171024,20171023,210435000,3688.0,51640,921242,1902545740.0,3688.0,61,3687.0,32
rb1805,20171024,20171023,210435500,3688.0,51640,921242,1902545740.0,3688.0,66,3687.0,32
rb1805,20171024,20171023,210436000,3688.0,51666,921262,1903504560.0,3688.0,59,3687.0,29
rb1805,20171024,20171023,210436500,3687.0,51668,921264,1903578300.0,3688.0,58,3687.0,28
rb1805,20171024,20171023,210437000,3688.0,51680,921270,1904020760.0,3688.0,62,3687.0,26
rb1805,20171024,20171023,210437500,3688.0,51680,921270,1904020760.0,3688.0,68,3687.0,26
rb1805,20171024,20171023,210438000,3688.0,51686,921270,1904242040.0,3688.0,66,3687.0,26
rb1805,20171024,20171023,210438500,3687.0,51692,921276,1904463260.0,3688.0,69,3687.0,23
rb1805,20171024,20171023,210439000,3687.0,51836,921170,1909773920.0,3688.0,1,3687.0,53
rb1805,20171024,20171023,210439500,3688.0,52044,921126,1917444960.0,3689.0,147,3688.0,9
rb1805,20171024,20171023,210440000,3688.0,52056,921120,1917887520.0,3689.0,76,3688.0,13
rb1805,20171024,20171023,210440500,3688.0,52058,921120,1917961280.0,3689.0,76,3688.0,12
rb1805,20171024,20171023,210441000,3688.0,52060,921118,1918035040.0,3689.0,76,3688.0,29
rb1805,20171024,20171023,210441500,3688.0,52094,921096,1919288960.0,3689.0,77,3688.0,14
rb1805,20171024,20171023,210442000,3688.0,52122,921098,1920321600.0,3689.0,77,3688.0,2
rb1805,20171024,20171023,210442500,3688.0,52134,921096,1920764200.0,3688.0,1,3687.0,81
rb1805,20171024,20171023,210443000,3687.0,52198,921108,1923124200.0,3688.0,1,3687.0,22
rb1805,20171024,20171023,210443500,3687.0,52198,921108,1923124200.0,3688.0,6,3687.0,22
rb1805,20171024,20171023,210444000,3688.0,52222,921114,1924009320.0,3689.0,83,3688.0,8
rb1805,20171024,20171023,210444500,3688.0,52238,921114,1924599400.0,3688.0,11,3687.0,23
rb1805,20171024,20171023,210445000,3687.0,52262,921114,1925484300.0,3688.0,10,3687.0,16
rb1805,20171024,20171023,210445500,3688.0,52282,921128,1926221900.0,3689.0,84,3688.0,190
rb1805,20171024,20171023,210446000,3688.0,52294,921132,1926664460.0,3689.0,82,3688.0,184
rb1805,20171024,20171023,210446500,3688.0,52344,921182,1928508460.0,3689.0,82,3688.0,160
rb1805,20171024,20171023,210447000,3688.0,52386,921204,1930057420.0,3689.0,83,3688.0,139
rb1805,20171024,20171023,210447500,3688.0,52394,921210,1930352460.0,3689.0,86,3688.0,135
rb1805,20171024,20171023,210448000,3688.0,52510,921224,1934630560.0,3689.0,89,3688.0,78
rb1805,20171024,20171023,210448500,3689.0,52710,921380,1942008360.0,3690.0,106,3689.0,24
rb1805,20171024,20171023,210449000,3689.0,52772,921400,1944295420.0,3689.0,23,3688.0,63
rb1805,20171024,20171023,210449500,3688.0,52798,921406,1945254340.0,3689.0,61,3688.0,55
rb1805,20171024,20171023,210450000,3688.0,52808,921414,1945623200.0,3689.0,59,3688.0,53
rb1805,20171024,20171023,210450500,3688.0,52810,921414,1945696960.0,3689.0,90,3688.0,52
rb1805,20171024,20171023,210451000,3689.0,52844,921440,1946951060.0,3689.0,103,3688.0,44
rb1805,20171024,20171023,210451500,3689.0,52846,921440,1947024840.0,3689.0,116,3688.0,44
rb1805,20171024,20171023,210452000,3689.0,52888,921482,1948573820.0,3689.0,115,3688.0,25
rb1805,20171024,20171023,210452500,3689.0,52892,921486,1948721360.0,3689.0,116,3688.0,25
rb1805,20171024,20171023,210453000,3688.0,52902,921496,1949090160.0,3689.0,132,3688.0,21
rb1805,20171024,20171023,210453500,3689.0,52908,921496,1949311460.0,3689.0,132,3688.0,20
rb1805,20171024,20171023,210454000,3689.0,52952,921532,1950934220.0,3688.0,5,3687.0,40
rb1805,20171024,20171023,210454500,3687.0,52960,921536,1951229220.0,3688.0,5,3687.0,39
rb1805,20171024,20171023,210455000,3688.0,53018,921536,1953368220.0,3688.0,127,3687.0,37
rb1805,20171024,20171023,210455500,3688.0,53020,921538,1953441980.0,3688.0,149,3687.0,38
rb1805,20171024,20171023,210456000,3687.0,53032,921538,1953884500.0,3688.0,146,3687.0,36
rb1805,20171024,20171023,210456500,3687.0,53058,921564,1954843120.0,3688.0,145,3687.0,23
rb1805,20171024,20171023,210457000,3688.0,53078,921554,1955580620.0,3688.0,144,3687.0,18
rb1805,20171024,20171023,210457500,3688.0,53092,921560,1956096840.0,3688.0,143,3687.0,15
rb1805,20171024,20171023,210458000,3688.0,53394,921676,1967234580.0,3689.0,185,3688.0,50
rb1805,20171024,20171023,210458500,3688.0,53414,921682,1967972180.0,3689.0,185,3688.0,40
rb1805,20171024,20171023,210459000,3688.0,53416,921684,1968045940.0,3689.0,185,3688.0,41
rb1805,20171024,20171023,210459500,3688.0,53428,921684,1968488500.0,3689.0,189,3688.0,45
rb1805,20171024,20171023,210500000,3688.0,53434,921684,1968709780.0,3689.0,210,3688.0,43
rb1805,20171024,20171023,210500500,3688.0,53458,921708,1969594900.0,3689.0,213,3688.0,31
rb1805,20171024,20171023,210501000,3688.0,53540,921786,1972619060.0,3688.0,163,3687.0,29
rb1805,20171024,20171023,210501500,3688.0,53540,921786,1972619060.0,3688.0,189,3687.0,39
rb1805,20171024,20171023,210502000,3688.0,53540,921786,1972619060.0,3688.0,191,3687.0,39
rb1805,20171024,20171023,210502500,3688.0,53542,921788,1972692820.0,3688.0,193,3687.0,59
rb1805,20171024,20171023,210503000,3688.0,53606,921804,1975053100.0,3688.0,163,3687.0,135
rb1805,20171024,20171023,210503500,3688.0,53626,921804,1975790700.0,3688.0,154,3687.0,141
rb1805,20171024,20171023,210504000,3687.0,54118,921540,1993932740.0,3687.0,154,3686.0,136
rb1805,20171024,20171023,210504500,3686.0,54192,921520,1996660800.0,3687.0,233,3686.0,114
rb1805,20171024,20171023,210505000,3687.0,54240,921504,1998430560.0,3687.0,220,3686.0,114
rb1805,20171024,20171023,210505500,3687.0,54260,921502,1999167780.0,3687.0,219,3686.0,105
rb1805,20171024,20171023,210506000,3687.0,54260,921502,1999167780.0,3687.0,219,3686.0,105
rb1805,20171024,20171023,210506500,3686.0,54262,921502,1999241500.0,3687.0,219,3686.0,104
rb1805,20171024,20171023,210507000,3686.0,54264,921500,1999315220.0,3687.0,219,3686.0,103
rb1805,20171024,20171023,210507500,3686.0,54306,921472,2000863340.0,3687.0,219,3686.0,82
rb1805,20171024,20171023,210508000,3688.0,54860,921596,2021290480.0,3687.0,2,3686.0,109
rb1805,20171024,20171023,210508500,3688.0,54882,921578,2022101800.0,3688.0,7,3687.0,58
rb1805,20171024,20171023,210509000,3687.0,54890,921572,2022396760.0,3688.0,1,3687.0,48
rb1805,20171024,20171023,210509500,3688.0,54898,921568,2022691800.0,3688.0,5,3687.0,57
rb1805,20171024,20171023,210510000,3688.0,54914,921556,2023281820.0,3688.0,99,3687.0,59
rb1805,20171024,20171023,210510500,3688.0,54918,921552,2023429320.0,3688.0,98,3687.0,40
rb1805,20171024,20171023,210511000,3687.0,54938,921564,2024166720.0,3688.0,102,3687.0,40
rb1805,20171024,20171023,210511500,3687.0,54940,921564,2024240460.0,3688.0,107,3687.0,40
rb1805,20171024,20171023,210512000,3688.0,54946,921568,2024461700.0,3688.0,107,3687.0,38
rb1805,20171024,20171023,210512500,3687.0,54974,921568,2025494060.0,3688.0,108,3687.0,26
rb1805,20171024,20171023,210513000,3687.0,54974,921568,2025494060.0,3688.0,108,3687.0,35
rb1805,20171024,20171023,210513500,3686.0,55070,921522,2029033500.0,3687.0,56,3686.0,126
rb1805,20171024,20171023,210514000,3687.0,55104,921520,2030286960.0,3687.0,48,3686.0,123
rb1805,20171024,20171023,210514500,3687.0,55118,921506,2030803040.0,3687.0,46,3686.0,120
rb1805,20171024,20171023,210515000,3687.0,55124,921504,2031024260.0,3687.0,52,3686.0,69
rb1805,20171024,20171023,210515500,3687.0,55224,921514,2034711260.0,3687.0,2,3686.0,53
rb1805,20171024,20171023,210516000,3687.0,55228,921512,2034858740.0,3688.0,122,3687.0,2
rb1805,20171024,20171023,210516500,3686.0,55238,921512,2035227340.0,3687.0,59,3686.0,146
rb1805,20171024,20171023,210517000,3686.0,55240,921510,2035301060.0,3687.0,61,3686.0,146
rb1805,20171024,20171023,210517500,3687.0,55264,921524,2036185720.0,3687.0,60,3686.0,134
rb1805,20171024,20171023,210518000,3687.0,55264,921524,2036185720.0,3687.0,82,3686.0,129
rb1805,20171024,20171023,210518500,3686.0,55266,921524,2036259440.0,3687.0,83,3686.0,118
rb1805,20171024,20171023,210519000,3686.0,55468,921374,2043705180.0,3687.0,85,3686.0,23
rb1805,20171024,20171023,210519500,3686.0,55554,921360,2046874940.0,3687.0,97,3686.0,9
rb1805,20171024,20171023,210520000,3686.0,55562,921360,2047169820.0,3687.0,98,3686.0,5
rb1805,20171024,20171023,210520500,3685.0,55594,921386,2048349140.0,3686.0,12,3685.0,87
rb1805,20171024,20171023,210521000,3686.0,55608,921394,2048865140.0,3686.0,4,3685.0,85
rb1805,20171024,20171023,210521500,3685.0,55626,921412,2049528440.0,3686.0,7,3685.0,84
rb1805,20171024,20171023,210522000,3685.0,55660,921418,2050781440.0,3686.0,4,3685.0,74
rb1805,20171024,20171023,210522500,3686.0,55670,921412,2051150040.0,3687.0,103,3685.0,74
rb1805,20171024,20171023,210523000,3686.0,55696,921424,2052108160.0,3687.0,112,3685.0,67
rb1805,20171024,20171023,210523500,3685.0,55716,921414,2052845160.0,3686.0,40,3685.0,68
rb1805,20171024,20171023,210524000,3685.0,55750,921426,2054098240.0,3686.0,39,3685.0,60
rb1805,20171024,20171023,210524500,3685.0,55944,921448,2061247440.0,3685.0,116,3684.0,43
rb1805,20171024,20171023,210525000,3685.0,55978,921456,2062500340.0,3685.0,100,3684.0,74
rb1805,20171024,20171023,210525500,3684.0,55992,921462,2063016140.0,3685.0,98,3684.0,69
rb1805,20171024,20171023,210526000,3684.0,56008,921474,2063605600.0,3685.0,102,3684.0,69
rb1805,20171024,20171023,210526500,3684.0,56034,921470,2064563460.0,3685.0,149,3684.0,57
rb1805,20171024,20171023,210527000,3684.0,56040,921472,2064784500.0,3685.0,155,3684.0,65
rb1805,20171024,20171023,210527500,3685.0,56152,921398,2068910600.0,3685.0,154,3684.0,10
rb1805,20171024,20171023,210528000,3684.0,56202,921392,2070752340.0,3684.0,5,3683.0,24
rb1805,20171024,20171023,210528500,3683.0,56274,921370,2073404200.0,3683.0,1,3682.0,81
rb1805,20171024,20171023,210529000,3682.0,56404,921344,2078191060.0,3683.0,5,3682.0,29
rb1805,20171024,20171023,210529500,3682.0,56472,921320,2080694840.0,3683.0,19,3682.0,15
rb1805,20171024,20171023,210530000,3682.0,56536,921310,2083051320.0,3682.0,8,3681.0,159
rb1805,20171024,20171023,210530500,3682.0,56590,921328,2085039780.0,3683.0,17,3682.0,17
rb1805,20171024,20171023,210531000,3682.0,56620,921312,2086144380.0,3683.0,18,3682.0,12
rb1805,20171024,20171023,210531500,3683.0,56644,921312,2087028220.0,3683.0,16,3682.0,17
rb1805,20171024,20171023,210532000,3682.0,56696,921290,2088942960.0,3683.0,12,3682.0,75
rb1805,20171024,20171023,210532500,3683.0,56938,921062,2097853680.0,3684.0,19,3683.0,29
rb1805,20171024,20171023,210533000,3683.0,56952,921056,2098369300.0,3684.0,27,3683.0,22
rb1805,20171024,20171023,210533500,3683.0,56992,921032,2099842520.0,3684.0,34,3683.0,4
rb1805,20171024,20171023,210534000,3683.0,57006,921028,2100358140.0,3684.0,34,3683.0,1
rb1805,20171024,20171023,210534500,3683.0,57016,921028,2100726400.0,3683.0,13,3682.0,42
rb1805,20171024,20171023,210535000,3683.0,57048,921028,2101904660.0,3683.0,16,3682.0,27
rb1805,20171024,20171023,210535500,3682.0,57066,921034,2102567520.0,3683.0,54,3682.0,31
rb1805,20171024,20171023,210536000,3683.0,57094,921050,2103598700.0,3683.0,101,3682.0,28
rb1805,20171024,20171023,210536500,3683.0,57106,921044,2104040560.0,3683.0,101,3682.0,24
rb1805,20171024,20171023,210537000,3682.0,57130,921036,2104924240.0,3683.0,101,3682.0,13
rb1805,20171024,20171023,210537500,3682.0,57168,921032,2106323400.0,3682.0,35,3681.0,105
rb1805,20171024,20171023,210538000,3682.0,57258,921006,2109636940.0,3682.0,15,3681.0,93
rb1805,20171024,20171023,210538500,3682.0,57272,921002,2110152340.0,3682.0,14,3681.0,89
rb1805,20171024,20171023,210539000,3682.0,57398,920894,2114790500.0,3682.0,14,3681.0,35
rb1805,20171024,20171023,210539500,3682.0,57416,920878,2115453200.0,3682.0,8,3681.0,33
rb1805,20171024,20171023,210540000,3682.0,57420,920876,2115600480.0,3682.0,8,3681.0,40
rb1805,20171024,20171023,210540500,3681.0,57430,920868,2115968600.0,3682.0,7,3681.0,36
rb1805,20171024,20171023,210541000,3682.0,57484,920826,2117956900.0,3683.0,95,3682.0,78
rb1805,20171024,20171023,210541500,3682.0,57490,920826,2118177820.0,3683.0,102,3682.0,76
rb1805,20171024,20171023,210542000,3682.0,57500,920818,2118546020.0,3683.0,103,3682.0,71
rb1805,20171024,20171023,210542500,3682.0,57696,920714,2125762720.0,3682.0,225,3681.0,98
rb1805,20171024,20171023,210543000,3682.0,57734,920712,2127161700.0,3682.0,225,3681.0,88
rb1805,20171024,20171023,210543500,3682.0,57742,920706,2127456260.0,3682.0,221,3681.0,92
rb1805,20171024,20171023,210544000,3682.0,57744,920706,2127529900.0,3682.0,222,3681.0,106
rb1805,20171024,20171023,210544500,3682.0,58224,920604,2145203300.0,3682.0,382,3681.0,106
rb1805,20171024,20171023,210545000,3682.0,58936,920118,2171419120.0,3682.0,27,3681.0,110
rb1805,20171024,20171023,210545500,3683.0,59036,920094,2175101460.0,3683.0,52,3682.0,169
rb1805,20171024,20171023,210546000,3683.0,59174,920174,2180184000.0,3684.0,33,3683.0,20
rb1805,20171024,20171023,210546500,3683.0,59222,920166,2181952260.0,3684.0,9,3683.0,23
rb1805,20171024,20171023,210547000,3684.0,59242,920158,2182689060.0,3685.0,48,3684.0,7
rb1805,20171024,20171023,210547500,3685.0,59258,920158,2183278660.0,3685.0,40,3684.0,16
rb1805,20171024,20171023,210548000,3684.0,59320,920214,2185562740.0,3684.0,6,3683.0,16
rb1805,20171024,20171023,210548500,3684.0,59332,920214,2186004820.0,3685.0,43,3684.0,6
rb1805,20171024,20171023,210549000,3684.0,59384,920208,2187920000.0,3684.0,1,3682.0,167
rb1805,20171024,20171023,210549500,3685.0,59404,920206,2188656900.0,3685.0,44,3684.0,2
rb1805,20171024,20171023,210550000,3683.0,59408,920208,2188804240.0,3685.0,39,3683.0,8
rb1805,20171024,20171023,210550500,3684.0,59414,920206,2189025260.0,3684.0,1,3683.0,48
rb1805,20171024,20171023,210551000,3684.0,59416,920206,2189098940.0,3685.0,40,3684.0,3
rb1805,20171024,20171023,210551500,3684.0,59420,920208,2189246300.0,3685.0,49,3683.0,63
rb1805,20171024,20171023,210552000,3684.0,59424,920212,2189393660.0,3684.0,1,3683.0,66
rb1805,20171024,20171023,210552500,3684.0,59432,920218,2189688420.0,3684.0,1,3683.0,67
rb1805,20171024,20171023,210553000,3683.0,59444,920226,2190130400.0,3685.0,58,3684.0,1
rb1805,20171024,20171023,210553500,3684.0,59452,920222,2190425120.0,3684.0,1,3683.0,24
rb1805,20171024,20171023,210554000,3683.0,59468,920228,2191014400.0,3684.0,1,3683.0,17
rb1805,20171024,20171023,210554500,3684.0,59488,920236,2191751200.0,3684.0,1,3683.0,20
rb1805,20171024,20171023,210555000,3684.0,59490,920238,2191824880.0,3684.0,10,3683.0,26
rb1805,20171024,20171023,210555500,3684.0,59500,920248,2192193280.0,3684.0,9,3683.0,23
rb1805,20171024,20171023,210556000,3683.0,59512,920256,2192635340.0,3684.0,7,3683.0,22
rb1805,20171024,20171023,210556500,3683.0,59512,920256,2192635340.0,3684.0,20,3683.0,59
rb1805,20171024,20171023,210557000,3682.0,59656,920276,2197938800.0,3684.0,18,3683.0,1
rb1805,20171024,20171023,210557500,3682.0,59778,920372,2202430860.0,3684.0,25,3682.0,107
rb1805,20171024,20171023,210558000,3682.0,59782,920370,2202578180.0,3684.0,30,3682.0,112
rb1805,20171024,20171023,210558500,3684.0,59842,920324,2204787500.0,3683.0,1,3682.0,89
rb1805,20171024,20171023,210559000,3684.0,59916,920336,2207513320.0,3684.0,8,3683.0,10
rb1805,20171024,20171023,210559500,3683.0,59950,920336,2208765520.0,3684.0,21,3683.0,19
rb1805,20171024,20171023,210600000,3683.0,59982,920336,2209944080.0,3684.0,20,3683.0,24
rb1805,20171024,20171023,210600500,3683.0,59986,920334,2210091400.0,3684.0,18,3683.0,26
rb1805,20171024,20171023,210601000,3683.0,59988,920334,2210165060.0,3684.0,18,3683.0,26
rb1805,20171024,20171023,210601500,3684.0,60014,920342,2211122880.0,3684.0,7,3683.0,32
rb1805,20171024,20171023,210602000,3684.0,60020,920342,2211343880.0,3684.0,12,3683.0,30
rb1805,20171024,20171023,210602500,3684.0,60020,920342,2211343880.0,3684.0,12,3683.0,28
rb1805,20171024,20171023,210603000,3684.0,60046,920330,2212301700.0,3685.0,140,3683.0,29
rb1805,20171024,20171023,210603500,3683.0,60048,920328,2212375360.0,3685.0,141,3684.0,1
rb1805,20171024,20171023,210604000,3684.0,60068,920332,2213112260.0,3685.0,136,3683.0,41
rb1805,20171024,20171023,210604500,3685.0,60082,920332,2213628060.0,3685.0,133,3683.0,45
rb1805,20171024,20171023,210605000,3685.0,60082,920332,2213628060.0,3685.0,133,3683.0,57
rb1805,20171024,20171023,210605500,3685.0,60104,920330,2214438560.0,3685.0,143,3684.0,2
rb1805,20171024,20171023,210606000,3684.0,60112,920328,2214733280.0,3684.0,71,3683.0,70
rb1805,20171024,20171023,210606500,3684.0,60118,920328,2214954280.0,3684.0,43,3683.0,73
rb1805,20171024,20171023,210607000,3684.0,60170,920290,2216869540.0,3684.0,44,3683.0,51
rb1805,20171024,20171023,210607500,3684.0,60238,920288,2219374460.0,3684.0,20,3683.0,42
rb1805,20171024,20171023,210608000,3684.0,60238,920288,2219374460.0,3684.0,33,3683.0,42
rb1805,20171024,20171023,210608500,3683.0,60312,920352,2222099900.0,3684.0,43,3683.0,9
rb1805,20171024,20171023,210609000,3683.0,60336,920350,2222983820.0,3683.0,73,3682.0,99
rb1805,20171024,20171023,210609500,3683.0,60372,920320,2224309700.0,3683.0,59,3682.0,100
rb1805,20171024,20171023,210610000,3682.0,60594,920254,2232483740.0,3682.0,58,3681.0,138
rb1805,20171024,20171023,210610500,3681.0,60600,920254,2232704600.0,3682.0,117,3681.0,140
rb1805,20171024,20171023,210611000,3682.0,60898,920376,2243673900.0,3682.0,208,3680.0,113
rb1805,20171024,20171023,210611500,3680.0,61134,920542,2252358740.0,3680.0,84,3679.0,79
rb1805,20171024,20171023,210612000,3680.0,61246,920630,2256479500.0,3680.0,113,3679.0,43
rb1805,20171024,20171023,210612500,3679.0,61340,920658,2259937740.0,3679.0,82,3678.0,35
rb1805,20171024,20171023,210613000,3678.0,61448,920720,2263910580.0,3679.0,170,3678.0,18
rb1805,20171024,20171023,210613500,3677.0,61502,920694,2265896520.0,3678.0,34,3677.0,74
rb1805,20171024,20171023,210614000,3677.0,61624,920594,2270383180.0,3678.0,1,3677.0,52
rb1805,20171024,20171023,210614500,3676.0,61910,920448,2280900820.0,3678.0,2,3676.0,41
rb1805,20171024,20171023,210615000,3676.0,62178,920390,2290752240.0,3678.0,5,3676.0,2
rb1805,20171024,20171023,210615500,3676.0,62324,920342,2296119260.0,3676.0,16,3675.0,158
rb1805,20171024,20171023,210616000,3677.0,62418,920290,2299575340.0,3678.0,20,3676.0,32
rb1805,20171024,20171023,210616500,3676.0,62510,920244,2302957260.0,3676.0,243,3675.0,226
rb1805,20171024,20171023,210617000,3676.0,62654,920208,2308250700.0,3676.0,171,3675.0,235
rb1805,20171024,20171023,210617500,3676.0,62748,920144,2311706080.0,3676.0,130,3675.0,187
rb1805,20171024,20171023,210618000,3676.0,62874,920038,2316337740.0,3676.0,78,3675.0,186
rb1805,20171024,20171023,210618500,3676.0,62950,919986,2319131380.0,3676.0,51,3675.0,196
rb1805,20171024,20171023,210619000,3675.0,63614,920438,2343535540.0,3675.0,2,3674.0,62
rb1805,20171024,20171023,210619500,3675.0,63686,920454,2346181580.0,3676.0,5,3675.0,8
rb1805,20171024,20171023,210620000,3675.0,63744,920456,2348313160.0,3676.0,7,3674.0,73
rb1805,20171024,20171023,210620500,3675.0,63822,920484,2351179600.0,3675.0,125,3674.0,72
rb1805,20171024,20171023,210621000,3676.0,64124,920584,2362278180.0,3676.0,36,3674.0,71
rb1805,20171024,20171023,210621500,3674.0,64180,920554,2364336040.0,3676.0,30,3674.0,74
rb1805,20171024,20171023,210622000,3675.0,64268,920512,2367569540.0,3676.0,25,3675.0,1
rb1805,20171024,20171023,210622500,3674.0,64286,920520,2368231020.0,3676.0,40,3675.0,2
rb1805,20171024,20171023,210623000,3675.0,64320,920510,2369480360.0,3675.0,18,3674.0,61
rb1805,20171024,20171023,210623500,3676.0,64458,920588,2374552820.0,3677.0,81,3676.0,45
rb1805,20171024,20171023,210624000,3674.0,64730,920640,2384549000.0,3676.0,26,3674.0,15
rb1805,20171024,20171023,210624500,3675.0,64750,920632,2385284120.0,3676.0,14,3675.0,29
rb1805,20171024,20171023,210625000,3675.0,64772,920628,2386092800.0,3676.0,5,3675.0,34
rb1805,20171024,20171023,210625500,3675.0,64790,920616,2386754360.0,3676.0,18,3675.0,32
rb1805,20171024,20171023,210626000,3676.0,64804,920616,2387268900.0,3676.0,22,3675.0,75
rb1805,20171024,20171023,210626500,3676.0,64852,920650,2389033360.0,3677.0,134,3676.0,80
rb1805,20171024,20171023,210627000,3676.0,64978,920714,2393665140.0,3677.0,65,3676.0,24
rb1805,20171024,20171023,210627500,3676.0,64984,920716,2393885700.0,3677.0,20,3676.0,22
rb1805,20171024,20171023,210628000,3676.0,65028,920696,2395503540.0,3678.0,105,3677.0,12
rb1805,20171024,20171023,210628500,3676.0,65076,920728,2397268360.0,3678.0,97,3676.0,15
rb1805,20171024,20171023,210629000,3676.0,65078,920730,2397341880.0,3678.0,98,3677.0,2
rb1805,20171024,20171023,210629500,3676.0,65134,920716,2399400500.0,3676.0,101,3675.0,101
rb1805,20171024,20171023,210630000,3676.0,65138,920716,2399547540.0,3676.0,103,3675.0,108
rb1805,20171024,20171023,210630500,3675.0,65214,920654,2402341280.0,3676.0,67,3675.0,110
rb1805,20171024,20171023,210631000,3677.0,65354,920568,2407487700.0,3677.0,14,3676.0,159
rb1805,20171024,20171023,210631500,3676.0,65470,920486,2411752220.0,3678.0,104,3676.0,116
rb1805,20171024,20171023,210632000,3676.0,65576,920468,2415648780.0,3676.0,3,3675.0,123
rb1805,20171024,20171023,210632500,3676.0,65582,920468,2415869340.0,3677.0,3,3676.0,17
rb1805,20171024,20171023,210633000,3677.0,65602,920468,2416604740.0,3678.0,105,3677.0,6
rb1805,20171024,20171023,210633500,3677.0,65618,920460,2417193100.0,3677.0,2,3676.0,72
rb1805,20171024,20171023,210634000,3677.0,65626,920456,2417487260.0,3678.0,109,3676.0,72
rb1805,20171024,20171023,210634500,3677.0,65636,920450,2417854900.0,3677.0,2,3676.0,70
rb1805,20171024,20171023,210635000,3677.0,65638,920450,2417928440.0,3677.0,15,3676.0,73
rb1805,20171024,20171023,210635500,3677.0,65660,920448,2418737380.0,3677.0,14,3676.0,72
rb1805,20171024,20171023,210636000,3677.0,65686,920462,2419693300.0,3677.0,29,3676.0,69
rb1805,20171024,20171023,210636500,3677.0,65864,920314,2426238360.0,3678.0,91,3677.0,42
rb1805,20171024,20171023,210637000,3677.0,65974,920278,2430282860.0,3677.0,245,3676.0,56
rb1805,20171024,20171023,210637500,3676.0,66092,920378,2434620540.0,3676.0,172,3675.0,132
rb1805,20171024,20171023,210638000,3675.0,66354,920428,2444248960.0,3675.0,49,3674.0,47
rb1805,20171024,20171023,210638500,3675.0,66398,920440,2445865740.0,3675.0,79,3674.0,42
rb1805,20171024,20171023,210639000,3674.0,66502,920406,2449686700.0,3674.0,67,3673.0,105
rb1805,20171024,20171023,210639500,3673.0,66536,920404,2450935840.0,3674.0,52,3673.0,114
rb1805,20171024,20171023,210640000,3673.0,66624,920402,2454168320.0,3674.0,49,3673.0,82
rb1805,20171024,20171023,210640500,3674.0,66712,920380,2457401360.0,3674.0,10,3673.0,97
rb1805,20171024,20171023,210641000,3673.0,66980,920320,2467246920.0,3675.0,95,3673.0,59
rb1805,20171024,20171023,210641500,3673.0,67188,920234,2474886760.0,3673.0,69,3672.0,75
rb1805,20171024,20171023,210642000,3673.0,67358,920150,2481130500.0,3673.0,15,3672.0,66
rb1805,20171024,20171023,210642500,3673.0,67392,920162,2482379300.0,3674.0,5,3673.0,28
rb1805,20171024,20171023,210643000,3673.0,67454,920164,2484656800.0,3673.0,54,3672.0,73
rb1805,20171024,20171023,210643500,3672.0,67458,920164,2484803700.0,3673.0,54,3672.0,78
rb1805,20171024,20171023,210644000,3672.0,67662,920068,2492294700.0,3672.0,11,3671.0,285
rb1805,20171024,20171023,210644500,3672.0,67778,920044,2496554800.0,3673.0,25,3672.0,11
rb1805,20171024,20171023,210645000,3673.0,67940,920012,2502504000.0,3673.0,3,3671.0,288
rb1805,20171024,20171023,210645500,3673.0,67982,920010,2504046360.0,3673.0,81,3672.0,40
rb1805,20171024,20171023,210646000,3673.0,68028,919998,2505735580.0,3673.0,77,3672.0,36
rb1805,20171024,20171023,210646500,3672.0,68182,919922,2511390980.0,3673.0,53,3672.0,18
rb1805,20171024,20171023,210647000,3672.0,68188,919926,2511611320.0,3673.0,52,3672.0,17
rb1805,20171024,20171023,210647500,3672.0,68216,919922,2512639600.0,3673.0,46,3672.0,128
rb1805,20171024,20171023,210648000,3673.0,68244,919926,2513668000.0,3673.0,34,3672.0,137
rb1805,20171024,20171023,210648500,3672.0,68290,919912,2515357300.0,3673.0,26,3672.0,125
rb1805,20171024,20171023,210649000,3673.0,68376,919950,2518516080.0,3674.0,6,3673.0,91
rb1805,20171024,20171023,210649500,3674.0,68384,919954,2518809960.0,3674.0,9,3673.0,140
rb1805,20171024,20171023,210650000,3673.0,68406,919952,2519618060.0,3674.0,10,3673.0,134
rb1805,20171024,20171023,210650500,3673.0,68834,920176,2535338520.0,3673.0,2,3672.0,98
rb1805,20171024,20171023,210651000,3674.0,68850,920182,2535926240.0,3675.0,65,3674.0,4
rb1805,20171024,20171023,210651500,3674.0,68866,920196,2536514040.0,3674.0,95,3673.0,6
rb1805,20171024,20171023,210652000,3673.0,68886,920192,2537248760.0,3674.0,62,3673.0,24
rb1805,20171024,20171023,210652500,3673.0,68938,920152,2539158740.0,3673.0,20,3672.0,102
rb1805,20171024,20171023,210653000,3672.0,69018,920146,2542096780.0,3674.0,57,3673.0,11
rb1805,20171024,20171023,210653500,3674.0,69060,920144,2543639740.0,3674.0,39,3673.0,29
rb1805,20171024,20171023,210654000,3673.0,69066,920142,2543860140.0,3674.0,48,3673.0,38
rb1805,20171024,20171023,210654500,3674.0,69234,920192,2550032460.0,3675.0,65,3674.0,16
rb1805,20171024,20171023,210655000,3673.0,69256,920202,2550840720.0,3674.0,13,3673.0,43
rb1805,20171024,20171023,210655500,3674.0,69294,920206,2552236840.0,3675.0,86,3673.0,47
rb1805,20171024,20171023,210656000,3673.0,69300,920204,2552457240.0,3674.0,55,3673.0,49
rb1805,20171024,20171023,210656500,3673.0,69332,920206,2553632780.0,3674.0,48,3673.0,44
rb1805,20171024,20171023,210657000,3673.0,69350,920214,2554294000.0,3674.0,39,3673.0,42
rb1805,20171024,20171023,210657500,3674.0,69380,920222,2555396160.0,3674.0,44,3673.0,47
rb1805,20171024,20171023,210658000,3674.0,69392,920224,2555836980.0,3674.0,45,3673.0,49
rb1805,20171024,20171023,210658500,3674.0,69418,920230,2556792120.0,3674.0,40,3673.0,48
rb1805,20171024,20171023,210659000,3673.0,69440,920230,2557600200.0,3674.0,41,3673.0,40
rb1805,20171024,20171023,210659500,3674.0,69464,920248,2558481920.0,3674.0,31,3673.0,94
rb1805,20171024,20171023,210700000,3673.0,69488,920262,2559363560.0,3674.0,29,3673.0,95
rb1805,20171024,20171023,210700500,3673.0,69498,920264,2559730880.0,3674.0,59,3673.0,87
rb1805,20171024,20171023,210701000,3674.0,69716,920218,2567738040.0,3674.0,50,3672.0,106
rb1805,20171024,20171023,210701500,3672.0,69940,920184,2575963400.0,3672.0,2,3671.0,331
rb1805,20171024,20171023,210702000,3671.0,70180,920152,2584775240.0,3673.0,1,3671.0,269
rb1805,20171024,20171023,210702500,3672.0,70390,920176,2592485660.0,3673.0,29,3672.0,7
rb1805,20171024,20171023,210703000,3673.0,70430,920190,2593954760.0,3673.0,22,3672.0,9
rb1805,20171024,20171023,210703500,3672.0,70440,920198,2594321980.0,3673.0,21,3672.0,7
rb1805,20171024,20171023,210704000,3672.0,70444,920202,2594468860.0,3673.0,22,3672.0,149
rb1805,20171024,20171023,210704500,3672.0,70502,920206,2596599160.0,3674.0,42,3673.0,4
rb1805,20171024,20171023,210705000,3672.0,70510,920212,2596892920.0,3674.0,42,3673.0,10
rb1805,20171024,20171023,210705500,3672.0,70594,920220,2599978040.0,3673.0,42,3672.0,153
rb1805,20171024,20171023,210706000,3673.0,70656,920160,2602255300.0,3673.0,13,3672.0,167
rb1805,20171024,20171023,210706500,3673.0,70682,920138,2603210280.0,3674.0,42,3673.0,16
rb1805,20171024,20171023,210707000,3673.0,70684,920140,2603283740.0,3674.0,43,3673.0,17
rb1805,20171024,20171023,210707500,3673.0,70690,920142,2603504120.0,3674.0,43,3673.0,41
rb1805,20171024,20171023,210708000,3673.0,70710,920140,2604238720.0,3674.0,42,3673.0,36
rb1805,20171024,20171023,210708500,3673.0,70716,920142,2604459120.0,3674.0,42,3673.0,43
rb1805,20171024,20171023,210709000,3674.0,70728,920144,2604899900.0,3674.0,41,3673.0,41
rb1805,20171024,20171023,210709500,3674.0,70740,920150,2605340760.0,3674.0,38,3673.0,62
rb1805,20171024,20171023,210710000,3674.0,70762,920170,2606149040.0,3674.0,27,3673.0,70
rb1805,20171024,20171023,210710500,3674.0,70828,920164,2608573880.0,3675.0,223,3674.0,66
rb1805,20171024,20171023,210711000,3675.0,70858,920144,2609676160.0,3675.0,211,3674.0,74
rb1805,20171024,20171023,210711500,3675.0,70896,920142,2611072420.0,3675.0,188,3674.0,66
rb1805,20171024,20171023,210712000,3675.0,70980,920136,2614159220.0,3675.0,156,3674.0,59
rb1805,20171024,20171023,210712500,3675.0,70988,920136,2614453220.0,3675.0,153,3674.0,66
rb1805,20171024,20171023,210713000,3675.0,71086,920210,2618054480.0,3675.0,116,3674.0,68
rb1805,20171024,20171023,210713500,3674.0,71144,920226,2620185940.0,3675.0,89,3674.0,39
rb1805,20171024,20171023,210714000,3675.0,71194,920228,2622023420.0,3675.0,82,3674.0,40
rb1805,20171024,20171023,210714500,3674.0,71208,920218,2622537900.0,3675.0,109,3674.0,59
rb1805,20171024,20171023,210715000,3675.0,71214,920214,2622758380.0,3675.0,107,3674.0,69
rb1805,20171024,20171023,210715500,3674.0,71224,920216,2623125840.0,3675.0,104,3674.0,69
rb1805,20171024,20171023,210716000,3675.0,71246,920196,2623934340.0,3675.0,99,3674.0,69
rb1805,20171024,20171023,210716500,3675.0,71252,920192,2624154840.0,3675.0,96,3674.0,68
rb1805,20171024,20171023,210717000,3675.0,71252,920192,2624154840.0,3675.0,96,3674.0,61
rb1805,20171024,20171023,210717500,3675.0,71274,920172,2624963340.0,3675.0,97,3674.0,62
rb1805,20171024,20171023,210718000,3674.0,71296,920174,2625771620.0,3675.0,97,3674.0,58
rb1805,20171024,20171023,210718500,3674.0,71332,920180,2627094500.0,3675.0,85,3674.0,52
rb1805,20171024,20171023,210719000,3675.0,71340,920174,2627388500.0,3675.0,86,3674.0,55
rb1805,20171024,20171023,210719500,3675.0,71376,920174,2628711200.0,3675.0,84,3674.0,42
rb1805,20171024,20171023,210720000,3674.0,71380,920174,2628858160.0,3675.0,84,3674.0,51
rb1805,20171024,20171023,210720500,3675.0,71388,920172,2629152140.0,3675.0,81,3674.0,63
rb1805,20171024,20171023,210721000,3675.0,71392,920176,2629299140.0,3675.0,80,3674.0,63
rb1805,20171024,20171023,210721500,3675.0,71396,920180,2629446140.0,3675.0,86,3674.0,64
rb1805,20171024,20171023,210722000,3675.0,71508,920278,2633562100.0,3675.0,74,3674.0,64
rb1805,20171024,20171023,210722500,3674.0,71512,920276,2633709080.0,3675.0,74,3674.0,63
rb1805,20171024,20171023,210723000,3675.0,71606,920326,2637163540.0,3675.0,29,3674.0,62
rb1805,20171024,20171023,210723500,3675.0,71610,920328,2637310540.0,3675.0,53,3674.0,62
rb1805,20171024,20171023,210724000,3675.0,71644,920338,2638559740.0,3675.0,73,3674.0,69
rb1805,20171024,20171023,210724500,3675.0,71674,920366,2639662240.0,3675.0,69,3674.0,70
rb1805,20171024,20171023,210725000,3675.0,71860,920482,2646497740.0,3676.0,137,3675.0,417
rb1805,20171024,20171023,210725500,3675.0,71868,920482,2646791800.0,3676.0,134,3675.0,416
rb1805,20171024,20171023,210726000,3676.0,71930,920452,2649070820.0,3676.0,118,3675.0,411
rb1805,20171024,20171023,210726500,3676.0,71934,920448,2649217860.0,3676.0,116,3675.0,420
rb1805,20171024,20171023,210727000,3675.0,71964,920448,2650320440.0,3676.0,112,3675.0,413
rb1805,20171024,20171023,210727500,3676.0,71980,920436,2650908600.0,3676.0,106,3675.0,417
rb1805,20171024,20171023,210728000,3676.0,72206,920450,2659216480.0,3677.0,23,3676.0,406
rb1805,20171024,20171023,210728500,3677.0,72308,920482,2662966720.0,3677.0,14,3676.0,392
rb1805,20171024,20171023,210729000,3676.0,72560,920588,2672230540.0,3677.0,24,3676.0,282
rb1805,20171024,20171023,210729500,3676.0,73162,920654,2694360060.0,3676.0,110,3675.0,437
rb1805,20171024,20171023,210730000,3676.0,73256,920746,2697815500.0,3676.0,63,3675.0,442
rb1805,20171024,20171023,210730500,3675.0,73264,920746,2698109560.0,3676.0,17,3675.0,442
rb1805,20171024,20171023,210731000,3675.0,73400,920802,2703107880.0,3676.0,6,3675.0,397
rb1805,20171024,20171023,210731500,3676.0,74234,921590,2733757760.0,3677.0,27,3676.0,492
rb1805,20171024,20171023,210732000,3677.0,74682,921872,2750226500.0,3677.0,66,3676.0,282
rb1805,20171024,20171023,210732500,3676.0,75246,922328,2770959140.0,3676.0,3,3675.0,26
rb1805,20171024,20171023,210733000,3676.0,75286,922360,2772429180.0,3676.0,17,3675.0,8
rb1805,20171024,20171023,210733500,3676.0,75310,922352,2773311200.0,3676.0,110,3674.0,203
rb1805,20171024,20171023,210734000,3675.0,75336,922372,2774266700.0,3675.0,52,3674.0,201
rb1805,20171024,20171023,210734500,3675.0,75346,922376,2774634200.0,3675.0,60,3674.0,201
rb1805,20171024,20171023,210735000,3676.0,75906,922904,2795218320.0,3677.0,42,3676.0,520
rb1805,20171024,20171023,210735500,3677.0,75984,922882,2798086240.0,3677.0,35,3676.0,514
rb1805,20171024,20171023,210736000,3676.0,75990,922886,2798306820.0,3677.0,63,3676.0,512
rb1805,20171024,20171023,210736500,3676.0,75994,922888,2798453860.0,3677.0,64,3676.0,511
rb1805,20171024,20171023,210737000,3676.0,76000,922892,2798674420.0,3677.0,72,3676.0,508
rb1805,20171024,20171023,210737500,3677.0,76010,922898,2799042040.0,3677.0,83,3676.0,504
rb1805,20171024,20171023,210738000,3676.0,76040,922908,2800144840.0,3677.0,89,3676.0,490
rb1805,20171024,20171023,210738500,3676.0,76058,922916,2800806580.0,3677.0,82,3676.0,484
rb1805,20171024,20171023,210739000,3677.0,76274,922926,2808746900.0,3677.0,76,3676.0,384
rb1805,20171024,20171023,210739500,3677.0,76574,923186,2819777900.0,3678.0,135,3677.0,351
rb1805,20171024,20171023,210740000,3677.0,76934,923546,2833015100.0,3678.0,139,3677.0,186
rb1805,20171024,20171023,210740500,3677.0,77376,923732,2849267400.0,3678.0,191,3676.0,383
rb1805,20171024,20171023,210741000,3676.0,77404,923716,2850296860.0,3677.0,10,3676.0,388
rb1805,20171024,20171023,210741500,3677.0,77416,923716,2850738080.0,3677.0,44,3676.0,395
rb1805,20171024,20171023,210742000,3677.0,77456,923746,2852208680.0,3677.0,39,3676.0,385
rb1805,20171024,20171023,210742500,3677.0,77458,923746,2852282220.0,3677.0,41,3676.0,395
rb1805,20171024,20171023,210743000,3678.0,77804,923934,2865007260.0,3679.0,27,3678.0,368
rb1805,20171024,20171023,210743500,3678.0,77830,923946,2865963540.0,3679.0,33,3678.0,357
rb1805,20171024,20171023,210744000,3678.0,77910,923986,2868905940.0,3679.0,33,3678.0,317
rb1805,20171024,20171023,210744500,3678.0,77954,924028,2870524260.0,3679.0,34,3678.0,295
rb1805,20171024,20171023,210745000,3679.0,77968,924040,2871039260.0,3679.0,30,3678.0,292
rb1805,20171024,20171023,210745500,3679.0,77994,924020,2871995800.0,3679.0,26,3678.0,292
rb1805,20171024,20171023,210746000,3679.0,78196,924026,2879425440.0,3679.0,25,3678.0,195
rb1805,20171024,20171023,210746500,3678.0,78392,924028,2886634320.0,3679.0,49,3678.0,98
rb1805,20171024,20171023,210747000,3677.0,78602,924024,2894358020.0,3678.0,13,3677.0,101
rb1805,20171024,20171023,210747500,3678.0,78606,924024,2894505120.0,3678.0,17,3677.0,100
rb1805,20171024,20171023,210748000,3677.0,78612,924024,2894725760.0,3678.0,24,3677.0,78
rb1805,20171024,20171023,210748500,3678.0,78668,923974,2896784900.0,3678.0,30,3677.0,51
rb1805,20171024,20171023,210749000,3677.0,78672,923976,2896932000.0,3678.0,38,3677.0,50
rb1805,20171024,20171023,210749500,3677.0,78686,923984,2897446880.0,3678.0,35,3677.0,88
rb1805,20171024,20171023,210750000,3677.0,78688,923982,2897520420.0,3678.0,53,3677.0,87
rb1805,20171024,20171023,210750500,3678.0,78726,924000,2898917780.0,3678.0,62,3677.0,74
rb1805,20171024,20171023,210751000,3678.0,78732,924002,2899138420.0,3678.0,68,3677.0,72
rb1805,20171024,20171023,210751500,3677.0,78752,924018,2899873980.0,3678.0,76,3677.0,75
rb1805,20171024,20171023,210752000,3678.0,78756,924022,2900021100.0,3678.0,77,3677.0,76
rb1805,20171024,20171023,210752500,3678.0,78758,924022,2900094660.0,3678.0,79,3677.0,76
rb1805,20171024,20171023,210753000,3678.0,78758,924022,2900094660.0,3678.0,79,3677.0,128
rb1805,20171024,20171023,210753500,3678.0,78820,924034,2902374720.0,3678.0,65,3677.0,123
rb1805,20171024,20171023,210754000,3677.0,78824,924036,2902521820.0,3678.0,67,3677.0,123
rb1805,20171024,20171023,210754500,3678.0,78886,924066,2904802120.0,3678.0,39,3677.0,120
rb1805,20171024,20171023,210755000,3678.0,78950,924042,2907156040.0,3678.0,9,3677.0,120
rb1805,20171024,20171023,210755500,3678.0,78978,924030,2908185880.0,3678.0,4,3677.0,120
rb1805,20171024,20171023,210756000,3678.0,78992,924036,2908700800.0,3678.0,2,3677.0,121
rb1805,20171024,20171023,210756500,3678.0,78998,924036,2908921480.0,3679.0,49,3678.0,497
rb1805,20171024,20171023,210757000,3678.0,79030,924062,2910098440.0,3679.0,45,3678.0,482
rb1805,20171024,20171023,210757500,3679.0,79152,924028,2914586520.0,3680.0,53,3679.0,136
rb1805,20171024,20171023,210758000,3679.0,79206,924008,2916573200.0,3680.0,56,3679.0,163
rb1805,20171024,20171023,210758500,3679.0,79248,923986,2918118380.0,3680.0,78,3679.0,93
rb1805,20171024,20171023,210759000,3679.0,79248,923986,2918118380.0,3680.0,76,3679.0,145
rb1805,20171024,20171023,210759500,3680.0,79264,923974,2918707080.0,3680.0,75,3679.0,140
rb1805,20171024,20171023,210800000,3679.0,79310,923972,2920399560.0,3680.0,114,3679.0,121
rb1805,20171024,20171023,210800500,3680.0,79622,924078,2931880780.0,3681.0,89,3680.0,375
rb1805,20171024,20171023,210801000,3680.0,79800,924240,2938431940.0,3681.0,52,3680.0,325
rb1805,20171024,20171023,210801500,3680.0,79808,924244,2938726340.0,3681.0,53,3680.0,321
rb1805,20171024,20171023,210802000,3681.0,79834,924250,2939683340.0,3681.0,93,3680.0,320
rb1805,20171024,20171023,210802500,3681.0,80008,924182,2946088100.0,3681.0,65,3680.0,316
rb1805,20171024,20171023,210803000,3683.0,80262,924124,2955438560.0,3683.0,14,3681.0,37
rb1805,20171024,20171023,210803500,3680.0,80498,924036,2964127760.0,3681.0,34,3680.0,315
rb1805,20171024,20171023,210804000,3681.0,80612,924016,2968324120.0,3682.0,15,3681.0,162
rb1805,20171024,20171023,210804500,3682.0,80644,924014,2969502360.0,3683.0,2,3681.0,213
rb1805,20171024,20171023,210805000,3683.0,80658,924004,2970017980.0,3684.0,28,3683.0,1
rb1805,20171024,20171023,210805500,3683.0,80706,923964,2971785760.0,3684.0,34,3683.0,21
rb1805,20171024,20171023,210806000,3684.0,80856,923926,2977311220.0,3685.0,156,3684.0,5
rb1805,20171024,20171023,210806500,3684.0,80930,923912,2980037440.0,3685.0,152,3684.0,73
rb1805,20171024,20171023,210807000,3685.0,81088,923952,2985859240.0,3685.0,92,3684.0,59
rb1805,20171024,20171023,210807500,3684.0,81190,923916,2989617900.0,3685.0,53,3684.0,81
rb1805,20171024,20171023,210808000,3685.0,81444,923694,2998975020.0,3685.0,39,3683.0,75
rb1805,20171024,20171023,210808500,3684.0,81500,923680,3001038520.0,3684.0,4,3683.0,129
rb1805,20171024,20171023,210809000,3683.0,81542,923674,3002585600.0,3685.0,24,3683.0,119
rb1805,20171024,20171023,210809500,3684.0,81630,923692,3005827980.0,3684.0,1,3683.0,97
rb1805,20171024,20171023,210810000,3685.0,81684,923702,3007817800.0,3686.0,25,3685.0,35
rb1805,20171024,20171023,210810500,3684.0,81822,923714,3012902660.0,3685.0,12,3684.0,10
rb1805,20171024,20171023,210811000,3683.0,81888,923680,3015334340.0,3684.0,5,3683.0,76
rb1805,20171024,20171023,210811500,3683.0,82048,923534,3021227160.0,3684.0,12,3683.0,3
rb1805,20171024,20171023,210812000,3683.0,82232,923590,3028004120.0,3684.0,3,3683.0,16
rb1805,20171024,20171023,210812500,3684.0,82298,923580,3030434980.0,3685.0,162,3684.0,1
rb1805,20171024,20171023,210813000,3684.0,82412,923552,3034634580.0,3684.0,8,3683.0,2
rb1805,20171024,20171023,210813500,3683.0,82416,923548,3034781900.0,3683.0,5,3682.0,3
rb1805,20171024,20171023,210814000,3683.0,82432,923542,3035371100.0,3684.0,64,3683.0,5
rb1805,20171024,20171023,210814500,3682.0,82464,923554,3036549580.0,3683.0,21,3682.0,2
rb1805,20171024,20171023,210815000,3682.0,82480,923552,3037138760.0,3683.0,114,3682.0,9
rb1805,20171024,20171023,210815500,3683.0,82482,923552,3037212420.0,3683.0,113,3682.0,84
rb1805,20171024,20171023,210816000,3683.0,82712,923434,3045683320.0,3684.0,71,3683.0,89
rb1805,20171024,20171023,210816500,3683.0,82816,923526,3049514660.0,3684.0,28,3683.0,88
rb1805,20171024,20171023,210817000,3683.0,82852,923506,3050840560.0,3684.0,28,3683.0,72
rb1805,20171024,20171023,210817500,3683.0,82858,923508,3051061560.0,3684.0,27,3683.0,70
rb1805,20171024,20171023,210818000,3684.0,82896,923540,3052461400.0,3684.0,24,3683.0,73
rb1805,20171024,20171023,210818500,3684.0,82962,923534,3054892780.0,3685.0,199,3684.0,2
rb1805,20171024,20171023,210819000,3683.0,83044,923552,3057913580.0,3684.0,9,3683.0,41
rb1805,20171024,20171023,210819500,3684.0,83048,923552,3058060920.0,3684.0,10,3683.0,40
rb1805,20171024,20171023,210820000,3683.0,83054,923552,3058281920.0,3684.0,10,3683.0,39
rb1805,20171024,20171023,210820500,3684.0,83060,923550,3058502920.0,3684.0,21,3683.0,24
rb1805,20171024,20171023,210821000,3683.0,83070,923548,3058871260.0,3684.0,25,3683.0,21
rb1805,20171024,20171023,210821500,3683.0,83076,923548,3059092260.0,3684.0,27,3683.0,39
rb1805,20171024,20171023,210822000,3684.0,83090,923562,3059608020.0,3684.0,21,3683.0,40
rb1805,20171024,20171023,210822500,3684.0,83142,923596,3061523700.0,3685.0,193,3684.0,474
rb1805,20171024,20171023,210823000,3684.0,83452,923696,3072945160.0,3685.0,147,3684.0,375
rb1805,20171024,20171023,210823500,3684.0,83640,923802,3079871080.0,3685.0,154,3684.0,282
rb1805,20171024,20171023,210824000,3685.0,83958,924076,3091586220.0,3685.0,153,3684.0,125
rb1805,20171024,20171023,210824500,3684.0,84216,924272,3101090940.0,3684.0,137,3683.0,39
rb1805,20171024,20171023,210825000,3683.0,84298,924310,3104111000.0,3683.0,31,3682.0,93
rb1805,20171024,20171023,210825500,3685.0,84378,924306,3107057600.0,3685.0,176,3684.0,38
rb1805,20171024,20171023,210826000,3684.0,84384,924312,3107278640.0,3685.0,177,3684.0,35
rb1805,20171024,20171023,210826500,3685.0,84400,924316,3107868100.0,3685.0,174,3684.0,28
rb1805,20171024,20171023,210827000,3684.0,84416,924322,3108457580.0,3685.0,174,3684.0,26
rb1805,20171024,20171023,210827500,3684.0,84470,924360,3110446960.0,3685.0,175,3684.0,2
rb1805,20171024,20171023,210828000,3684.0,84476,924364,3110668000.0,3685.0,175,3684.0,1
rb1805,20171024,20171023,210828500,3684.0,84484,924372,3110962720.0,3684.0,17,3683.0,59
rb1805,20171024,20171023,210829000,3684.0,84500,924374,3111552160.0,3684.0,26,3683.0,66
rb1805,20171024,20171023,210829500,3684.0,84584,924400,3114646720.0,3685.0,179,3684.0,2
rb1805,20171024,20171023,210830000,3684.0,84592,924396,3114941440.0,3684.0,497,3683.0,64
rb1805,20171024,20171023,210830500,3683.0,84596,924394,3115088780.0,3684.0,502,3683.0,90
rb1805,20171024,20171023,210831000,3683.0,84628,924384,3116267420.0,3684.0,499,3683.0,50
rb1805,20171024,20171023,210831500,3684.0,84634,924384,3116488460.0,3684.0,496,3683.0,42
rb1805,20171024,20171023,210832000,3684.0,84668,924384,3117741000.0,3684.0,481,3683.0,41
rb1805,20171024,20171023,210832500,3684.0,84668,924384,3117741000.0,3684.0,482,3683.0,41
rb1805,20171024,20171023,210833000,3684.0,84668,924384,3117741000.0,3684.0,483,3683.0,41
rb1805,20171024,20171023,210833500,3684.0,84674,924386,3117962000.0,3684.0,482,3683.0,39
rb1805,20171024,20171023,210834000,3684.0,84696,924372,3118772300.0,3684.0,484,3683.0,30
rb1805,20171024,20171023,210834500,3684.0,84702,924372,3118993340.0,3684.0,481,3683.0,33
rb1805,20171024,20171023,210835000,3683.0,84762,924332,3121203140.0,3683.0,1,3682.0,114
rb1805,20171024,20171023,210835500,3683.0,84764,924332,3121276800.0,3683.0,11,3682.0,114
rb1805,20171024,20171023,210836000,3683.0,84768,924334,3121424120.0,3683.0,11,3682.0,111
rb1805,20171024,20171023,210836500,3683.0,84792,924326,3122308020.0,3683.0,14,3682.0,112
rb1805,20171024,20171023,210837000,3683.0,84826,924346,3123560220.0,3684.0,486,3683.0,1
rb1805,20171024,20171023,210837500,3684.0,84842,924336,3124149640.0,3684.0,480,3683.0,2
rb1805,20171024,20171023,210838000,3683.0,84846,924340,3124296960.0,3684.0,481,3682.0,108
rb1805,20171024,20171023,210838500,3683.0,84854,924348,3124591600.0,3684.0,479,3683.0,2
rb1805,20171024,20171023,210839000,3683.0,84966,924256,3128715560.0,3683.0,1,3682.0,60
rb1805,20171024,20171023,210839500,3683.0,84966,924256,3128715560.0,3683.0,4,3682.0,59
rb1805,20171024,20171023,210840000,3682.0,84976,924256,3129083760.0,3683.0,21,3682.0,59
rb1805,20171024,20171023,210840500,3682.0,84978,924256,3129157400.0,3683.0,30,3682.0,58
rb1805,20171024,20171023,210841000,3683.0,84986,924252,3129451980.0,3683.0,30,3682.0,55
rb1805,20171024,20171023,210841500,3683.0,85046,924246,3131661780.0,3683.0,76,3682.0,54
rb1805,20171024,20171023,210842000,3683.0,85046,924246,3131661780.0,3683.0,117,3682.0,54
rb1805,20171024,20171023,210842500,3682.0,85068,924244,3132471820.0,3683.0,117,3682.0,44
rb1805,20171024,20171023,210843000,3683.0,85164,924296,3136006620.0,3683.0,116,3681.0,103
rb1805,20171024,20171023,210843500,3682.0,85170,924302,3136227580.0,3682.0,13,3681.0,104
rb1805,20171024,20171023,210844000,3682.0,85180,924304,3136595780.0,3682.0,9,3681.0,43
rb1805,20171024,20171023,210844500,3681.0,85184,924306,3136743040.0,3682.0,11,3681.0,47
rb1805,20171024,20171023,210845000,3681.0,85200,924316,3137332100.0,3682.0,6,3681.0,44
rb1805,20171024,20171023,210845500,3681.0,85200,924316,3137332100.0,3682.0,6,3681.0,46
rb1805,20171024,20171023,210846000,3681.0,85206,924322,3137552980.0,3682.0,5,3681.0,44
rb1805,20171024,20171023,210846500,3682.0,85208,924322,3137626620.0,3682.0,4,3681.0,53
rb1805,20171024,20171023,210847000,3682.0,85208,924322,3137626620.0,3682.0,2,3681.0,67
rb1805,20171024,20171023,210847500,3681.0,85214,924322,3137847520.0,3683.0,202,3682.0,22
rb1805,20171024,20171023,210848000,3682.0,85288,924292,3140572200.0,3683.0,132,3682.0,80
rb1805,20171024,20171023,210848500,3683.0,85296,924294,3140866780.0,3683.0,131,3682.0,80
rb1805,20171024,20171023,210849000,3682.0,85312,924288,3141455900.0,3683.0,133,3682.0,78
rb1805,20171024,20171023,210849500,3682.0,85346,924254,3142707780.0,3683.0,134,3682.0,61
rb1805,20171024,20171023,210850000,3682.0,85346,924254,3142707780.0,3683.0,136,3682.0,77
rb1805,20171024,20171023,210850500,3682.0,85348,924254,3142781420.0,3683.0,142,3682.0,79
rb1805,20171024,20171023,210851000,3683.0,85352,924258,3142928740.0,3683.0,140,3682.0,79
rb1805,20171024,20171023,210851500,3682.0,85356,924256,3143076020.0,3683.0,139,3682.0,85
rb1805,20171024,20171023,210852000,3682.0,85378,924234,3143886060.0,3683.0,145,3682.0,74
rb1805,20171024,20171023,210852500,3682.0,85390,924228,3144327900.0,3683.0,145,3682.0,74
rb1805,20171024,20171023,210853000,3682.0,85392,924228,3144401540.0,3683.0,157,3682.0,73
rb1805,20171024,20171023,210853500,3682.0,85402,924228,3144769740.0,3683.0,158,3682.0,68
rb1805,20171024,20171023,210854000,3682.0,85438,924228,3146095400.0,3683.0,152,3682.0,57
rb1805,20171024,20171023,210854500,3682.0,85442,924228,3146242680.0,3683.0,152,3682.0,58
rb1805,20171024,20171023,210855000,3682.0,85446,924228,3146389960.0,3683.0,152,3682.0,57
rb1805,20171024,20171023,210855500,3682.0,85498,924200,3148304600.0,3683.0,231,3682.0,31
rb1805,20171024,20171023,210856000,3682.0,85560,924196,3150587440.0,3682.0,2,3681.0,85
rb1805,20171024,20171023,210856500,3682.0,85564,924196,3150734720.0,3683.0,238,3681.0,85
rb1805,20171024,20171023,210857000,3681.0,85594,924196,3151839020.0,3682.0,3,3681.0,71
rb1805,20171024,20171023,210857500,3681.0,85594,924196,3151839020.0,3682.0,44,3681.0,71
rb1805,20171024,20171023,210858000,3681.0,85594,924196,3151839020.0,3682.0,53,3681.0,72
rb1805,20171024,20171023,210858500,3681.0,85594,924196,3151839020.0,3682.0,65,3681.0,72
rb1805,20171024,20171023,210859000,3681.0,85594,924196,3151839020.0,3682.0,66,3681.0,72
rb1805,20171024,20171023,210859500,3682.0,85596,924196,3151912660.0,3682.0,97,3681.0,72
rb1805,20171024,20171023,210900000,3681.0,85602,924202,3152133520.0,3682.0,97,3681.0,69
rb1805,20171024,20171023,210900500,3682.0,85608,924202,3152354400.0,3682.0,100,3681.0,53
rb1805,20171024,20171023,210901000,3681.0,85692,924258,3155446460.0,3682.0,90,3681.0,13
rb1805,20171024,20171023,210901500,3681.0,85720,924270,3156477140.0,3681.0,27,3680.0,48
rb1805,20171024,20171023,210902000,3681.0,85726,924268,3156698000.0,3681.0,23,3680.0,54
rb1805,20171024,20171023,210902500,3681.0,85730,924264,3156845240.0,3681.0,26,3680.0,54
rb1805,20171024,20171023,210903000,3682.0,85972,924424,3165755100.0,3683.0,221,3682.0,379
rb1805,20171024,20171023,210903500,3682.0,86158,924594,3172603620.0,3683.0,230,3682.0,290
rb1805,20171024,20171023,210904000,3682.0,86178,924602,3173340040.0,3683.0,242,3682.0,281
rb1805,20171024,20171023,210904500,3682.0,86302,924724,3177905820.0,3683.0,234,3682.0,239
rb1805,20171024,20171023,210905000,3682.0,86308,924730,3178126740.0,3683.0,234,3682.0,236
rb1805,20171024,20171023,210905500,3682.0,86314,924736,3178347660.0,3683.0,239,3682.0,233
rb1805,20171024,20171023,210906000,3682.0,86362,924782,3180115040.0,3683.0,240,3682.0,210
rb1805,20171024,20171023,210906500,3682.0,86366,924786,3180262320.0,3683.0,240,3682.0,208
rb1805,20171024,20171023,210907000,3682.0,86668,924790,3191381980.0,3683.0,223,3682.0,66
rb1805,20171024,20171023,210907500,3682.0,87274,925164,3213699520.0,3682.0,32,3681.0,7
rb1805,20171024,20171023,210908000,3682.0,87362,925164,3216939680.0,3684.0,550,3682.0,10
rb1805,20171024,20171023,210908500,3682.0,87376,925154,3217455160.0,3683.0,1,3682.0,8
rb1805,20171024,20171023,210909000,3683.0,87380,925156,3217602480.0,3683.0,20,3682.0,4
rb1805,20171024,20171023,210909500,3682.0,87464,925158,3220695360.0,3682.0,10,3681.0,107
rb1805,20171024,20171023,210910000,3681.0,87486,925178,3221505380.0,3683.0,26,3681.0,122
rb1805,20171024,20171023,210910500,3681.0,87486,925178,3221505380.0,3683.0,28,3681.0,134
rb1805,20171024,20171023,210911000,3683.0,87532,925218,3223198760.0,3683.0,26,3682.0,30
rb1805,20171024,20171023,210911500,3682.0,87534,925220,3223272400.0,3683.0,26,3682.0,29
rb1805,20171024,20171023,210912000,3682.0,87536,925222,3223346040.0,3683.0,29,3682.0,69
rb1805,20171024,20171023,210912500,3682.0,87552,925232,3223935240.0,3683.0,26,3682.0,112
rb1805,20171024,20171023,210913000,3683.0,87606,925218,3225924060.0,3683.0,11,3682.0,114
rb1805,20171024,20171023,210913500,3682.0,87612,925218,3226145020.0,3683.0,9,3682.0,113
rb1805,20171024,20171023,210914000,3682.0,87624,925228,3226586920.0,3683.0,7,3682.0,111
rb1805,20171024,20171023,210914500,3682.0,87730,925170,3230489860.0,3683.0,6,3682.0,59
rb1805,20171024,20171023,210915000,3683.0,87748,925188,3231152800.0,3684.0,588,3683.0,15
rb1805,20171024,20171023,210915500,3682.0,87782,925218,3232404980.0,3683.0,1,3682.0,57
rb1805,20171024,20171023,210916000,3682.0,87784,925218,3232478620.0,3683.0,2,3682.0,56
rb1805,20171024,20171023,210916500,3683.0,87800,925218,3233067780.0,3684.0,587,3683.0,4
rb1805,20171024,20171023,210917000,3683.0,87808,925226,3233362420.0,3684.0,587,3683.0,1
rb1805,20171024,20171023,210917500,3683.0,87812,925224,3233509740.0,3683.0,11,3682.0,52
rb1805,20171024,20171023,210918000,3682.0,87830,925236,3234172660.0,3683.0,10,3682.0,55
rb1805,20171024,20171023,210918500,3682.0,87838,925236,3234467220.0,3683.0,12,3682.0,55
rb1805,20171024,20171023,210919000,3683.0,87840,925236,3234540880.0,3683.0,23,3682.0,56
rb1805,20171024,20171023,210919500,3683.0,87840,925236,3234540880.0,3683.0,67,3682.0,58
rb1805,20171024,20171023,210920000,3682.0,87846,925230,3234761800.0,3683.0,77,3682.0,58
rb1805,20171024,20171023,210920500,3682.0,87850,925230,3234909080.0,3683.0,112,3682.0,51
rb1805,20171024,20171023,210921000,3682.0,87852,925230,3234982720.0,3683.0,112,3682.0,51
rb1805,20171024,20171023,210921500,3683.0,87874,925228,3235792800.0,3683.0,111,3682.0,43
rb1805,20171024,20171023,210922000,3682.0,87876,925228,3235866440.0,3683.0,112,3682.0,42
rb1805,20171024,20171023,210922500,3682.0,87906,925226,3236971060.0,3683.0,124,3682.0,29
rb1805,20171024,20171023,210923000,3682.0,87948,925250,3238517500.0,3683.0,126,3682.0,8
rb1805,20171024,20171023,210923500,3683.0,87962,925250,3239033080.0,3683.0,121,3682.0,6
rb1805,20171024,20171023,210924000,3683.0,87962,925250,3239033080.0,3683.0,122,3682.0,16
rb1805,20171024,20171023,210924500,3682.0,87966,925250,3239180360.0,3683.0,122,3682.0,16
rb1805,20171024,20171023,210925000,3682.0,87990,925236,3240064040.0,3683.0,108,3682.0,4
rb1805,20171024,20171023,210925500,3682.0,87994,925236,3240211320.0,3683.0,108,3682.0,10
rb1805,20171024,20171023,210926000,3682.0,88012,925220,3240874080.0,3683.0,109,3682.0,1
rb1805,20171024,20171023,210926500,3682.0,88012,925220,3240874080.0,3683.0,109,3682.0,1
