instrument,tradingday,calendarday,time,lastp,volume,openinterest,turnover,ask1,asksz1,bid1,bidsz1
rb1805,20170927,20170926,183209500,3469.0,0,474386,0.0,0.0,0,0.0,0
rb1805,20170927,20170926,205900500,3465.0,218,474408,7553700.0,3465.0,164,3464.0,15
rb1805,20170927,20170926,210000500,3465.0,628,474372,21759700.0,3466.0,10,3465.0,5
rb1805,20170927,20170926,210001000,3465.0,864,474410,29937740.0,3468.0,127,3465.0,1
rb1805,20170927,20170926,210001500,3466.0,966,474412,33472860.0,3468.0,127,3466.0,28
rb1805,20170927,20170926,210002000,3465.0,1040,474462,36037640.0,3466.0,6,3465.0,13
rb1805,20170927,20170926,210002500,3467.0,1060,474464,36730740.0,3467.0,4,3466.0,1
rb1805,20170927,20170926,210003000,3467.0,1076,474480,37285440.0,3468.0,124,3466.0,42
rb1805,20170927,20170926,210003500,3467.0,1088,474484,37701420.0,3467.0,2,3466.0,49
rb1805,20170927,20170926,210004000,3468.0,1532,474322,53103520.0,3470.0,2,3469.0,8
rb1805,20170927,20170926,210004500,3468.0,1618,474276,56087040.0,3469.0,15,3468.0,11
rb1805,20170927,20170926,210005000,3469.0,1780,474282,61712200.0,3475.0,37,3469.0,75
rb1805,20170927,20170926,210005500,3470.0,1838,474282,63725080.0,3472.0,12,3470.0,9
rb1805,20170927,20170926,210006000,3471.0,2072,474118,71847360.0,3472.0,2,3469.0,7
rb1805,20170927,20170926,210006500,3473.0,2146,474114,74416180.0,3473.0,26,3472.0,2
rb1805,20170927,20170926,210007000,3470.0,2290,474064,79414500.0,3472.0,5,3470.0,8
rb1805,20170927,20170926,210007500,3470.0,2334,474082,80941120.0,3470.0,5,3469.0,11
rb1805,20170927,20170926,210008000,3469.0,2422,474108,83994520.0,3469.0,12,3468.0,15
rb1805,20170927,20170926,210008500,3472.0,2468,474144,85590720.0,3473.0,33,3470.0,7
rb1805,20170927,20170926,210009000,3472.0,2488,474154,86284860.0,3472.0,23,3471.0,1
rb1805,20170927,20170926,210009500,3471.0,2502,474156,86770740.0,3471.0,2,3470.0,12
rb1805,20170927,20170926,210010000,3471.0,2516,474162,87256680.0,3472.0,26,3471.0,4
rb1805,20170927,20170926,210010500,3470.0,2602,474196,90242320.0,3473.0,35,3471.0,2
rb1805,20170927,20170926,210011000,3471.0,2620,474192,90867340.0,3473.0,30,3472.0,1
rb1805,20170927,20170926,210011500,3464.0,2966,474030,102863680.0,3464.0,133,3463.0,29
rb1805,20170927,20170926,210012000,3471.0,3310,474018,114781880.0,3471.0,2,3468.0,3
rb1805,20170927,20170926,210012500,3471.0,3358,474024,116448020.0,3471.0,4,3470.0,1
rb1805,20170927,20170926,210013000,3471.0,3418,474030,118530540.0,3471.0,133,3469.0,31
rb1805,20170927,20170926,210013500,3469.0,3442,474022,119363220.0,3471.0,190,3469.0,23
rb1805,20170927,20170926,210014000,3469.0,3470,474006,120334740.0,3469.0,1,3468.0,11
rb1805,20170927,20170926,210014500,3468.0,3500,474006,121375220.0,3469.0,4,3467.0,3
rb1805,20170927,20170926,210015000,3468.0,3566,473992,123664080.0,3468.0,51,3467.0,15
rb1805,20170927,20170926,210015500,3468.0,3698,473910,128242080.0,3469.0,5,3468.0,24
rb1805,20170927,20170926,210016000,3467.0,3726,473916,129213300.0,3469.0,1,3467.0,33
rb1805,20170927,20170926,210016500,3469.0,3736,473922,129560200.0,3470.0,18,3468.0,6
rb1805,20170927,20170926,210017000,3468.0,3744,473924,129837640.0,3470.0,28,3468.0,2
rb1805,20170927,20170926,210017500,3469.0,3748,473924,129976400.0,3470.0,29,3468.0,4
rb1805,20170927,20170926,210018000,3468.0,3750,473922,130045760.0,3470.0,29,3468.0,4
rb1805,20170927,20170926,210018500,3468.0,3762,473912,130461900.0,3468.0,12,3467.0,17
rb1805,20170927,20170926,210019000,3468.0,3796,473918,131641020.0,3469.0,1,3468.0,43
rb1805,20170927,20170926,210019500,3468.0,3806,473912,131987880.0,3470.0,32,3468.0,28
rb1805,20170927,20170926,210020000,3468.0,3816,473910,132334720.0,3470.0,32,3468.0,26
rb1805,20170927,20170926,210020500,3468.0,3822,473904,132542800.0,3470.0,32,3468.0,24
rb1805,20170927,20170926,210021000,3468.0,3832,473902,132889640.0,3469.0,2,3468.0,21
rb1805,20170927,20170926,210021500,3468.0,3842,473904,133236480.0,3470.0,36,3468.0,18
rb1805,20170927,20170926,210022000,3468.0,3842,473904,133236480.0,3469.0,16,3468.0,19
rb1805,20170927,20170926,210022500,3468.0,3880,473890,134554320.0,3468.0,11,3467.0,25
rb1805,20170927,20170926,210023000,3468.0,3882,473890,134623680.0,3468.0,12,3467.0,29
rb1805,20170927,20170926,210023500,3468.0,3884,473890,134693040.0,3468.0,12,3467.0,29
rb1805,20170927,20170926,210024000,3467.0,3944,473876,136773240.0,3468.0,14,3466.0,5
rb1805,20170927,20170926,210024500,3467.0,3944,473876,136773240.0,3468.0,25,3466.0,44
rb1805,20170927,20170926,210025000,3468.0,3946,473876,136842600.0,3468.0,27,3466.0,46
rb1805,20170927,20170926,210025500,3466.0,3950,473878,136981240.0,3468.0,28,3466.0,44
rb1805,20170927,20170926,210026000,3468.0,4018,473918,139339480.0,3469.0,30,3468.0,17
rb1805,20170927,20170926,210026500,3468.0,4020,473920,139408840.0,3468.0,1,3467.0,18
rb1805,20170927,20170926,210027000,3468.0,4022,473920,139478200.0,3469.0,29,3468.0,23
rb1805,20170927,20170926,210027500,3467.0,4034,473920,139894440.0,3468.0,3,3467.0,53
rb1805,20170927,20170926,210028000,3468.0,4042,473926,140171880.0,3469.0,13,3468.0,22
rb1805,20170927,20170926,210028500,3468.0,4042,473926,140171880.0,3468.0,1,3467.0,53
rb1805,20170927,20170926,210029000,3469.0,4092,473918,141906200.0,3470.0,69,3469.0,34
rb1805,20170927,20170926,210029500,3469.0,4160,473918,144265120.0,3468.0,1,3467.0,60
rb1805,20170927,20170926,210030000,3468.0,4162,473918,144334480.0,3469.0,73,3468.0,22
rb1805,20170927,20170926,210030500,3468.0,4206,473924,145860380.0,3469.0,72,3467.0,53
rb1805,20170927,20170926,210031000,3468.0,4206,473924,145860380.0,3469.0,74,3468.0,2
rb1805,20170927,20170926,210031500,3468.0,4206,473924,145860380.0,3469.0,85,3468.0,12
rb1805,20170927,20170926,210032000,3468.0,4206,473924,145860380.0,3469.0,85,3468.0,14
rb1805,20170927,20170926,210032500,3468.0,4208,473926,145929740.0,3469.0,40,3468.0,94
rb1805,20170927,20170926,210033000,3469.0,4256,473964,147594860.0,3470.0,72,3469.0,13
rb1805,20170927,20170926,210033500,3469.0,4262,473966,147803040.0,3470.0,73,3469.0,1
rb1805,20170927,20170926,210034000,3469.0,4302,473978,149191000.0,3470.0,55,3469.0,3
rb1805,20170927,20170926,210034500,3470.0,4304,473980,149260400.0,3470.0,64,3469.0,6
rb1805,20170927,20170926,210035000,3468.0,4418,474076,153214040.0,3469.0,15,3468.0,103
rb1805,20170927,20170926,210035500,3469.0,4642,474038,160982540.0,3470.0,65,3469.0,8
rb1805,20170927,20170926,210036000,3469.0,4734,474048,164174240.0,3469.0,21,3468.0,5
rb1805,20170927,20170926,210036500,3469.0,4804,473978,166602400.0,3470.0,50,3469.0,35
rb1805,20170927,20170926,210037000,3469.0,4868,473966,168822560.0,3470.0,49,3469.0,8
rb1805,20170927,20170926,210037500,3470.0,5070,473916,175831340.0,3471.0,153,3470.0,108
rb1805,20170927,20170926,210038000,3470.0,5252,473912,182146740.0,3471.0,153,3470.0,18
rb1805,20170927,20170926,210038500,3470.0,5310,473864,184159260.0,3470.0,35,3469.0,17
rb1805,20170927,20170926,210039000,3467.0,5346,473862,185408060.0,3469.0,8,3467.0,43
rb1805,20170927,20170926,210039500,3468.0,5362,473856,185963000.0,3469.0,5,3468.0,5
rb1805,20170927,20170926,210040000,3468.0,5366,473852,186101720.0,3469.0,6,3468.0,3
rb1805,20170927,20170926,210040500,3467.0,5376,473846,186448480.0,3469.0,6,3467.0,50
rb1805,20170927,20170926,210041000,3469.0,5382,473846,186656540.0,3468.0,1,3467.0,88
rb1805,20170927,20170926,210041500,3468.0,5388,473844,186864600.0,3469.0,5,3468.0,33
rb1805,20170927,20170926,210042000,3469.0,5410,473836,187627720.0,3469.0,4,3468.0,56
rb1805,20170927,20170926,210042500,3469.0,5422,473836,188043980.0,3470.0,50,3469.0,5
rb1805,20170927,20170926,210043000,3469.0,5434,473826,188460260.0,3469.0,22,3468.0,41
rb1805,20170927,20170926,210043500,3469.0,5530,473764,191789660.0,3469.0,16,3468.0,4
rb1805,20170927,20170926,210044000,3468.0,5578,473718,193454300.0,3469.0,19,3467.0,50
rb1805,20170927,20170926,210044500,3468.0,5580,473718,193523660.0,3468.0,53,3467.0,86
rb1805,20170927,20170926,210045000,3468.0,5616,473720,194772120.0,3468.0,36,3467.0,97
rb1805,20170927,20170926,210045500,3468.0,5706,473740,197893280.0,3468.0,3,3467.0,105
rb1805,20170927,20170926,210046000,3468.0,5744,473724,199211220.0,3469.0,12,3468.0,3
rb1805,20170927,20170926,210046500,3468.0,5766,473710,199974180.0,3469.0,6,3468.0,49
rb1805,20170927,20170926,210047000,3469.0,5794,473724,200945420.0,3470.0,61,3468.0,44
rb1805,20170927,20170926,210047500,3467.0,6004,473694,208227280.0,3468.0,131,3467.0,20
rb1805,20170927,20170926,210048000,3467.0,6070,473712,210515940.0,3468.0,109,3467.0,45
rb1805,20170927,20170926,210048500,3468.0,6076,473710,210724020.0,3468.0,106,3467.0,45
rb1805,20170927,20170926,210049000,3468.0,6262,473702,217174500.0,3468.0,13,3467.0,30
rb1805,20170927,20170926,210049500,3468.0,6292,473704,218214900.0,3469.0,5,3468.0,14
rb1805,20170927,20170926,210050000,3468.0,6292,473704,218214900.0,3469.0,11,3468.0,19
rb1805,20170927,20170926,210050500,3469.0,6336,473712,219740880.0,3469.0,8,3468.0,10
rb1805,20170927,20170926,210051000,3469.0,6336,473712,219740880.0,3469.0,8,3468.0,10
rb1805,20170927,20170926,210051500,3468.0,6340,473708,219879600.0,3469.0,8,3468.0,28
rb1805,20170927,20170926,210052000,3468.0,6368,473704,220850660.0,3469.0,3,3468.0,21
rb1805,20170927,20170926,210052500,3468.0,6412,473698,222376580.0,3468.0,39,3467.0,20
rb1805,20170927,20170926,210053000,3468.0,6422,473702,222723320.0,3468.0,36,3467.0,18
rb1805,20170927,20170926,210053500,3468.0,6422,473702,222723320.0,3468.0,37,3467.0,18
rb1805,20170927,20170926,210054000,3467.0,6432,473704,223070020.0,3468.0,47,3467.0,16
rb1805,20170927,20170926,210054500,3467.0,6434,473704,223139360.0,3468.0,27,3467.0,21
rb1805,20170927,20170926,210055000,3468.0,6452,473708,223763600.0,3468.0,18,3467.0,28
rb1805,20170927,20170926,210055500,3468.0,6452,473708,223763600.0,3468.0,18,3467.0,28
rb1805,20170927,20170926,210056000,3467.0,6456,473706,223902280.0,3468.0,19,3467.0,26
rb1805,20170927,20170926,210056500,3468.0,6494,473698,225220120.0,3469.0,17,3468.0,39
rb1805,20170927,20170926,210057000,3468.0,6494,473698,225220120.0,3469.0,17,3468.0,34
rb1805,20170927,20170926,210057500,3468.0,6494,473698,225220120.0,3469.0,17,3468.0,35
rb1805,20170927,20170926,210058000,3468.0,6494,473698,225220120.0,3469.0,20,3468.0,30
rb1805,20170927,20170926,210058500,3468.0,6498,473694,225358840.0,3469.0,20,3468.0,28
rb1805,20170927,20170926,210059000,3468.0,6504,473694,225566920.0,3469.0,20,3468.0,45
rb1805,20170927,20170926,210059500,3469.0,6546,473686,227023880.0,3470.0,75,3469.0,4
rb1805,20170927,20170926,210100000,3469.0,6548,473686,227093260.0,3470.0,75,3469.0,3
rb1805,20170927,20170926,210100500,3468.0,6578,473662,228133840.0,3470.0,72,3469.0,1
rb1805,20170927,20170926,210101000,3469.0,6604,473642,229035540.0,3470.0,72,3469.0,4
rb1805,20170927,20170926,210101500,3470.0,6738,473652,233685340.0,3470.0,5,3469.0,66
rb1805,20170927,20170926,210102000,3469.0,6758,473662,234379140.0,3469.0,3,3468.0,32
rb1805,20170927,20170926,210102500,3469.0,6770,473668,234795420.0,3470.0,16,3469.0,19
rb1805,20170927,20170926,210103000,3469.0,6770,473668,234795420.0,3470.0,11,3469.0,7
rb1805,20170927,20170926,210103500,3470.0,6792,473652,235558820.0,3471.0,26,3470.0,13
rb1805,20170927,20170926,210104000,3470.0,6800,473654,235836400.0,3470.0,5,3469.0,14
rb1805,20170927,20170926,210104500,3470.0,6812,473666,236252800.0,3471.0,34,3470.0,9
rb1805,20170927,20170926,210105000,3470.0,6818,473660,236461000.0,3471.0,34,3470.0,17
rb1805,20170927,20170926,210105500,3471.0,6888,473622,238890700.0,3472.0,33,3471.0,2
rb1805,20170927,20170926,210106000,3471.0,6896,473614,239168360.0,3471.0,7,3470.0,67
rb1805,20170927,20170926,210106500,3472.0,6972,473616,241806940.0,3472.0,1,3471.0,44
rb1805,20170927,20170926,210107000,3473.0,7086,473640,245766120.0,3473.0,26,3472.0,11
rb1805,20170927,20170926,210107500,3474.0,7164,473618,248475060.0,3474.0,133,3473.0,52
rb1805,20170927,20170926,210108000,3473.0,7418,473580,257298560.0,3474.0,29,3473.0,11
rb1805,20170927,20170926,210108500,3475.0,7550,473608,261884840.0,3475.0,144,3474.0,3
rb1805,20170927,20170926,210109000,3477.0,8016,473508,278080600.0,3477.0,35,3475.0,25
rb1805,20170927,20170926,210109500,3479.0,8274,473364,287051640.0,3479.0,149,3478.0,4
rb1805,20170927,20170926,210110000,3478.0,8432,473390,292546780.0,3478.0,13,3477.0,16
rb1805,20170927,20170926,210110500,3479.0,8532,473402,296024300.0,3479.0,171,3478.0,1
rb1805,20170927,20170926,210111000,3478.0,8574,473404,297485060.0,3478.0,104,3477.0,1
rb1805,20170927,20170926,210111500,3476.0,8590,473404,298041300.0,3478.0,108,3476.0,6
rb1805,20170927,20170926,210112000,3475.0,8596,473404,298249800.0,3476.0,7,3475.0,43
rb1805,20170927,20170926,210112500,3475.0,8614,473412,298875380.0,3475.0,4,3474.0,57
rb1805,20170927,20170926,210113000,3474.0,8632,473410,299500760.0,3475.0,2,3474.0,59
rb1805,20170927,20170926,210113500,3474.0,8860,473422,307426000.0,3476.0,4,3474.0,48
rb1805,20170927,20170926,210114000,3475.0,8896,473392,308676680.0,3475.0,6,3474.0,25
rb1805,20170927,20170926,210114500,3474.0,8928,473388,309788460.0,3474.0,22,3473.0,50
rb1805,20170927,20170926,210115000,3476.0,8982,473376,311664520.0,3474.0,2,3473.0,65
rb1805,20170927,20170926,210115500,3475.0,8992,473382,312011980.0,3475.0,23,3473.0,66
rb1805,20170927,20170926,210116000,3473.0,8998,473386,312220380.0,3474.0,4,3473.0,64
rb1805,20170927,20170926,210116500,3474.0,9014,473394,312776260.0,3475.0,16,3474.0,50
rb1805,20170927,20170926,210117000,3475.0,9090,473384,315417640.0,3476.0,25,3475.0,85
rb1805,20170927,20170926,210117500,3475.0,9138,473380,317085780.0,3475.0,3,3474.0,123
rb1805,20170927,20170926,210118000,3475.0,9146,473382,317363760.0,3475.0,13,3474.0,76
rb1805,20170927,20170926,210118500,3475.0,9288,473426,322297060.0,3475.0,11,3473.0,58
rb1805,20170927,20170926,210119000,3474.0,9330,473392,323756280.0,3475.0,61,3474.0,137
rb1805,20170927,20170926,210119500,3475.0,9342,473386,324173180.0,3475.0,65,3474.0,133
rb1805,20170927,20170926,210120000,3475.0,9446,473360,327786160.0,3475.0,65,3474.0,83
rb1805,20170927,20170926,210120500,3475.0,9480,473344,328967380.0,3475.0,75,3474.0,73
rb1805,20170927,20170926,210121000,3474.0,9570,473342,332093980.0,3475.0,82,3474.0,28
rb1805,20170927,20170926,210121500,3474.0,9630,473350,334178380.0,3474.0,14,3473.0,26
rb1805,20170927,20170926,210122000,3474.0,9650,473364,334873180.0,3474.0,2,3473.0,30
rb1805,20170927,20170926,210122500,3474.0,9658,473360,335151100.0,3475.0,92,3474.0,11
rb1805,20170927,20170926,210123000,3474.0,9662,473358,335290060.0,3475.0,93,3474.0,11
rb1805,20170927,20170926,210123500,3474.0,9668,473356,335498500.0,3475.0,94,3474.0,10
rb1805,20170927,20170926,210124000,3474.0,9692,473340,336332320.0,3475.0,92,3474.0,490
rb1805,20170927,20170926,210124500,3474.0,9798,473320,340015720.0,3475.0,47,3474.0,485
rb1805,20170927,20170926,210125000,3474.0,9842,473318,341544700.0,3475.0,30,3474.0,484
rb1805,20170927,20170926,210125500,3475.0,9860,473322,342170180.0,3475.0,22,3474.0,484
rb1805,20170927,20170926,210126000,3475.0,9896,473328,343420940.0,3475.0,16,3474.0,473
rb1805,20170927,20170926,210126500,3474.0,9916,473322,344115740.0,3475.0,17,3474.0,465
rb1805,20170927,20170926,210127000,3475.0,9974,473282,346131540.0,3476.0,72,3475.0,51
rb1805,20170927,20170926,210127500,3475.0,9984,473278,346479060.0,3476.0,70,3475.0,24
rb1805,20170927,20170926,210128000,3476.0,9994,473274,346826600.0,3476.0,70,3475.0,26
rb1805,20170927,20170926,210128500,3475.0,10002,473270,347104600.0,3476.0,67,3475.0,29
rb1805,20170927,20170926,210129000,3475.0,10150,473170,352248940.0,3477.0,117,3475.0,24
rb1805,20170927,20170926,210129500,3475.0,10226,473136,354891000.0,3477.0,101,3475.0,19
rb1805,20170927,20170926,210130000,3476.0,10284,473130,356906560.0,3475.0,18,3474.0,476
rb1805,20170927,20170926,210130500,3475.0,10300,473146,357462560.0,3475.0,11,3474.0,469
rb1805,20170927,20170926,210131000,3474.0,10304,473146,357601540.0,3475.0,14,3474.0,468
rb1805,20170927,20170926,210131500,3475.0,10310,473152,357810040.0,3475.0,12,3474.0,468
rb1805,20170927,20170926,210132000,3475.0,10322,473160,358227040.0,3475.0,8,3474.0,470
rb1805,20170927,20170926,210132500,3475.0,10326,473164,358366040.0,3475.0,26,3474.0,470
rb1805,20170927,20170926,210133000,3474.0,10332,473162,358574520.0,3475.0,25,3474.0,469
rb1805,20170927,20170926,210133500,3475.0,10352,473168,359269440.0,3475.0,29,3474.0,465
rb1805,20170927,20170926,210134000,3475.0,10354,473168,359338940.0,3475.0,32,3474.0,468
rb1805,20170927,20170926,210134500,3474.0,10370,473166,359894880.0,3475.0,30,3474.0,465
rb1805,20170927,20170926,210135000,3475.0,10376,473166,360103380.0,3475.0,38,3474.0,465
rb1805,20170927,20170926,210135500,3475.0,10384,473168,360381380.0,3475.0,21,3474.0,469
rb1805,20170927,20170926,210136000,3474.0,10398,473178,360867860.0,3475.0,17,3474.0,468
rb1805,20170927,20170926,210136500,3475.0,10418,473192,361562860.0,3475.0,9,3474.0,467
rb1805,20170927,20170926,210137000,3475.0,10418,473192,361562860.0,3475.0,22,3474.0,467
rb1805,20170927,20170926,210137500,3474.0,10420,473190,361632340.0,3475.0,27,3474.0,466
rb1805,20170927,20170926,210138000,3474.0,10420,473190,361632340.0,3475.0,44,3474.0,466
rb1805,20170927,20170926,210138500,3474.0,10434,473188,362118700.0,3475.0,45,3474.0,459
rb1805,20170927,20170926,210139000,3475.0,10456,473170,362883000.0,3475.0,64,3474.0,449
rb1805,20170927,20170926,210139500,3475.0,10486,473178,363925500.0,3475.0,40,3474.0,462
rb1805,20170927,20170926,210140000,3474.0,10610,473250,368234120.0,3475.0,4,3474.0,443
rb1805,20170927,20170926,210140500,3475.0,10620,473248,368581620.0,3476.0,255,3475.0,1
rb1805,20170927,20170926,210141000,3475.0,10622,473250,368651120.0,3475.0,7,3474.0,443
rb1805,20170927,20170926,210141500,3474.0,10642,473230,369345940.0,3475.0,6,3474.0,431
rb1805,20170927,20170926,210142000,3475.0,10684,473224,370805560.0,3476.0,224,3475.0,19
rb1805,20170927,20170926,210142500,3475.0,10712,473216,371778580.0,3476.0,224,3475.0,7
rb1805,20170927,20170926,210143000,3475.0,10726,473210,372265080.0,3475.0,12,3474.0,431
rb1805,20170927,20170926,210143500,3475.0,10750,473186,373099080.0,3476.0,226,3475.0,44
rb1805,20170927,20170926,210144000,3476.0,10758,473184,373377120.0,3476.0,224,3475.0,42
rb1805,20170927,20170926,210144500,3476.0,10772,473184,373863640.0,3476.0,229,3475.0,41
rb1805,20170927,20170926,210145000,3475.0,10774,473182,373933140.0,3476.0,229,3475.0,142
rb1805,20170927,20170926,210145500,3475.0,10806,473182,375045140.0,3476.0,229,3475.0,126
rb1805,20170927,20170926,210146000,3476.0,10810,473182,375184160.0,3476.0,228,3475.0,126
rb1805,20170927,20170926,210146500,3475.0,10822,473182,375601200.0,3476.0,227,3475.0,122
rb1805,20170927,20170926,210147000,3476.0,10828,473184,375809720.0,3476.0,225,3475.0,123
rb1805,20170927,20170926,210147500,3475.0,10834,473184,376018220.0,3476.0,225,3475.0,120
rb1805,20170927,20170926,210148000,3475.0,10894,473198,378103280.0,3476.0,215,3475.0,102
rb1805,20170927,20170926,210148500,3475.0,10956,473200,380257780.0,3476.0,216,3475.0,73
rb1805,20170927,20170926,210149000,3475.0,10956,473200,380257780.0,3476.0,217,3475.0,74
rb1805,20170927,20170926,210149500,3476.0,10980,473196,381092020.0,3476.0,207,3475.0,74
rb1805,20170927,20170926,210150000,3476.0,10988,473194,381370080.0,3476.0,204,3475.0,73
rb1805,20170927,20170926,210150500,3475.0,11012,473200,382204100.0,3476.0,189,3475.0,62
rb1805,20170927,20170926,210151000,3476.0,11092,473176,384984800.0,3476.0,158,3475.0,58
rb1805,20170927,20170926,210151500,3476.0,11092,473176,384984800.0,3476.0,158,3475.0,59
rb1805,20170927,20170926,210152000,3475.0,11098,473182,385193300.0,3476.0,159,3475.0,66
rb1805,20170927,20170926,210152500,3476.0,11112,473182,385679940.0,3476.0,153,3475.0,62
rb1805,20170927,20170926,210153000,3475.0,11124,473192,386096940.0,3476.0,154,3475.0,67
rb1805,20170927,20170926,210153500,3475.0,11126,473194,386166440.0,3476.0,154,3475.0,67
rb1805,20170927,20170926,210154000,3475.0,11154,473196,387139440.0,3476.0,154,3475.0,59
rb1805,20170927,20170926,210154500,3476.0,11158,473196,387278480.0,3476.0,152,3475.0,58
rb1805,20170927,20170926,210155000,3475.0,11212,473212,389155480.0,3476.0,127,3475.0,56
rb1805,20170927,20170926,210155500,3475.0,11232,473228,389850480.0,3476.0,131,3475.0,46
rb1805,20170927,20170926,210156000,3475.0,11232,473228,389850480.0,3476.0,141,3475.0,46
rb1805,20170927,20170926,210156500,3475.0,11256,473248,390684520.0,3476.0,140,3475.0,37
rb1805,20170927,20170926,210157000,3475.0,11260,473250,390823520.0,3476.0,140,3475.0,35
rb1805,20170927,20170926,210157500,3475.0,11334,473226,393395020.0,3475.0,4,3474.0,434
rb1805,20170927,20170926,210158000,3475.0,11344,473218,393742520.0,3476.0,140,3475.0,2
rb1805,20170927,20170926,210158500,3475.0,11362,473212,394368100.0,3476.0,140,3475.0,11
rb1805,20170927,20170926,210159000,3475.0,11372,473204,394715600.0,3475.0,8,3474.0,442
rb1805,20170927,20170926,210159500,3475.0,11400,473208,395688640.0,3476.0,140,3475.0,19
rb1805,20170927,20170926,210200000,3475.0,11460,473248,397773640.0,3476.0,140,3475.0,3
rb1805,20170927,20170926,210200500,3475.0,11510,473224,399511120.0,3476.0,200,3475.0,11
rb1805,20170927,20170926,210201000,3476.0,11516,473220,399719660.0,3476.0,203,3475.0,10
rb1805,20170927,20170926,210201500,3475.0,11536,473222,400414660.0,3475.0,59,3474.0,430
rb1805,20170927,20170926,210202000,3474.0,11538,473220,400484140.0,3475.0,49,3474.0,429
rb1805,20170927,20170926,210202500,3476.0,11688,473292,405697160.0,3476.0,178,3475.0,5
rb1805,20170927,20170926,210203000,3474.0,11714,473274,406600560.0,3475.0,24,3474.0,426
rb1805,20170927,20170926,210203500,3474.0,11718,473272,406739520.0,3475.0,21,3474.0,424
rb1805,20170927,20170926,210204000,3474.0,11718,473272,406739520.0,3475.0,22,3474.0,424
rb1805,20170927,20170926,210204500,3475.0,11720,473274,406809020.0,3475.0,21,3474.0,422
rb1805,20170927,20170926,210205000,3475.0,11724,473274,406948020.0,3475.0,30,3474.0,422
rb1805,20170927,20170926,210205500,3474.0,11726,473274,407017500.0,3475.0,41,3474.0,411
rb1805,20170927,20170926,210206000,3475.0,11810,473316,409936500.0,3475.0,4,3474.0,411
rb1805,20170927,20170926,210206500,3475.0,11852,473326,411396000.0,3476.0,203,3475.0,9
rb1805,20170927,20170926,210207000,3475.0,11870,473318,412021500.0,3475.0,4,3474.0,411
rb1805,20170927,20170926,210207500,3475.0,11878,473312,412299500.0,3475.0,14,3474.0,421
rb1805,20170927,20170926,210208000,3474.0,11912,473278,413480940.0,3475.0,3,3474.0,418
rb1805,20170927,20170926,210208500,3474.0,11920,473272,413758920.0,3475.0,17,3474.0,417
rb1805,20170927,20170926,210209000,3474.0,11956,473270,415009900.0,3475.0,18,3474.0,439
rb1805,20170927,20170926,210209500,3474.0,11998,473244,416469340.0,3475.0,8,3474.0,403
rb1805,20170927,20170926,210210000,3474.0,11998,473244,416469340.0,3475.0,8,3474.0,405
rb1805,20170927,20170926,210210500,3474.0,12010,473242,416886220.0,3475.0,26,3474.0,399
rb1805,20170927,20170926,210211000,3475.0,12014,473242,417025220.0,3475.0,25,3474.0,399
rb1805,20170927,20170926,210211500,3474.0,12018,473240,417164180.0,3475.0,62,3474.0,397
rb1805,20170927,20170926,210212000,3474.0,12056,473238,418484320.0,3475.0,63,3474.0,379
rb1805,20170927,20170926,210212500,3474.0,12190,473236,423139480.0,3475.0,63,3474.0,312
rb1805,20170927,20170926,210213000,3474.0,12206,473228,423695340.0,3475.0,67,3474.0,310
rb1805,20170927,20170926,210213500,3474.0,12222,473220,424251180.0,3475.0,111,3474.0,302
rb1805,20170927,20170926,210214000,3474.0,12232,473218,424598620.0,3475.0,119,3474.0,299
rb1805,20170927,20170926,210214500,3474.0,12282,473178,426335620.0,3475.0,128,3474.0,273
rb1805,20170927,20170926,210215000,3474.0,12302,473178,427030420.0,3475.0,136,3474.0,263
rb1805,20170927,20170926,210215500,3474.0,12418,473172,431060260.0,3475.0,127,3474.0,205
rb1805,20170927,20170926,210216000,3474.0,12564,473144,436132340.0,3475.0,134,3474.0,135
rb1805,20170927,20170926,210216500,3473.0,12856,473178,446276220.0,3474.0,72,3473.0,43
rb1805,20170927,20170926,210217000,3473.0,12946,473200,449401920.0,3473.0,2,3472.0,76
rb1805,20170927,20170926,210217500,3472.0,12964,473198,450027020.0,3474.0,61,3472.0,74
rb1805,20170927,20170926,210218000,3472.0,12964,473198,450027020.0,3474.0,81,3473.0,2
rb1805,20170927,20170926,210218500,3473.0,12976,473198,450443780.0,3473.0,76,3472.0,35
rb1805,20170927,20170926,210219000,3472.0,12996,473216,451138180.0,3473.0,75,3472.0,27
rb1805,20170927,20170926,210219500,3472.0,12996,473216,451138180.0,3473.0,75,3472.0,58
rb1805,20170927,20170926,210220000,3473.0,12998,473218,451207640.0,3473.0,76,3472.0,59
rb1805,20170927,20170926,210220500,3472.0,13002,473220,451346520.0,3473.0,78,3472.0,57
rb1805,20170927,20170926,210221000,3472.0,13004,473220,451415960.0,3473.0,79,3472.0,48
rb1805,20170927,20170926,210221500,3472.0,13014,473218,451763160.0,3473.0,81,3472.0,45
rb1805,20170927,20170926,210222000,3472.0,13026,473230,452179820.0,3473.0,84,3472.0,41
rb1805,20170927,20170926,210222500,3472.0,13028,473230,452249260.0,3473.0,86,3472.0,40
rb1805,20170927,20170926,210223000,3473.0,13032,473234,452388180.0,3473.0,81,3472.0,42
rb1805,20170927,20170926,210223500,3472.0,13040,473238,452665960.0,3473.0,79,3472.0,40
rb1805,20170927,20170926,210224000,3472.0,13052,473232,453082600.0,3473.0,79,3472.0,33
rb1805,20170927,20170926,210224500,3472.0,13126,473168,455651900.0,3472.0,16,3471.0,81
rb1805,20170927,20170926,210225000,3471.0,13160,473138,456832360.0,3473.0,86,3471.0,80
rb1805,20170927,20170926,210225500,3471.0,13178,473130,457457180.0,3472.0,6,3471.0,75
rb1805,20170927,20170926,210226000,3471.0,13188,473132,457804280.0,3472.0,7,3471.0,91
rb1805,20170927,20170926,210226500,3472.0,13190,473130,457873720.0,3472.0,8,3471.0,91
rb1805,20170927,20170926,210227000,3471.0,13192,473130,457943140.0,3472.0,8,3471.0,90
rb1805,20170927,20170926,210227500,3472.0,13204,473128,458359680.0,3472.0,10,3471.0,85
rb1805,20170927,20170926,210228000,3472.0,13244,473108,459748360.0,3472.0,6,3471.0,69
rb1805,20170927,20170926,210228500,3472.0,13254,473104,460095540.0,3473.0,100,3472.0,3
rb1805,20170927,20170926,210229000,3471.0,13394,473022,464955000.0,3472.0,70,3471.0,1
rb1805,20170927,20170926,210229500,3471.0,13398,473018,465093840.0,3471.0,26,3470.0,40
rb1805,20170927,20170926,210230000,3471.0,13424,473008,465996060.0,3471.0,78,3470.0,18
rb1805,20170927,20170926,210230500,3471.0,13512,473060,469050500.0,3471.0,38,3470.0,16
rb1805,20170927,20170926,210231000,3470.0,13546,473038,470230300.0,3470.0,3,3469.0,32
rb1805,20170927,20170926,210231500,3470.0,13574,473050,471201920.0,3471.0,38,3470.0,31
rb1805,20170927,20170926,210232000,3470.0,13574,473050,471201920.0,3471.0,14,3470.0,8
rb1805,20170927,20170926,210232500,3471.0,13604,473040,472242940.0,3471.0,7,3470.0,20
rb1805,20170927,20170926,210233000,3471.0,13630,473040,473145200.0,3471.0,9,3470.0,16
rb1805,20170927,20170926,210233500,3471.0,13634,473038,473284020.0,3471.0,44,3470.0,25
rb1805,20170927,20170926,210234000,3470.0,13688,472990,475157820.0,3470.0,13,3469.0,39
rb1805,20170927,20170926,210234500,3470.0,13714,472982,476060020.0,3471.0,42,3470.0,4
rb1805,20170927,20170926,210235000,3470.0,13722,472978,476337620.0,3470.0,4,3469.0,44
rb1805,20170927,20170926,210235500,3470.0,13732,472978,476684620.0,3471.0,42,3470.0,11
rb1805,20170927,20170926,210236000,3470.0,13746,472964,477170420.0,3470.0,5,3469.0,44
rb1805,20170927,20170926,210236500,3470.0,13748,472966,477239820.0,3471.0,40,3470.0,2
rb1805,20170927,20170926,210237000,3470.0,13754,472966,477448020.0,3470.0,1,3469.0,44
rb1805,20170927,20170926,210237500,3470.0,13754,472966,477448020.0,3470.0,2,3469.0,44
rb1805,20170927,20170926,210238000,3470.0,13766,472970,477864420.0,3470.0,6,3469.0,53
rb1805,20170927,20170926,210238500,3469.0,13770,472974,478003200.0,3470.0,5,3469.0,53
rb1805,20170927,20170926,210239000,3470.0,13774,472972,478141980.0,3470.0,6,3469.0,40
rb1805,20170927,20170926,210239500,3470.0,13778,472976,478280780.0,3470.0,33,3469.0,36
rb1805,20170927,20170926,210240000,3469.0,13786,472976,478558320.0,3470.0,40,3469.0,34
rb1805,20170927,20170926,210240500,3469.0,13812,472956,479460260.0,3470.0,40,3469.0,23
rb1805,20170927,20170926,210241000,3469.0,13838,472950,480362200.0,3470.0,45,3469.0,10
rb1805,20170927,20170926,210241500,3469.0,13864,472948,481264160.0,3470.0,45,3469.0,1
rb1805,20170927,20170926,210242000,3469.0,13868,472948,481402920.0,3469.0,1,3468.0,113
rb1805,20170927,20170926,210242500,3469.0,13870,472948,481472300.0,3469.0,7,3468.0,113
rb1805,20170927,20170926,210243000,3469.0,13884,472948,481957960.0,3470.0,47,3469.0,4
rb1805,20170927,20170926,210243500,3469.0,13886,472948,482027340.0,3470.0,49,3469.0,3
rb1805,20170927,20170926,210244000,3469.0,13930,472918,483553720.0,3469.0,13,3468.0,111
rb1805,20170927,20170926,210244500,3469.0,13932,472918,483623100.0,3469.0,12,3468.0,112
rb1805,20170927,20170926,210245000,3469.0,13936,472918,483761860.0,3469.0,16,3468.0,113
rb1805,20170927,20170926,210245500,3469.0,13970,472900,484941320.0,3470.0,44,3469.0,1
rb1805,20170927,20170926,210246000,3469.0,13972,472900,485010700.0,3470.0,44,3468.0,114
rb1805,20170927,20170926,210246500,3469.0,13978,472902,485218800.0,3470.0,47,3468.0,112
rb1805,20170927,20170926,210247000,3469.0,13978,472902,485218800.0,3469.0,1,3468.0,113
rb1805,20170927,20170926,210247500,3468.0,13984,472908,485426880.0,3469.0,1,3468.0,75
rb1805,20170927,20170926,210248000,3468.0,13998,472908,485912400.0,3469.0,7,3468.0,68
rb1805,20170927,20170926,210248500,3469.0,14006,472916,486189920.0,3469.0,7,3468.0,68
rb1805,20170927,20170926,210249000,3469.0,14010,472920,486328660.0,3469.0,3,3468.0,57
rb1805,20170927,20170926,210249500,3469.0,14012,472922,486398040.0,3469.0,2,3468.0,57
rb1805,20170927,20170926,210250000,3469.0,14012,472922,486398040.0,3469.0,2,3468.0,57
rb1805,20170927,20170926,210250500,3470.0,14024,472920,486814340.0,3470.0,42,3468.0,56
rb1805,20170927,20170926,210251000,3468.0,14028,472924,486953060.0,3470.0,42,3469.0,4
rb1805,20170927,20170926,210251500,3469.0,14036,472922,487230580.0,3469.0,3,3468.0,61
rb1805,20170927,20170926,210252000,3469.0,14042,472924,487438720.0,3470.0,34,3469.0,26
rb1805,20170927,20170926,210252500,3469.0,14050,472920,487716240.0,3470.0,45,3469.0,21
rb1805,20170927,20170926,210253000,3470.0,14086,472920,488965440.0,3470.0,27,3469.0,28
rb1805,20170927,20170926,210253500,3470.0,14174,472964,492019040.0,3470.0,4,3469.0,29
rb1805,20170927,20170926,210254000,3470.0,14212,472936,493337640.0,3471.0,28,3470.0,22
rb1805,20170927,20170926,210254500,3469.0,14246,472904,494517420.0,3470.0,5,3469.0,34
rb1805,20170927,20170926,210255000,3470.0,14266,472914,495211420.0,3471.0,48,3470.0,19
rb1805,20170927,20170926,210255500,3470.0,14286,472894,495905420.0,3471.0,48,3470.0,1
rb1805,20170927,20170926,210256000,3470.0,14288,472896,495974820.0,3470.0,5,3469.0,33
rb1805,20170927,20170926,210256500,3469.0,14290,472896,496044200.0,3470.0,6,3469.0,33
rb1805,20170927,20170926,210257000,3469.0,14292,472896,496113580.0,3470.0,15,3469.0,12
rb1805,20170927,20170926,210257500,3469.0,14292,472896,496113580.0,3470.0,37,3469.0,14
rb1805,20170927,20170926,210258000,3470.0,14294,472896,496182980.0,3470.0,34,3469.0,14
rb1805,20170927,20170926,210258500,3470.0,14294,472896,496182980.0,3470.0,29,3469.0,27
rb1805,20170927,20170926,210259000,3469.0,14338,472916,497709340.0,3470.0,44,3469.0,5
rb1805,20170927,20170926,210259500,3469.0,14362,472908,498542020.0,3470.0,44,3469.0,5
rb1805,20170927,20170926,210300000,3469.0,14372,472906,498888920.0,3469.0,3,3468.0,140
rb1805,20170927,20170926,210300500,3469.0,14376,472908,499027660.0,3469.0,18,3468.0,134
rb1805,20170927,20170926,210301000,3469.0,14414,472936,500345880.0,3470.0,46,3469.0,1
rb1805,20170927,20170926,210301500,3469.0,14416,472938,500415260.0,3469.0,33,3468.0,127
rb1805,20170927,20170926,210302000,3469.0,14418,472936,500484640.0,3469.0,21,3468.0,127
rb1805,20170927,20170926,210302500,3469.0,14460,472934,501941620.0,3470.0,97,3468.0,127
rb1805,20170927,20170926,210303000,3469.0,14462,472934,502011000.0,3469.0,1,3468.0,127
rb1805,20170927,20170926,210303500,3468.0,14664,473048,509017100.0,3470.0,71,3468.0,73
rb1805,20170927,20170926,210304000,3468.0,14670,473052,509225200.0,3469.0,9,3468.0,71
rb1805,20170927,20170926,210304500,3469.0,14684,473066,509710860.0,3469.0,24,3468.0,61
rb1805,20170927,20170926,210305000,3468.0,14714,473096,510751260.0,3469.0,29,3468.0,46
rb1805,20170927,20170926,210305500,3468.0,14806,473142,513941820.0,3469.0,32,3467.0,58
rb1805,20170927,20170926,210306000,3467.0,14808,473142,514011160.0,3469.0,32,3467.0,57
rb1805,20170927,20170926,210306500,3467.0,14816,473142,514288520.0,3469.0,33,3467.0,53
rb1805,20170927,20170926,210307000,3469.0,14890,473178,516854300.0,3469.0,32,3467.0,22
rb1805,20170927,20170926,210307500,3469.0,14892,473178,516923680.0,3469.0,31,3467.0,28
rb1805,20170927,20170926,210308000,3467.0,14904,473178,517339920.0,3469.0,26,3467.0,27
rb1805,20170927,20170926,210308500,3468.0,14920,473170,517894660.0,3468.0,6,3467.0,24
rb1805,20170927,20170926,210309000,3468.0,14920,473170,517894660.0,3468.0,3,3467.0,26
rb1805,20170927,20170926,210309500,3468.0,14920,473170,517894660.0,3469.0,88,3467.0,32
rb1805,20170927,20170926,210310000,3469.0,14924,473170,518033400.0,3469.0,90,3467.0,33
rb1805,20170927,20170926,210310500,3467.0,14928,473170,518172080.0,3468.0,6,3467.0,31
rb1805,20170927,20170926,210311000,3467.0,14928,473170,518172080.0,3468.0,11,3467.0,41
rb1805,20170927,20170926,210311500,3468.0,14932,473170,518310780.0,3468.0,15,3467.0,41
rb1805,20170927,20170926,210312000,3468.0,14932,473170,518310780.0,3468.0,18,3467.0,43
rb1805,20170927,20170926,210312500,3467.0,14934,473170,518380120.0,3468.0,19,3467.0,47
rb1805,20170927,20170926,210313000,3467.0,14960,473192,519281580.0,3468.0,19,3467.0,36
rb1805,20170927,20170926,210313500,3467.0,14960,473192,519281580.0,3468.0,22,3467.0,32
rb1805,20170927,20170926,210314000,3467.0,15006,473226,520876400.0,3467.0,90,3466.0,43
rb1805,20170927,20170926,210314500,3467.0,15194,473232,527394380.0,3468.0,19,3466.0,49
rb1805,20170927,20170926,210315000,3467.0,15196,473232,527463720.0,3468.0,19,3466.0,50
rb1805,20170927,20170926,210315500,3466.0,15226,473232,528503760.0,3468.0,19,3466.0,54
rb1805,20170927,20170926,210316000,3466.0,15230,473232,528642400.0,3468.0,27,3467.0,2
rb1805,20170927,20170926,210316500,3468.0,15286,473214,530584480.0,3469.0,53,3468.0,22
rb1805,20170927,20170926,210317000,3467.0,15338,473212,532387760.0,3468.0,25,3467.0,5
rb1805,20170927,20170926,210317500,3467.0,15344,473214,532595780.0,3468.0,21,3467.0,7
rb1805,20170927,20170926,210318000,3467.0,15368,473206,533427860.0,3467.0,10,3466.0,39
rb1805,20170927,20170926,210318500,3467.0,15372,473206,533566540.0,3467.0,18,3466.0,39
rb1805,20170927,20170926,210319000,3467.0,15434,473196,535715560.0,3467.0,13,3466.0,15
rb1805,20170927,20170926,210319500,3467.0,15438,473198,535854240.0,3467.0,12,3466.0,16
rb1805,20170927,20170926,210320000,3467.0,15438,473198,535854240.0,3467.0,7,3466.0,17
rb1805,20170927,20170926,210320500,3466.0,15480,473226,537310000.0,3466.0,45,3465.0,86
rb1805,20170927,20170926,210321000,3466.0,15484,473228,537448640.0,3466.0,43,3465.0,86
rb1805,20170927,20170926,210321500,3466.0,15484,473228,537448640.0,3466.0,43,3465.0,78
rb1805,20170927,20170926,210322000,3466.0,15498,473232,537933880.0,3466.0,38,3465.0,83
rb1805,20170927,20170926,210322500,3466.0,15500,473234,538003200.0,3466.0,38,3465.0,83
rb1805,20170927,20170926,210323000,3465.0,15610,473270,541814780.0,3466.0,35,3465.0,32
rb1805,20170927,20170926,210323500,3465.0,15680,473272,544240280.0,3465.0,4,3464.0,88
rb1805,20170927,20170926,210324000,3464.0,15732,473280,546041860.0,3466.0,43,3464.0,71
rb1805,20170927,20170926,210324500,3464.0,15788,473242,547981780.0,3466.0,45,3464.0,46
rb1805,20170927,20170926,210325000,3466.0,15816,473240,548951920.0,3466.0,41,3464.0,39
rb1805,20170927,20170926,210325500,3464.0,15838,473250,549714100.0,3466.0,42,3465.0,9
rb1805,20170927,20170926,210326000,3466.0,15856,473240,550337820.0,3466.0,42,3465.0,1
rb1805,20170927,20170926,210326500,3464.0,15870,473234,550822880.0,3465.0,9,3464.0,79
rb1805,20170927,20170926,210327000,3465.0,15876,473228,551030780.0,3465.0,14,3464.0,79
rb1805,20170927,20170926,210327500,3465.0,15882,473224,551238680.0,3465.0,12,3464.0,79
rb1805,20170927,20170926,210328000,3464.0,15886,473222,551377240.0,3465.0,16,3464.0,78
rb1805,20170927,20170926,210328500,3464.0,15900,473216,551862320.0,3465.0,10,3464.0,78
rb1805,20170927,20170926,210329000,3465.0,15928,473232,552832520.0,3466.0,41,3465.0,12
rb1805,20170927,20170926,210329500,3464.0,15942,473240,553317500.0,3466.0,35,3465.0,1
rb1805,20170927,20170926,210330000,3465.0,15960,473256,553941180.0,3465.0,62,3464.0,83
rb1805,20170927,20170926,210330500,3465.0,15976,473262,554495480.0,3465.0,63,3464.0,91
rb1805,20170927,20170926,210331000,3465.0,16042,473272,556782280.0,3465.0,35,3464.0,88
rb1805,20170927,20170926,210331500,3464.0,16184,473258,561701160.0,3465.0,40,3464.0,21
rb1805,20170927,20170926,210332000,3464.0,16206,473268,562463400.0,3465.0,33,3464.0,22
rb1805,20170927,20170926,210332500,3465.0,16228,473278,563225680.0,3465.0,23,3464.0,28
rb1805,20170927,20170926,210333000,3465.0,16228,473278,563225680.0,3465.0,23,3464.0,27
rb1805,20170927,20170926,210333500,3464.0,16236,473280,563502800.0,3465.0,23,3464.0,26
rb1805,20170927,20170926,210334000,3464.0,16248,473282,563918560.0,3465.0,20,3464.0,24
rb1805,20170927,20170926,210334500,3464.0,16252,473286,564057120.0,3465.0,24,3464.0,25
rb1805,20170927,20170926,210335000,3464.0,16260,473290,564334300.0,3465.0,22,3464.0,24
rb1805,20170927,20170926,210335500,3464.0,16260,473290,564334300.0,3465.0,22,3464.0,27
rb1805,20170927,20170926,210336000,3465.0,16334,473334,566898400.0,3466.0,47,3465.0,6
rb1805,20170927,20170926,210336500,3465.0,16350,473340,567452800.0,3466.0,37,3465.0,2
rb1805,20170927,20170926,210337000,3464.0,16360,473344,567799240.0,3466.0,37,3465.0,4
rb1805,20170927,20170926,210337500,3465.0,16392,473338,568908220.0,3466.0,28,3465.0,24
rb1805,20170927,20170926,210338000,3466.0,16488,473398,572235580.0,3467.0,9,3466.0,105
rb1805,20170927,20170926,210338500,3467.0,16510,473390,572998320.0,3468.0,60,3467.0,5
rb1805,20170927,20170926,210339000,3467.0,16514,473394,573137000.0,3468.0,56,3467.0,16
rb1805,20170927,20170926,210339500,3467.0,16520,473394,573345060.0,3468.0,54,3467.0,17
rb1805,20170927,20170926,210340000,3467.0,16522,473394,573414400.0,3468.0,56,3467.0,13
rb1805,20170927,20170926,210340500,3467.0,16522,473394,573414400.0,3468.0,63,3467.0,7
rb1805,20170927,20170926,210341000,3468.0,16532,473394,573761160.0,3468.0,37,3467.0,28
rb1805,20170927,20170926,210341500,3468.0,16752,473260,581389360.0,3469.0,50,3468.0,33
rb1805,20170927,20170926,210342000,3468.0,16822,473254,583816960.0,3467.0,55,3466.0,122
rb1805,20170927,20170926,210342500,3467.0,16932,473282,587630660.0,3468.0,1,3467.0,70
rb1805,20170927,20170926,210343000,3468.0,16936,473280,587769380.0,3468.0,52,3467.0,2
rb1805,20170927,20170926,210343500,3468.0,16936,473280,587769380.0,3468.0,55,3467.0,2
rb1805,20170927,20170926,210344000,3468.0,16936,473280,587769380.0,3468.0,62,3467.0,7
rb1805,20170927,20170926,210344500,3467.0,16950,473294,588254760.0,3467.0,5,3466.0,122
rb1805,20170927,20170926,210345000,3467.0,16952,473294,588324100.0,3467.0,9,3466.0,122
rb1805,20170927,20170926,210345500,3467.0,16952,473294,588324100.0,3467.0,18,3466.0,122
rb1805,20170927,20170926,210346000,3466.0,16966,473308,588809340.0,3467.0,21,3466.0,115
rb1805,20170927,20170926,210346500,3467.0,16970,473310,588948020.0,3467.0,19,3466.0,115
rb1805,20170927,20170926,210347000,3466.0,16984,473310,589433260.0,3467.0,50,3466.0,108
rb1805,20170927,20170926,210347500,3467.0,16994,473312,589779960.0,3467.0,45,3466.0,68
rb1805,20170927,20170926,210348000,3467.0,16994,473312,589779960.0,3467.0,45,3466.0,56
rb1805,20170927,20170926,210348500,3467.0,17086,473346,592969600.0,3468.0,71,3467.0,4
rb1805,20170927,20170926,210349000,3466.0,17156,473400,595395900.0,3467.0,38,3466.0,27
rb1805,20170927,20170926,210349500,3466.0,17160,473402,595534540.0,3467.0,12,3466.0,25
rb1805,20170927,20170926,210350000,3467.0,17162,473400,595603880.0,3467.0,11,3466.0,25
rb1805,20170927,20170926,210350500,3467.0,17170,473402,595881220.0,3467.0,8,3466.0,24
rb1805,20170927,20170926,210351000,3466.0,17172,473404,595950540.0,3467.0,8,3466.0,24
rb1805,20170927,20170926,210351500,3466.0,17180,473406,596227860.0,3467.0,19,3466.0,46
rb1805,20170927,20170926,210352000,3466.0,17232,473420,598030200.0,3467.0,58,3466.0,18
rb1805,20170927,20170926,210352500,3466.0,17272,473404,599416600.0,3467.0,62,3466.0,4
rb1805,20170927,20170926,210353000,3467.0,17282,473406,599763240.0,3467.0,53,3466.0,2
rb1805,20170927,20170926,210353500,3467.0,17282,473406,599763240.0,3467.0,54,3466.0,3
rb1805,20170927,20170926,210354000,3466.0,17286,473404,599901900.0,3467.0,57,3466.0,4
rb1805,20170927,20170926,210354500,3467.0,17288,473406,599971240.0,3467.0,56,3466.0,5
rb1805,20170927,20170926,210355000,3467.0,17300,473414,600387260.0,3467.0,56,3466.0,5
rb1805,20170927,20170926,210355500,3466.0,17308,473410,600664560.0,3467.0,42,3466.0,8
rb1805,20170927,20170926,210356000,3466.0,17308,473410,600664560.0,3467.0,42,3466.0,13
rb1805,20170927,20170926,210356500,3466.0,17312,473410,600803200.0,3467.0,42,3466.0,8
rb1805,20170927,20170926,210357000,3466.0,17336,473398,601635040.0,3466.0,18,3465.0,50
rb1805,20170927,20170926,210357500,3466.0,17340,473396,601773680.0,3466.0,16,3465.0,34
rb1805,20170927,20170926,210358000,3466.0,17362,473408,602536200.0,3466.0,5,3465.0,35
rb1805,20170927,20170926,210358500,3466.0,17366,473408,602674840.0,3466.0,19,3465.0,35
rb1805,20170927,20170926,210359000,3466.0,17366,473408,602674840.0,3466.0,19,3465.0,35
rb1805,20170927,20170926,210359500,3466.0,17406,473404,604061020.0,3466.0,10,3465.0,24
rb1805,20170927,20170926,210400000,3465.0,17410,473402,604199640.0,3466.0,12,3465.0,23
rb1805,20170927,20170926,210400500,3466.0,17432,473400,604962180.0,3467.0,51,3466.0,1
rb1805,20170927,20170926,210401000,3466.0,17516,473318,607873620.0,3467.0,51,3466.0,5
rb1805,20170927,20170926,210401500,3467.0,17546,473292,608913440.0,3467.0,53,3465.0,48
rb1805,20170927,20170926,210402000,3467.0,17558,473296,609329400.0,3467.0,51,3465.0,49
rb1805,20170927,20170926,210402500,3466.0,17560,473296,609398720.0,3467.0,51,3466.0,2
rb1805,20170927,20170926,210403000,3466.0,17564,473294,609537360.0,3466.0,2,3465.0,101
rb1805,20170927,20170926,210403500,3466.0,17568,473290,609676000.0,3467.0,52,3466.0,1
rb1805,20170927,20170926,210404000,3466.0,17574,473288,609883980.0,3466.0,29,3465.0,102
rb1805,20170927,20170926,210404500,3466.0,17630,473304,611824940.0,3466.0,2,3465.0,102
rb1805,20170927,20170926,210405000,3466.0,17630,473304,611824940.0,3466.0,2,3465.0,102
rb1805,20170927,20170926,210405500,3466.0,17642,473310,612240920.0,3467.0,49,3466.0,6
rb1805,20170927,20170926,210406000,3467.0,17654,473308,612656960.0,3467.0,28,3466.0,46
rb1805,20170927,20170926,210406500,3467.0,17660,473312,612864940.0,3467.0,28,3466.0,45
rb1805,20170927,20170926,210407000,3466.0,17694,473320,614043440.0,3467.0,25,3466.0,29
rb1805,20170927,20170926,210407500,3466.0,17694,473320,614043440.0,3467.0,25,3466.0,30
rb1805,20170927,20170926,210408000,3467.0,17698,473322,614182100.0,3467.0,24,3466.0,65
rb1805,20170927,20170926,210408500,3467.0,17698,473322,614182100.0,3467.0,15,3466.0,66
rb1805,20170927,20170926,210409000,3466.0,17714,473322,614736660.0,3467.0,21,3466.0,58
rb1805,20170927,20170926,210409500,3466.0,17836,473426,618965180.0,3466.0,155,3465.0,92
rb1805,20170927,20170926,210410000,3466.0,17918,473422,621806540.0,3466.0,136,3465.0,64
rb1805,20170927,20170926,210410500,3465.0,17956,473444,623123260.0,3466.0,135,3465.0,49
rb1805,20170927,20170926,210411000,3465.0,17990,473470,624301380.0,3466.0,137,3465.0,35
rb1805,20170927,20170926,210411500,3465.0,18036,473498,625895320.0,3466.0,135,3465.0,17
rb1805,20170927,20170926,210412000,3465.0,18048,473510,626311140.0,3466.0,132,3465.0,12
rb1805,20170927,20170926,210412500,3466.0,18058,473512,626657660.0,3466.0,131,3465.0,19
rb1805,20170927,20170926,210413000,3466.0,18062,473514,626796280.0,3466.0,109,3465.0,4
rb1805,20170927,20170926,210413500,3465.0,18064,473516,626865580.0,3466.0,110,3465.0,18
rb1805,20170927,20170926,210414000,3465.0,18078,473520,627350700.0,3465.0,4,3464.0,28
rb1805,20170927,20170926,210414500,3466.0,18116,473538,628667420.0,3466.0,115,3465.0,12
rb1805,20170927,20170926,210415000,3465.0,18130,473532,629152620.0,3466.0,100,3465.0,33
rb1805,20170927,20170926,210415500,3465.0,18150,473536,629845620.0,3466.0,55,3465.0,36
rb1805,20170927,20170926,210416000,3466.0,18174,473516,630677460.0,3466.0,44,3465.0,42
rb1805,20170927,20170926,210416500,3466.0,18266,473518,633866180.0,3467.0,77,3466.0,7
rb1805,20170927,20170926,210417000,3466.0,18278,473518,634282200.0,3467.0,23,3466.0,22
rb1805,20170927,20170926,210417500,3467.0,18294,473524,634836920.0,3467.0,15,3466.0,37
rb1805,20170927,20170926,210418000,3467.0,18330,473502,636085040.0,3468.0,85,3467.0,2
rb1805,20170927,20170926,210418500,3467.0,18330,473502,636085040.0,3468.0,85,3466.0,37
rb1805,20170927,20170926,210419000,3467.0,18336,473500,636293060.0,3468.0,85,3467.0,4
rb1805,20170927,20170926,210419500,3467.0,18342,473500,636501120.0,3468.0,83,3467.0,3
rb1805,20170927,20170926,210420000,3467.0,18342,473500,636501120.0,3468.0,84,3467.0,3
rb1805,20170927,20170926,210420500,3468.0,18348,473498,636709160.0,3468.0,83,3467.0,1
rb1805,20170927,20170926,210421000,3467.0,18352,473498,636847840.0,3468.0,83,3466.0,60
rb1805,20170927,20170926,210421500,3467.0,18352,473498,636847840.0,3468.0,83,3467.0,5
rb1805,20170927,20170926,210422000,3467.0,18376,473516,637679960.0,3468.0,83,3467.0,9
rb1805,20170927,20170926,210422500,3468.0,18382,473516,637888020.0,3468.0,82,3467.0,8
rb1805,20170927,20170926,210423000,3468.0,18388,473516,638096080.0,3468.0,77,3467.0,8
rb1805,20170927,20170926,210423500,3467.0,18392,473514,638234780.0,3468.0,76,3467.0,10
rb1805,20170927,20170926,210424000,3468.0,18400,473506,638512220.0,3468.0,72,3467.0,20
rb1805,20170927,20170926,210424500,3468.0,18402,473506,638581580.0,3468.0,71,3467.0,20
rb1805,20170927,20170926,210425000,3468.0,18408,473502,638789660.0,3468.0,78,3467.0,20
rb1805,20170927,20170926,210425500,3468.0,18432,473478,639621980.0,3468.0,65,3467.0,21
rb1805,20170927,20170926,210426000,3468.0,18438,473472,639830060.0,3468.0,62,3467.0,22
rb1805,20170927,20170926,210426500,3468.0,18442,473472,639968760.0,3468.0,63,3467.0,21
rb1805,20170927,20170926,210427000,3468.0,18456,473460,640454260.0,3468.0,66,3467.0,19
rb1805,20170927,20170926,210427500,3467.0,18496,473480,641841060.0,3467.0,18,3466.0,58
rb1805,20170927,20170926,210428000,3467.0,18514,473462,642465120.0,3467.0,24,3466.0,60
rb1805,20170927,20170926,210428500,3467.0,18532,473454,643089180.0,3467.0,15,3466.0,61
rb1805,20170927,20170926,210429000,3467.0,18548,473458,643643900.0,3467.0,11,3466.0,61
rb1805,20170927,20170926,210429500,3467.0,18556,473462,643921260.0,3467.0,8,3466.0,61
rb1805,20170927,20170926,210430000,3467.0,18558,473462,643990600.0,3467.0,7,3466.0,61
rb1805,20170927,20170926,210430500,3467.0,18572,473468,644475960.0,3467.0,12,3466.0,61
rb1805,20170927,20170926,210431000,3467.0,18600,473484,645446720.0,3468.0,75,3467.0,13
rb1805,20170927,20170926,210431500,3468.0,18602,473482,645516080.0,3468.0,65,3467.0,14
rb1805,20170927,20170926,210432000,3468.0,18602,473482,645516080.0,3468.0,60,3467.0,11
rb1805,20170927,20170926,210432500,3467.0,18646,473454,647041960.0,3468.0,40,3467.0,13
rb1805,20170927,20170926,210433000,3468.0,18688,473438,648498520.0,3468.0,19,3467.0,23
rb1805,20170927,20170926,210433500,3468.0,18692,473440,648637220.0,3468.0,22,3467.0,38
rb1805,20170927,20170926,210434000,3468.0,18748,473434,650579200.0,3469.0,59,3468.0,19
rb1805,20170927,20170926,210434500,3469.0,18788,473418,651966800.0,3469.0,29,3468.0,21
rb1805,20170927,20170926,210435000,3468.0,18792,473414,652105520.0,3469.0,35,3468.0,20
rb1805,20170927,20170926,210435500,3468.0,18806,473406,652591040.0,3469.0,36,3468.0,33
rb1805,20170927,20170926,210436000,3468.0,18816,473402,652937840.0,3469.0,36,3468.0,29
rb1805,20170927,20170926,210436500,3468.0,18864,473410,654602500.0,3469.0,36,3468.0,6
rb1805,20170927,20170926,210437000,3468.0,18878,473422,655088020.0,3468.0,12,3467.0,17
rb1805,20170927,20170926,210437500,3468.0,18884,473422,655296100.0,3468.0,14,3467.0,18
rb1805,20170927,20170926,210438000,3468.0,18884,473422,655296100.0,3468.0,14,3467.0,18
rb1805,20170927,20170926,210438500,3467.0,18886,473424,655365440.0,3468.0,17,3467.0,17
rb1805,20170927,20170926,210439000,3468.0,18888,473424,655434800.0,3468.0,77,3467.0,18
rb1805,20170927,20170926,210439500,3468.0,18888,473424,655434800.0,3468.0,78,3467.0,18
rb1805,20170927,20170926,210440000,3468.0,18896,473426,655712220.0,3468.0,75,3467.0,18
rb1805,20170927,20170926,210440500,3468.0,18896,473426,655712220.0,3468.0,92,3467.0,19
rb1805,20170927,20170926,210441000,3468.0,18896,473426,655712220.0,3468.0,92,3467.0,19
rb1805,20170927,20170926,210441500,3468.0,18906,473426,656059020.0,3468.0,87,3467.0,21
rb1805,20170927,20170926,210442000,3468.0,18914,473426,656336440.0,3468.0,81,3467.0,21
rb1805,20170927,20170926,210442500,3467.0,18968,473448,658208620.0,3467.0,13,3466.0,53
rb1805,20170927,20170926,210443000,3468.0,19014,473458,659803640.0,3468.0,71,3467.0,54
rb1805,20170927,20170926,210443500,3468.0,19018,473456,659942340.0,3468.0,71,3467.0,54
rb1805,20170927,20170926,210444000,3468.0,19020,473454,660011700.0,3468.0,110,3467.0,55
rb1805,20170927,20170926,210444500,3468.0,19024,473456,660150420.0,3468.0,108,3467.0,55
rb1805,20170927,20170926,210445000,3467.0,19026,473456,660219760.0,3468.0,108,3467.0,54
rb1805,20170927,20170926,210445500,3467.0,19026,473456,660219760.0,3468.0,109,3467.0,55
rb1805,20170927,20170926,210446000,3467.0,19030,473454,660358440.0,3468.0,109,3467.0,53
rb1805,20170927,20170926,210446500,3468.0,19042,473454,660774500.0,3468.0,108,3467.0,48
rb1805,20170927,20170926,210447000,3467.0,19046,473454,660913200.0,3468.0,107,3467.0,47
rb1805,20170927,20170926,210447500,3467.0,19048,473454,660982540.0,3468.0,107,3467.0,46
rb1805,20170927,20170926,210448000,3467.0,19048,473454,660982540.0,3468.0,107,3467.0,46
rb1805,20170927,20170926,210448500,3467.0,19084,473418,662230660.0,3468.0,116,3467.0,3
rb1805,20170927,20170926,210449000,3467.0,19088,473418,662369340.0,3468.0,116,3467.0,2
rb1805,20170927,20170926,210449500,3467.0,19096,473426,662646700.0,3467.0,47,3466.0,46
rb1805,20170927,20170926,210450000,3467.0,19116,473426,663340100.0,3467.0,37,3466.0,46
rb1805,20170927,20170926,210450500,3467.0,19118,473426,663409440.0,3467.0,66,3466.0,49
rb1805,20170927,20170926,210451000,3467.0,19120,473426,663478780.0,3467.0,249,3466.0,49
rb1805,20170927,20170926,210451500,3467.0,19122,473428,663548120.0,3467.0,248,3466.0,53
rb1805,20170927,20170926,210452000,3467.0,19126,473430,663686780.0,3467.0,249,3466.0,51
rb1805,20170927,20170926,210452500,3467.0,19126,473430,663686780.0,3467.0,39,3466.0,47
rb1805,20170927,20170926,210453000,3466.0,19128,473432,663756100.0,3467.0,40,3466.0,51
rb1805,20170927,20170926,210453500,3467.0,19130,473432,663825440.0,3467.0,39,3466.0,54
rb1805,20170927,20170926,210454000,3466.0,19158,473432,664796180.0,3467.0,26,3466.0,53
rb1805,20170927,20170926,210454500,3466.0,19168,473442,665142780.0,3467.0,26,3466.0,54
rb1805,20170927,20170926,210455500,3466.0,19172,473446,665281420.0,3467.0,26,3466.0,52
rb1805,20170927,20170926,210456000,3466.0,19172,473446,665281420.0,3467.0,29,3466.0,52
rb1805,20170927,20170926,210456500,3466.0,19172,473446,665281420.0,3467.0,29,3466.0,52
rb1805,20170927,20170926,210457000,3466.0,19172,473446,665281420.0,3467.0,29,3466.0,53
rb1805,20170927,20170926,210457500,3466.0,19174,473446,665350740.0,3467.0,32,3466.0,56
rb1805,20170927,20170926,210458000,3467.0,19238,473436,667569620.0,3468.0,127,3467.0,16
rb1805,20170927,20170926,210458500,3467.0,19238,473436,667569620.0,3468.0,113,3467.0,104
rb1805,20170927,20170926,210459000,3468.0,19376,473538,672355460.0,3468.0,44,3467.0,110
rb1805,20170927,20170926,210459500,3468.0,19546,473596,678251060.0,3469.0,39,3468.0,45
rb1805,20170927,20170926,210500000,3468.0,19560,473604,678736580.0,3469.0,29,3468.0,59
rb1805,20170927,20170926,210500500,3468.0,19668,473616,682482820.0,3470.0,130,3468.0,47
rb1805,20170927,20170926,210501000,3468.0,19678,473616,682829620.0,3470.0,125,3468.0,42
rb1805,20170927,20170926,210501500,3468.0,19678,473616,682829620.0,3470.0,117,3468.0,42
rb1805,20170927,20170926,210502000,3468.0,19678,473616,682829620.0,3470.0,117,3468.0,42
rb1805,20170927,20170926,210502500,3468.0,19720,473582,684286980.0,3470.0,97,3468.0,41
rb1805,20170927,20170926,210503000,3468.0,19720,473582,684286980.0,3470.0,97,3469.0,4
rb1805,20170927,20170926,210503500,3469.0,19742,473578,685050160.0,3469.0,79,3468.0,51
rb1805,20170927,20170926,210504000,3469.0,19786,473558,686576440.0,3469.0,61,3468.0,60
rb1805,20170927,20170926,210504500,3470.0,19912,473438,690947400.0,3470.0,66,3469.0,1
rb1805,20170927,20170926,210505000,3470.0,19958,473438,692543560.0,3470.0,45,3469.0,20
rb1805,20170927,20170926,210505500,3469.0,19984,473430,693445700.0,3470.0,35,3469.0,19
rb1805,20170927,20170926,210506000,3470.0,19992,473430,693723280.0,3470.0,36,3469.0,28
rb1805,20170927,20170926,210506500,3469.0,20010,473418,694347700.0,3470.0,37,3469.0,19
rb1805,20170927,20170926,210507000,3470.0,20062,473444,696151600.0,3470.0,37,3468.0,63
rb1805,20170927,20170926,210507500,3469.0,20064,473446,696220980.0,3470.0,31,3468.0,29
rb1805,20170927,20170926,210508000,3470.0,20144,473392,698996980.0,3470.0,2,3468.0,29
rb1805,20170927,20170926,210508500,3470.0,20152,473394,699274520.0,3470.0,10,3469.0,22
rb1805,20170927,20170926,210509000,3469.0,20154,473392,699343900.0,3470.0,11,3469.0,14
rb1805,20170927,20170926,210509500,3470.0,20184,473376,700384900.0,3470.0,1,3469.0,24
rb1805,20170927,20170926,210510000,3470.0,20188,473380,700523700.0,3470.0,7,3469.0,14
rb1805,20170927,20170926,210510500,3469.0,20190,473380,700593080.0,3470.0,7,3469.0,13
rb1805,20170927,20170926,210511000,3470.0,20196,473382,700801260.0,3470.0,8,3469.0,12
rb1805,20170927,20170926,210511500,3470.0,20196,473382,700801260.0,3470.0,10,3469.0,12
rb1805,20170927,20170926,210512000,3469.0,20198,473380,700870640.0,3470.0,10,3469.0,14
rb1805,20170927,20170926,210512500,3470.0,20200,473382,700940040.0,3470.0,9,3469.0,19
rb1805,20170927,20170926,210513000,3470.0,20210,473382,701287040.0,3470.0,8,3469.0,22
rb1805,20170927,20170926,210513500,3469.0,20250,473392,702674840.0,3470.0,4,3469.0,23
rb1805,20170927,20170926,210514000,3469.0,20262,473392,703091200.0,3471.0,110,3470.0,6
rb1805,20170927,20170926,210514500,3471.0,20268,473394,703299420.0,3471.0,97,3470.0,14
rb1805,20170927,20170926,210515000,3471.0,20270,473394,703368840.0,3471.0,97,3470.0,14
rb1805,20170927,20170926,210515500,3471.0,20272,473394,703438260.0,3471.0,96,3470.0,18
rb1805,20170927,20170926,210516000,3471.0,20276,473396,703577100.0,3471.0,94,3470.0,18
rb1805,20170927,20170926,210516500,3471.0,20280,473398,703715940.0,3471.0,92,3470.0,19
rb1805,20170927,20170926,210517000,3471.0,20288,473400,703993600.0,3471.0,89,3470.0,14
rb1805,20170927,20170926,210517500,3471.0,20296,473404,704271280.0,3471.0,85,3470.0,18
rb1805,20170927,20170926,210518000,3471.0,20300,473404,704410120.0,3471.0,83,3470.0,38
rb1805,20170927,20170926,210518500,3471.0,20324,473404,705243140.0,3471.0,72,3470.0,37
rb1805,20170927,20170926,210519000,3471.0,20332,473402,705520820.0,3471.0,68,3470.0,43
rb1805,20170927,20170926,210519500,3471.0,20356,473408,706353740.0,3471.0,62,3470.0,40
rb1805,20170927,20170926,210520000,3470.0,20364,473410,706631400.0,3471.0,61,3470.0,39
rb1805,20170927,20170926,210520500,3470.0,20366,473412,706700800.0,3471.0,61,3470.0,58
rb1805,20170927,20170926,210521000,3471.0,20376,473418,707047900.0,3471.0,56,3470.0,46
rb1805,20170927,20170926,210521500,3471.0,20446,473438,709477600.0,3471.0,21,3470.0,62
rb1805,20170927,20170926,210522000,3471.0,20454,473442,709755280.0,3471.0,47,3470.0,50
rb1805,20170927,20170926,210522500,3471.0,20458,473446,709894120.0,3471.0,45,3470.0,50
rb1805,20170927,20170926,210523000,3471.0,20458,473446,709894120.0,3471.0,45,3470.0,30
rb1805,20170927,20170926,210523500,3471.0,20470,473454,710310540.0,3471.0,45,3470.0,25
rb1805,20170927,20170926,210524000,3471.0,20478,473460,710588220.0,3471.0,43,3470.0,22
rb1805,20170927,20170926,210524500,3470.0,20484,473464,710796440.0,3471.0,44,3470.0,21
rb1805,20170927,20170926,210525000,3471.0,20500,473462,711351800.0,3471.0,38,3470.0,23
rb1805,20170927,20170926,210525500,3471.0,20504,473464,711490640.0,3471.0,37,3470.0,23
rb1805,20170927,20170926,210526000,3471.0,20578,473460,714059180.0,3472.0,86,3470.0,42
rb1805,20170927,20170926,210526500,3471.0,20578,473460,714059180.0,3472.0,46,3471.0,3
rb1805,20170927,20170926,210527000,3472.0,20586,473464,714336940.0,3472.0,32,3471.0,21
rb1805,20170927,20170926,210527500,3472.0,20592,473464,714545240.0,3472.0,30,3471.0,29
rb1805,20170927,20170926,210528000,3471.0,20596,473464,714684100.0,3472.0,29,3471.0,29
rb1805,20170927,20170926,210528500,3472.0,20602,473470,714892380.0,3472.0,29,3471.0,24
rb1805,20170927,20170926,210529000,3472.0,20626,473484,715725660.0,3472.0,17,3471.0,30
rb1805,20170927,20170926,210529500,3473.0,20688,473466,717878540.0,3472.0,3,3471.0,30
rb1805,20170927,20170926,210530000,3472.0,20704,473464,718434060.0,3473.0,107,3472.0,19
rb1805,20170927,20170926,210530500,3472.0,20778,473510,721003300.0,3472.0,16,3471.0,20
rb1805,20170927,20170926,210531000,3470.0,20946,473440,726833860.0,3472.0,32,3471.0,20
rb1805,20170927,20170926,210531500,3472.0,20956,473446,727181040.0,3472.0,34,3471.0,22
rb1805,20170927,20170926,210532000,3473.0,21044,473498,730236500.0,3473.0,50,3472.0,23
rb1805,20170927,20170926,210532500,3473.0,21048,473498,730375400.0,3473.0,49,3472.0,24
rb1805,20170927,20170926,210533000,3473.0,21090,473526,731833680.0,3473.0,52,3472.0,2
rb1805,20170927,20170926,210533500,3472.0,21110,473528,732528200.0,3473.0,47,3472.0,59
rb1805,20170927,20170926,210534000,3473.0,21218,473498,736279040.0,3474.0,101,3473.0,12
rb1805,20170927,20170926,210534500,3473.0,21278,473510,738362560.0,3473.0,33,3472.0,36
rb1805,20170927,20170926,210535000,3472.0,21356,473582,741070720.0,3472.0,1,3471.0,10
rb1805,20170927,20170926,210535500,3473.0,21384,473574,742043000.0,3473.0,35,3472.0,7
rb1805,20170927,20170926,210536000,3472.0,21398,473560,742529080.0,3472.0,21,3471.0,14
rb1805,20170927,20170926,210536500,3473.0,21442,473560,744056960.0,3473.0,21,3472.0,31
rb1805,20170927,20170926,210537000,3472.0,21458,473558,744612560.0,3473.0,9,3472.0,31
rb1805,20170927,20170926,210537500,3472.0,21462,473560,744751460.0,3473.0,9,3472.0,35
rb1805,20170927,20170926,210538000,3472.0,21464,473560,744820900.0,3473.0,19,3472.0,36
rb1805,20170927,20170926,210538500,3473.0,21488,473554,745654300.0,3473.0,14,3472.0,30
rb1805,20170927,20170926,210539000,3473.0,21490,473554,745723760.0,3473.0,14,3472.0,30
rb1805,20170927,20170926,210539500,3473.0,21502,473548,746140520.0,3473.0,9,3472.0,30
rb1805,20170927,20170926,210540000,3472.0,21514,473548,746557200.0,3473.0,13,3472.0,26
rb1805,20170927,20170926,210540500,3473.0,21574,473540,748640600.0,3473.0,7,3472.0,7
rb1805,20170927,20170926,210541000,3473.0,21582,473544,748918440.0,3473.0,16,3472.0,8
rb1805,20170927,20170926,210541500,3473.0,21600,473546,749543580.0,3473.0,19,3472.0,9
rb1805,20170927,20170926,210542000,3473.0,21600,473546,749543580.0,3473.0,18,3472.0,21
rb1805,20170927,20170926,210542500,3472.0,21604,473546,749682460.0,3473.0,28,3472.0,6
rb1805,20170927,20170926,210543000,3473.0,21654,473518,751418960.0,3474.0,105,3473.0,5
rb1805,20170927,20170926,210543500,3472.0,21666,473520,751835700.0,3473.0,4,3472.0,58
rb1805,20170927,20170926,210544000,3473.0,21674,473520,752113540.0,3474.0,115,3473.0,10
rb1805,20170927,20170926,210544500,3473.0,21690,473520,752669220.0,3474.0,117,3473.0,2
rb1805,20170927,20170926,210545000,3473.0,21694,473524,752808140.0,3474.0,117,3473.0,1
rb1805,20170927,20170926,210545500,3473.0,21700,473522,753016520.0,3473.0,57,3472.0,53
rb1805,20170927,20170926,210546000,3475.0,21978,473420,762673200.0,3475.0,187,3473.0,109
rb1805,20170927,20170926,210546500,3474.0,22080,473406,766217180.0,3475.0,156,3474.0,9
rb1805,20170927,20170926,210547000,3474.0,22160,473430,768996520.0,3475.0,149,3474.0,14
rb1805,20170927,20170926,210547500,3474.0,22402,473478,777405380.0,3475.0,62,3474.0,29
rb1805,20170927,20170926,210548000,3475.0,22548,473518,782478880.0,3476.0,184,3475.0,40
rb1805,20170927,20170926,210548500,3475.0,22598,473526,784216720.0,3476.0,157,3475.0,48
rb1805,20170927,20170926,210549000,3476.0,22612,473520,784703320.0,3476.0,158,3475.0,39
rb1805,20170927,20170926,210549500,3476.0,22650,473502,786024100.0,3476.0,143,3475.0,31
rb1805,20170927,20170926,210550000,3475.0,22704,473490,787900980.0,3476.0,123,3475.0,42
rb1805,20170927,20170926,210550500,3476.0,22726,473484,788665640.0,3476.0,110,3475.0,3
rb1805,20170927,20170926,210551000,3476.0,22954,473542,796590980.0,3477.0,79,3476.0,195
rb1805,20170927,20170926,210551500,3476.0,23186,473724,804655320.0,3477.0,66,3476.0,112
rb1805,20170927,20170926,210552000,3476.0,23294,473710,808410280.0,3477.0,22,3476.0,97
rb1805,20170927,20170926,210552500,3476.0,23328,473716,809592260.0,3477.0,15,3476.0,96
rb1805,20170927,20170926,210553000,3477.0,23398,473720,812026160.0,3478.0,310,3477.0,83
rb1805,20170927,20170926,210553500,3477.0,23700,473774,822529140.0,3478.0,191,3477.0,160
rb1805,20170927,20170926,210554000,3477.0,23732,473800,823641980.0,3478.0,181,3477.0,90
rb1805,20170927,20170926,210554500,3477.0,23916,473944,830040800.0,3478.0,124,3477.0,60
rb1805,20170927,20170926,210555000,3477.0,23990,473974,832614160.0,3478.0,105,3477.0,42
rb1805,20170927,20170926,210555500,3477.0,24030,473998,834004960.0,3478.0,100,3477.0,7
rb1805,20170927,20170926,210556000,3477.0,24076,474000,835604400.0,3478.0,99,3477.0,28
rb1805,20170927,20170926,210556500,3478.0,24106,474008,836647600.0,3478.0,94,3477.0,4
rb1805,20170927,20170926,210557000,3477.0,24152,474022,838247100.0,3477.0,33,3476.0,99
rb1805,20170927,20170926,210557500,3477.0,24250,474026,841654740.0,3478.0,94,3477.0,20
rb1805,20170927,20170926,210558000,3477.0,24302,474004,843462760.0,3477.0,83,3476.0,84
rb1805,20170927,20170926,210558500,3476.0,24364,474026,845618480.0,3477.0,31,3476.0,132
rb1805,20170927,20170926,210559000,3477.0,24392,474022,846592020.0,3477.0,23,3476.0,131
rb1805,20170927,20170926,210559500,3476.0,24476,474050,849512480.0,3477.0,2,3476.0,119
rb1805,20170927,20170926,210600000,3477.0,24510,474056,850694660.0,3478.0,148,3477.0,41
rb1805,20170927,20170926,210600500,3478.0,24784,474000,860223300.0,3478.0,65,3477.0,3
rb1805,20170927,20170926,210601000,3477.0,24802,474004,860849140.0,3477.0,5,3476.0,140
rb1805,20170927,20170926,210601500,3476.0,24948,474040,865924120.0,3477.0,65,3476.0,69
rb1805,20170927,20170926,210602000,3477.0,25006,474068,867940760.0,3477.0,41,3476.0,130
rb1805,20170927,20170926,210602500,3477.0,25062,474104,869887880.0,3477.0,21,3476.0,94
rb1805,20170927,20170926,210603000,3477.0,25076,474112,870374660.0,3477.0,14,3476.0,111
rb1805,20170927,20170926,210603500,3476.0,25098,474134,871139400.0,3477.0,28,3476.0,84
rb1805,20170927,20170926,210604000,3477.0,25148,474118,872877900.0,3477.0,4,3476.0,62
rb1805,20170927,20170926,210604500,3476.0,25160,474120,873295020.0,3477.0,18,3476.0,56
rb1805,20170927,20170926,210605000,3476.0,25276,474218,877327180.0,3476.0,27,3475.0,21
rb1805,20170927,20170926,210605500,3475.0,25322,474228,878925680.0,3475.0,2,3474.0,27
rb1805,20170927,20170926,210606000,3474.0,25410,474262,881982800.0,3475.0,9,3474.0,12
rb1805,20170927,20170926,210606500,3474.0,25468,474244,883997600.0,3474.0,22,3473.0,26
rb1805,20170927,20170926,210607000,3474.0,25580,474304,887889460.0,3476.0,40,3474.0,11
rb1805,20170927,20170926,210607500,3474.0,25606,474302,888792820.0,3476.0,42,3474.0,9
rb1805,20170927,20170926,210608000,3474.0,25618,474310,889209700.0,3476.0,39,3474.0,16
rb1805,20170927,20170926,210608500,3474.0,25680,474348,891363580.0,3476.0,40,3474.0,2
rb1805,20170927,20170926,210609000,3474.0,25682,474350,891433060.0,3475.0,2,3474.0,11
rb1805,20170927,20170926,210609500,3475.0,25698,474358,891989080.0,3476.0,47,3475.0,21
rb1805,20170927,20170926,210610000,3476.0,25708,474364,892336640.0,3476.0,34,3475.0,28
rb1805,20170927,20170926,210610500,3476.0,25798,474342,895465040.0,3477.0,129,3476.0,48
rb1805,20170927,20170926,210611000,3476.0,25966,474424,901305760.0,3477.0,77,3476.0,10
rb1805,20170927,20170926,210611500,3476.0,25980,474424,901792400.0,3477.0,77,3476.0,25
rb1805,20170927,20170926,210612000,3476.0,26024,474424,903321840.0,3477.0,78,3476.0,23
rb1805,20170927,20170926,210612500,3476.0,26038,474428,903808480.0,3477.0,78,3476.0,16
rb1805,20170927,20170926,210613000,3477.0,26096,474464,905824960.0,3477.0,59,3476.0,22
rb1805,20170927,20170926,210613500,3476.0,26106,474464,906172560.0,3477.0,69,3476.0,19
rb1805,20170927,20170926,210614000,3476.0,26112,474468,906381160.0,3477.0,76,3476.0,34
rb1805,20170927,20170926,210614500,3477.0,26114,474468,906450700.0,3477.0,76,3476.0,34
rb1805,20170927,20170926,210615000,3476.0,26204,474516,909579100.0,3476.0,16,3475.0,54
rb1805,20170927,20170926,210615500,3476.0,26208,474516,909718140.0,3476.0,15,3475.0,38
rb1805,20170927,20170926,210616000,3476.0,26222,474516,910204780.0,3476.0,19,3475.0,25
rb1805,20170927,20170926,210616500,3476.0,26222,474516,910204780.0,3476.0,19,3475.0,25
rb1805,20170927,20170926,210617000,3475.0,26232,474516,910552280.0,3476.0,23,3475.0,16
rb1805,20170927,20170926,210617500,3476.0,26248,474500,911108440.0,3476.0,21,3475.0,20
rb1805,20170927,20170926,210618000,3476.0,26268,474482,911803640.0,3476.0,21,3475.0,20
rb1805,20170927,20170926,210618500,3475.0,26270,474480,911873140.0,3476.0,27,3475.0,20
rb1805,20170927,20170926,210619000,3475.0,26282,474478,912290180.0,3476.0,38,3475.0,18
rb1805,20170927,20170926,210619500,3475.0,26292,474488,912637680.0,3476.0,44,3475.0,29
rb1805,20170927,20170926,210620000,3476.0,26308,474504,913193740.0,3476.0,42,3475.0,24
rb1805,20170927,20170926,210620500,3476.0,26364,474538,915139800.0,3476.0,39,3475.0,8
rb1805,20170927,20170926,210621000,3475.0,26382,474522,915765300.0,3475.0,21,3474.0,56
rb1805,20170927,20170926,210621500,3475.0,26382,474522,915765300.0,3475.0,21,3474.0,40
rb1805,20170927,20170926,210622000,3475.0,26400,474520,916390800.0,3475.0,15,3474.0,39
rb1805,20170927,20170926,210622500,3475.0,26410,474522,916738280.0,3475.0,27,3474.0,38
rb1805,20170927,20170926,210623000,3474.0,26418,474522,917016220.0,3475.0,38,3474.0,35
rb1805,20170927,20170926,210623500,3474.0,26432,474528,917502600.0,3475.0,37,3474.0,29
rb1805,20170927,20170926,210624000,3474.0,26434,474528,917572080.0,3475.0,38,3474.0,28
rb1805,20170927,20170926,210624500,3475.0,26478,474536,919100660.0,3475.0,40,3474.0,7
rb1805,20170927,20170926,210625000,3474.0,26510,474560,920212440.0,3474.0,42,3473.0,38
rb1805,20170927,20170926,210625500,3474.0,26556,474582,921810480.0,3474.0,20,3473.0,45
rb1805,20170927,20170926,210626000,3474.0,26566,474584,922157880.0,3474.0,22,3473.0,45
rb1805,20170927,20170926,210626500,3473.0,26606,474582,923547460.0,3474.0,3,3473.0,48
rb1805,20170927,20170926,210627000,3474.0,26618,474594,923964340.0,3475.0,46,3474.0,15
rb1805,20170927,20170926,210627500,3474.0,26626,474602,924242260.0,3475.0,46,3474.0,13
rb1805,20170927,20170926,210628000,3474.0,26628,474602,924311740.0,3475.0,47,3474.0,26
rb1805,20170927,20170926,210628500,3475.0,26652,474610,925145540.0,3475.0,47,3474.0,27
rb1805,20170927,20170926,210629000,3475.0,26660,474610,925423500.0,3475.0,45,3474.0,25
rb1805,20170927,20170926,210629500,3474.0,26754,474630,928689100.0,3475.0,44,3474.0,180
rb1805,20170927,20170926,210630000,3474.0,26756,474630,928758580.0,3475.0,46,3474.0,180
rb1805,20170927,20170926,210630500,3474.0,26774,474632,929383920.0,3475.0,53,3474.0,180
rb1805,20170927,20170926,210631000,3474.0,26880,474572,933067380.0,3475.0,2,3474.0,179
rb1805,20170927,20170926,210631500,3475.0,26898,474570,933692880.0,3476.0,58,3475.0,8
rb1805,20170927,20170926,210632000,3475.0,26944,474570,935291700.0,3476.0,46,3475.0,17
rb1805,20170927,20170926,210632500,3475.0,26948,474574,935430700.0,3476.0,45,3475.0,15
rb1805,20170927,20170926,210633000,3475.0,26972,474580,936264880.0,3476.0,30,3475.0,42
rb1805,20170927,20170926,210633500,3475.0,26974,474582,936334380.0,3476.0,29,3475.0,42
rb1805,20170927,20170926,210634000,3475.0,26974,474582,936334380.0,3476.0,36,3475.0,42
rb1805,20170927,20170926,210634500,3476.0,27054,474584,939114420.0,3476.0,45,3475.0,36
rb1805,20170927,20170926,210635000,3475.0,27088,474610,940295960.0,3476.0,58,3475.0,21
rb1805,20170927,20170926,210635500,3476.0,27104,474612,940851980.0,3476.0,62,3475.0,20
rb1805,20170927,20170926,210636000,3475.0,27108,474614,940990980.0,3476.0,62,3475.0,12
rb1805,20170927,20170926,210636500,3475.0,27120,474606,941407980.0,3476.0,65,3475.0,6
rb1805,20170927,20170926,210637000,3475.0,27134,474594,941894480.0,3476.0,67,3474.0,184
rb1805,20170927,20170926,210637500,3475.0,27156,474594,942658980.0,3476.0,71,3475.0,1
rb1805,20170927,20170926,210638000,3475.0,27156,474594,942658980.0,3476.0,73,3475.0,1
rb1805,20170927,20170926,210638500,3475.0,27156,474594,942658980.0,3476.0,76,3475.0,1
rb1805,20170927,20170926,210639000,3476.0,27164,474594,942937020.0,3476.0,79,3474.0,188
rb1805,20170927,20170926,210639500,3476.0,27164,474594,942937020.0,3476.0,69,3475.0,4
rb1805,20170927,20170926,210640000,3475.0,27166,474594,943006520.0,3476.0,70,3475.0,6
rb1805,20170927,20170926,210640500,3475.0,27192,474608,943910100.0,3476.0,66,3475.0,6
rb1805,20170927,20170926,210641000,3476.0,27332,474606,948776500.0,3477.0,78,3476.0,30
rb1805,20170927,20170926,210641500,3476.0,27422,474600,951905760.0,3477.0,35,3476.0,28
rb1805,20170927,20170926,210642000,3477.0,27522,474600,955382760.0,3478.0,140,3477.0,21
rb1805,20170927,20170926,210642500,3477.0,27522,474600,955382760.0,3478.0,140,3477.0,14
rb1805,20170927,20170926,210643000,3477.0,27558,474630,956634480.0,3478.0,139,3477.0,6
rb1805,20170927,20170926,210643500,3478.0,27576,474632,957260440.0,3478.0,134,3477.0,2
rb1805,20170927,20170926,210644000,3478.0,27596,474640,957955900.0,3477.0,2,3476.0,41
rb1805,20170927,20170926,210644500,3477.0,27604,474644,958234060.0,3478.0,130,3477.0,4
rb1805,20170927,20170926,210645000,3477.0,27638,474668,959416520.0,3478.0,116,3477.0,87
rb1805,20170927,20170926,210645500,3478.0,27772,474726,964075720.0,3478.0,120,3477.0,22
rb1805,20170927,20170926,210646000,3477.0,27816,474750,965605800.0,3478.0,112,3477.0,27
rb1805,20170927,20170926,210646500,3477.0,27824,474746,965884000.0,3478.0,110,3477.0,24
rb1805,20170927,20170926,210647000,3476.0,27886,474806,968039620.0,3477.0,11,3476.0,29
rb1805,20170927,20170926,210647500,3477.0,27980,474738,971308000.0,3478.0,116,3477.0,6
rb1805,20170927,20170926,210648000,3477.0,27992,474726,971725240.0,3477.0,41,3476.0,5
rb1805,20170927,20170926,210648500,3477.0,27992,474726,971725240.0,3477.0,22,3476.0,5
rb1805,20170927,20170926,210649000,3477.0,27998,474726,971933860.0,3477.0,21,3476.0,9
rb1805,20170927,20170926,210649500,3477.0,28000,474728,972003400.0,3477.0,39,3476.0,12
rb1805,20170927,20170926,210650000,3476.0,28010,474738,972351000.0,3476.0,4,3475.0,47
rb1805,20170927,20170926,210650500,3476.0,28018,474746,972629080.0,3477.0,39,3476.0,8
rb1805,20170927,20170926,210651000,3476.0,28024,474750,972837680.0,3476.0,7,3475.0,102
rb1805,20170927,20170926,210651500,3477.0,28042,474766,973463400.0,3477.0,38,3476.0,93
rb1805,20170927,20170926,210652000,3477.0,28042,474766,973463400.0,3477.0,35,3476.0,73
rb1805,20170927,20170926,210652500,3476.0,28102,474796,975549580.0,3477.0,7,3476.0,22
rb1805,20170927,20170926,210653000,3477.0,28118,474808,976105900.0,3478.0,117,3477.0,1
rb1805,20170927,20170926,210653500,3477.0,28120,474808,976175440.0,3477.0,20,3476.0,43
rb1805,20170927,20170926,210654000,3477.0,28128,474810,976453540.0,3477.0,24,3476.0,51
rb1805,20170927,20170926,210654500,3477.0,28150,474812,977218300.0,3477.0,42,3476.0,49
rb1805,20170927,20170926,210655000,3477.0,28238,474810,980278060.0,3478.0,119,3477.0,6
rb1805,20170927,20170926,210655500,3477.0,28240,474810,980347600.0,3478.0,119,3477.0,5
rb1805,20170927,20170926,210656000,3477.0,28250,474810,980695300.0,3478.0,130,3477.0,50
rb1805,20170927,20170926,210656500,3478.0,28258,474818,980973500.0,3478.0,128,3477.0,48
rb1805,20170927,20170926,210657000,3477.0,28262,474820,981112580.0,3478.0,129,3477.0,47
rb1805,20170927,20170926,210657500,3477.0,28276,474830,981599380.0,3478.0,130,3477.0,44
rb1805,20170927,20170926,210658000,3478.0,28292,474842,982155720.0,3478.0,139,3477.0,38
rb1805,20170927,20170926,210658500,3477.0,28296,474842,982294820.0,3478.0,138,3477.0,37
rb1805,20170927,20170926,210659000,3478.0,28302,474848,982503460.0,3478.0,140,3477.0,36
rb1805,20170927,20170926,210659500,3478.0,28366,474814,984729360.0,3478.0,109,3477.0,35
rb1805,20170927,20170926,210700000,3478.0,28470,474808,988346460.0,3478.0,58,3477.0,34
rb1805,20170927,20170926,210700500,3477.0,28544,474876,990919440.0,3477.0,4,3476.0,56
rb1805,20170927,20170926,210701000,3478.0,28556,474888,991336720.0,3478.0,63,3477.0,25
rb1805,20170927,20170926,210701500,3478.0,28572,474892,991893180.0,3478.0,86,3477.0,19
rb1805,20170927,20170926,210702000,3478.0,28584,474902,992310440.0,3478.0,98,3477.0,14
rb1805,20170927,20170926,210702500,3477.0,28606,474902,993075400.0,3478.0,98,3477.0,30
rb1805,20170927,20170926,210703000,3477.0,28606,474902,993075400.0,3478.0,100,3477.0,41
rb1805,20170927,20170926,210703500,3478.0,28614,474904,993353620.0,3478.0,104,3477.0,41
rb1805,20170927,20170926,210704000,3478.0,28620,474908,993562260.0,3478.0,94,3477.0,39
rb1805,20170927,20170926,210704500,3477.0,28630,474914,993909960.0,3478.0,95,3477.0,34
rb1805,20170927,20170926,210705000,3477.0,28642,474918,994327200.0,3478.0,96,3477.0,32
rb1805,20170927,20170926,210705500,3477.0,28670,474918,995300820.0,3478.0,95,3477.0,22
rb1805,20170927,20170926,210706000,3477.0,28674,474920,995439920.0,3478.0,95,3477.0,19
rb1805,20170927,20170926,210706500,3477.0,28680,474918,995648540.0,3478.0,96,3477.0,17
rb1805,20170927,20170926,210707000,3477.0,28688,474918,995926720.0,3478.0,96,3477.0,21
rb1805,20170927,20170926,210707500,3477.0,28700,474924,996343980.0,3478.0,96,3477.0,14
rb1805,20170927,20170926,210708000,3477.0,28716,474936,996900320.0,3478.0,98,3477.0,8
rb1805,20170927,20170926,210708500,3478.0,28936,475052,1004551920.0,3479.0,184,3478.0,58
rb1805,20170927,20170926,210709000,3477.0,29068,475050,1009142720.0,3478.0,136,3477.0,13
rb1805,20170927,20170926,210709500,3477.0,29098,475054,1010185820.0,3477.0,30,3476.0,66
rb1805,20170927,20170926,210710000,3478.0,29256,475158,1015679080.0,3477.0,14,3476.0,27
rb1805,20170927,20170926,210710500,3476.0,29320,475186,1017903720.0,3476.0,20,3475.0,207
rb1805,20170927,20170926,210711000,3477.0,29448,475182,1022353660.0,3477.0,2,3476.0,21
rb1805,20170927,20170926,210711500,3477.0,29500,475220,1024161220.0,3477.0,25,3476.0,56
rb1805,20170927,20170926,210712000,3476.0,29536,475240,1025412580.0,3477.0,51,3476.0,32
rb1805,20170927,20170926,210712500,3476.0,29552,475246,1025968740.0,3477.0,51,3475.0,203
rb1805,20170927,20170926,210713000,3476.0,29558,475240,1026177300.0,3476.0,8,3475.0,201
rb1805,20170927,20170926,210713500,3476.0,29622,475240,1028402160.0,3477.0,16,3476.0,23
rb1805,20170927,20170926,210714000,3476.0,29632,475238,1028749820.0,3477.0,13,3476.0,42
rb1805,20170927,20170926,210714500,3476.0,29632,475238,1028749820.0,3477.0,31,3476.0,43
rb1805,20170927,20170926,210715000,3476.0,29634,475238,1028819340.0,3477.0,32,3476.0,40
rb1805,20170927,20170926,210715500,3477.0,29692,475246,1030836000.0,3477.0,3,3476.0,18
rb1805,20170927,20170926,210716000,3477.0,29740,475280,1032504560.0,3478.0,101,3477.0,3
rb1805,20170927,20170926,210716500,3477.0,29740,475280,1032504560.0,3478.0,99,3477.0,13
rb1805,20170927,20170926,210717000,3477.0,29772,475278,1033617440.0,3478.0,87,3477.0,13
rb1805,20170927,20170926,210717500,3477.0,29778,475282,1033826060.0,3478.0,103,3477.0,13
rb1805,20170927,20170926,210718000,3477.0,29802,475276,1034660540.0,3477.0,3,3476.0,22
rb1805,20170927,20170926,210718500,3477.0,29808,475282,1034869160.0,3478.0,104,3477.0,52
rb1805,20170927,20170926,210719000,3477.0,29808,475282,1034869160.0,3478.0,109,3477.0,48
rb1805,20170927,20170926,210719500,3477.0,29808,475282,1034869160.0,3478.0,110,3477.0,48
rb1805,20170927,20170926,210720000,3477.0,29810,475284,1034938700.0,3478.0,112,3477.0,49
rb1805,20170927,20170926,210720500,3477.0,29816,475284,1035147320.0,3478.0,112,3477.0,46
rb1805,20170927,20170926,210721000,3478.0,29824,475286,1035425500.0,3478.0,120,3477.0,46
rb1805,20170927,20170926,210721500,3478.0,29860,475318,1036677240.0,3478.0,117,3477.0,29
rb1805,20170927,20170926,210722000,3477.0,29878,475330,1037303100.0,3478.0,147,3477.0,29
rb1805,20170927,20170926,210722500,3477.0,29936,475330,1039319760.0,3477.0,50,3476.0,25
rb1805,20170927,20170926,210723000,3476.0,29944,475330,1039597840.0,3477.0,8,3476.0,6
rb1805,20170927,20170926,210723500,3477.0,29958,475338,1040084620.0,3477.0,22,3476.0,9
rb1805,20170927,20170926,210724000,3477.0,30020,475376,1042240360.0,3478.0,107,3477.0,32
rb1805,20170927,20170926,210724500,3478.0,30142,475442,1046482320.0,3478.0,106,3477.0,15
rb1805,20170927,20170926,210725000,3478.0,30142,475442,1046482320.0,3478.0,97,3477.0,15
rb1805,20170927,20170926,210725500,3477.0,30192,475476,1048221200.0,3477.0,11,3476.0,178
rb1805,20170927,20170926,210726000,3477.0,30216,475500,1049055680.0,3478.0,77,3477.0,72
rb1805,20170927,20170926,210726500,3477.0,30220,475496,1049194760.0,3478.0,76,3477.0,45
rb1805,20170927,20170926,210727000,3478.0,30272,475508,1051003300.0,3478.0,73,3477.0,29
rb1805,20170927,20170926,210727500,3477.0,30278,475508,1051211940.0,3478.0,73,3477.0,27
rb1805,20170927,20170926,210728000,3477.0,30280,475506,1051281480.0,3478.0,74,3477.0,27
rb1805,20170927,20170926,210728500,3477.0,30290,475506,1051629200.0,3478.0,73,3477.0,24
rb1805,20170927,20170926,210729000,3477.0,30344,475462,1053507300.0,3478.0,47,3477.0,23
rb1805,20170927,20170926,210729500,3477.0,30360,475462,1054063620.0,3478.0,49,3477.0,17
rb1805,20170927,20170926,210730000,3477.0,30376,475456,1054620000.0,3478.0,48,3477.0,15
rb1805,20170927,20170926,210730500,3478.0,30378,475456,1054689560.0,3478.0,48,3477.0,15
rb1805,20170927,20170926,210731000,3478.0,30378,475456,1054689560.0,3478.0,49,3477.0,15
rb1805,20170927,20170926,210731500,3477.0,30380,475456,1054759100.0,3478.0,49,3477.0,29
rb1805,20170927,20170926,210732000,3477.0,30408,475474,1055732660.0,3478.0,55,3477.0,18
rb1805,20170927,20170926,210732500,3478.0,30416,475466,1056010900.0,3478.0,54,3477.0,22
rb1805,20170927,20170926,210733000,3478.0,30416,475466,1056010900.0,3478.0,74,3477.0,22
rb1805,20170927,20170926,210733500,3477.0,30424,475470,1056289080.0,3478.0,73,3477.0,28
rb1805,20170927,20170926,210734000,3477.0,30428,475472,1056428180.0,3478.0,72,3477.0,27
rb1805,20170927,20170926,210734500,3477.0,30432,475474,1056567260.0,3478.0,75,3477.0,22
rb1805,20170927,20170926,210735000,3477.0,30436,475476,1056706340.0,3478.0,77,3477.0,20
rb1805,20170927,20170926,210735500,3477.0,30458,475458,1057471380.0,3478.0,72,3477.0,15
rb1805,20170927,20170926,210736000,3477.0,30460,475458,1057540920.0,3478.0,72,3477.0,7
rb1805,20170927,20170926,210736500,3477.0,30460,475458,1057540920.0,3478.0,72,3477.0,7
rb1805,20170927,20170926,210737000,3477.0,30466,475458,1057749540.0,3478.0,87,3477.0,5
rb1805,20170927,20170926,210737500,3477.0,30476,475458,1058097240.0,3477.0,2,3476.0,235
rb1805,20170927,20170926,210738000,3477.0,30506,475462,1059140360.0,3478.0,87,3477.0,65
rb1805,20170927,20170926,210738500,3478.0,30690,475548,1065539960.0,3479.0,192,3478.0,11
rb1805,20170927,20170926,210739000,3479.0,30850,475488,1071103520.0,3479.0,183,3478.0,26
rb1805,20170927,20170926,210739500,3478.0,30908,475510,1073120920.0,3479.0,178,3478.0,13
rb1805,20170927,20170926,210740000,3479.0,30912,475508,1073260080.0,3479.0,176,3478.0,20
rb1805,20170927,20170926,210740500,3479.0,31060,475530,1078409000.0,3479.0,102,3478.0,21
rb1805,20170927,20170926,210741000,3479.0,31248,475526,1084949520.0,3479.0,10,3478.0,25
rb1805,20170927,20170926,210741500,3479.0,31290,475510,1086410700.0,3480.0,328,3479.0,44
rb1805,20170927,20170926,210742000,3479.0,31326,475500,1087663440.0,3480.0,313,3479.0,33
rb1805,20170927,20170926,210742500,3479.0,31366,475504,1089055420.0,3480.0,295,3479.0,22
rb1805,20170927,20170926,210743000,3480.0,31376,475506,1089403400.0,3480.0,291,3479.0,25
rb1805,20170927,20170926,210743500,3478.0,31550,475408,1095457560.0,3479.0,60,3478.0,40
rb1805,20170927,20170926,210744000,3480.0,31690,475474,1100328360.0,3480.0,246,3479.0,47
rb1805,20170927,20170926,210744500,3480.0,31736,475464,1101929160.0,3480.0,223,3479.0,53
rb1805,20170927,20170926,210745000,3479.0,31806,475522,1104365040.0,3480.0,194,3479.0,72
rb1805,20170927,20170926,210745500,3480.0,31852,475522,1105965820.0,3480.0,173,3479.0,94
rb1805,20170927,20170926,210746000,3479.0,31872,475510,1106661780.0,3480.0,165,3479.0,99
rb1805,20170927,20170926,210746500,3480.0,31884,475516,1107079340.0,3480.0,161,3479.0,110
rb1805,20170927,20170926,210747000,3479.0,31890,475520,1107288100.0,3480.0,164,3479.0,123
rb1805,20170927,20170926,210747500,3480.0,31900,475526,1107636060.0,3480.0,161,3479.0,122
rb1805,20170927,20170926,210748000,3480.0,31964,475516,1109862920.0,3480.0,149,3479.0,115
rb1805,20170927,20170926,210748500,3480.0,31972,475518,1110141300.0,3480.0,147,3479.0,114
rb1805,20170927,20170926,210749000,3480.0,31976,475522,1110280500.0,3480.0,150,3479.0,113
rb1805,20170927,20170926,210749500,3480.0,32004,475532,1111254900.0,3480.0,143,3479.0,126
rb1805,20170927,20170926,210750000,3480.0,32022,475540,1111881300.0,3480.0,137,3479.0,116
rb1805,20170927,20170926,210750500,3480.0,32142,475634,1116057300.0,3480.0,79,3479.0,118
rb1805,20170927,20170926,210751000,3480.0,32230,475670,1119119640.0,3480.0,38,3479.0,114
rb1805,20170927,20170926,210751500,3480.0,32310,475634,1121903620.0,3481.0,107,3480.0,2
rb1805,20170927,20170926,210752000,3480.0,32352,475632,1123365220.0,3480.0,10,3479.0,93
rb1805,20170927,20170926,210752500,3479.0,32360,475636,1123643600.0,3480.0,26,3479.0,84
rb1805,20170927,20170926,210753000,3480.0,32366,475640,1123852400.0,3480.0,46,3479.0,84
rb1805,20170927,20170926,210753500,3480.0,32388,475638,1124617900.0,3480.0,50,3479.0,68
rb1805,20170927,20170926,210754000,3480.0,32492,475682,1128236880.0,3480.0,61,3479.0,57
rb1805,20170927,20170926,210754500,3480.0,32502,475686,1128584840.0,3480.0,62,3479.0,56
rb1805,20170927,20170926,210755000,3480.0,32506,475690,1128724040.0,3480.0,72,3479.0,58
rb1805,20170927,20170926,210755500,3480.0,32564,475670,1130741880.0,3480.0,72,3479.0,31
rb1805,20170927,20170926,210756000,3480.0,32566,475672,1130811480.0,3480.0,74,3479.0,71
rb1805,20170927,20170926,210756500,3479.0,32596,475656,1131855180.0,3480.0,35,3479.0,72
rb1805,20170927,20170926,210757000,3480.0,32630,475678,1133038100.0,3480.0,33,3479.0,63
rb1805,20170927,20170926,210757500,3479.0,32646,475678,1133594860.0,3480.0,77,3479.0,62
rb1805,20170927,20170926,210758000,3479.0,32666,475694,1134290720.0,3480.0,87,3479.0,63
rb1805,20170927,20170926,210758500,3480.0,32688,475714,1135056120.0,3480.0,89,3479.0,55
rb1805,20170927,20170926,210759000,3479.0,32698,475724,1135404020.0,3480.0,92,3479.0,51
rb1805,20170927,20170926,210759500,3480.0,32724,475746,1136308780.0,3480.0,85,3479.0,49
rb1805,20170927,20170926,210800000,3479.0,32744,475750,1137004700.0,3480.0,81,3479.0,49
rb1805,20170927,20170926,210800500,3479.0,32750,475752,1137213460.0,3480.0,81,3479.0,57
rb1805,20170927,20170926,210801000,3479.0,32840,475744,1140344560.0,3480.0,91,3479.0,28
rb1805,20170927,20170926,210801500,3480.0,32850,475748,1140692500.0,3480.0,92,3479.0,25
rb1805,20170927,20170926,210802000,3479.0,32856,475748,1140901240.0,3480.0,93,3479.0,22
rb1805,20170927,20170926,210802500,3479.0,32880,475758,1141736300.0,3480.0,96,3479.0,15
rb1805,20170927,20170926,210803000,3479.0,32904,475760,1142571260.0,3480.0,98,3479.0,7
rb1805,20170927,20170926,210803500,3479.0,32920,475764,1143127900.0,3479.0,25,3478.0,103
rb1805,20170927,20170926,210804000,3479.0,32928,475762,1143406200.0,3479.0,24,3478.0,107
rb1805,20170927,20170926,210804500,3479.0,32930,475764,1143475780.0,3479.0,43,3478.0,100
rb1805,20170927,20170926,210805000,3479.0,32930,475764,1143475780.0,3479.0,46,3478.0,97
rb1805,20170927,20170926,210805500,3479.0,32944,475778,1143962840.0,3479.0,44,3478.0,97
rb1805,20170927,20170926,210806000,3479.0,32946,475778,1144032420.0,3479.0,44,3478.0,97
rb1805,20170927,20170926,210806500,3479.0,32960,475790,1144519480.0,3479.0,41,3478.0,97
rb1805,20170927,20170926,210807000,3479.0,32964,475790,1144658640.0,3479.0,41,3478.0,99
rb1805,20170927,20170926,210807500,3479.0,32964,475790,1144658640.0,3479.0,41,3478.0,111
rb1805,20170927,20170926,210808000,3479.0,32970,475792,1144867360.0,3479.0,39,3478.0,60
rb1805,20170927,20170926,210808500,3479.0,32980,475802,1145215260.0,3479.0,35,3478.0,57
rb1805,20170927,20170926,210809000,3478.0,32990,475804,1145563120.0,3479.0,32,3478.0,55
rb1805,20170927,20170926,210809500,3479.0,33010,475810,1146258920.0,3479.0,23,3478.0,55
rb1805,20170927,20170926,210810000,3478.0,33046,475814,1147511300.0,3479.0,26,3478.0,52
rb1805,20170927,20170926,210810500,3479.0,33060,475824,1147998320.0,3479.0,22,3478.0,50
rb1805,20170927,20170926,210811000,3478.0,33062,475826,1148067880.0,3479.0,23,3478.0,50
rb1805,20170927,20170926,210811500,3479.0,33064,475828,1148137460.0,3479.0,24,3478.0,52
rb1805,20170927,20170926,210812000,3478.0,33068,475826,1148276580.0,3479.0,24,3478.0,51
rb1805,20170927,20170926,210812500,3478.0,33100,475830,1149389740.0,3479.0,18,3478.0,45
rb1805,20170927,20170926,210813000,3478.0,33100,475830,1149389740.0,3479.0,22,3478.0,46
rb1805,20170927,20170926,210813500,3478.0,33100,475830,1149389740.0,3479.0,27,3478.0,56
rb1805,20170927,20170926,210814000,3478.0,33148,475864,1151059620.0,3479.0,9,3478.0,54
rb1805,20170927,20170926,210814500,3478.0,33150,475862,1151129180.0,3479.0,24,3478.0,53
rb1805,20170927,20170926,210815000,3478.0,33160,475854,1151476980.0,3479.0,27,3478.0,48
rb1805,20170927,20170926,210815500,3478.0,33200,475864,1152868180.0,3479.0,29,3478.0,27
rb1805,20170927,20170926,210816000,3477.0,33256,475894,1154815840.0,3478.0,8,3477.0,241
rb1805,20170927,20170926,210816500,3477.0,33256,475894,1154815840.0,3478.0,10,3477.0,239
rb1805,20170927,20170926,210817000,3477.0,33266,475894,1155163540.0,3478.0,11,3477.0,224
rb1805,20170927,20170926,210817500,3478.0,33278,475896,1155580880.0,3478.0,7,3477.0,224
rb1805,20170927,20170926,210818000,3478.0,33294,475896,1156137360.0,3479.0,32,3478.0,10
rb1805,20170927,20170926,210818500,3478.0,33308,475898,1156624280.0,3479.0,22,3478.0,47
rb1805,20170927,20170926,210819000,3478.0,33310,475900,1156693840.0,3479.0,23,3478.0,40
rb1805,20170927,20170926,210819500,3478.0,33364,475946,1158572460.0,3480.0,236,3478.0,14
rb1805,20170927,20170926,210820000,3478.0,33364,475946,1158572460.0,3479.0,5,3478.0,23
rb1805,20170927,20170926,210820500,3478.0,33370,475946,1158781140.0,3479.0,5,3478.0,20
rb1805,20170927,20170926,210821000,3478.0,33370,475946,1158781140.0,3479.0,5,3478.0,38
rb1805,20170927,20170926,210821500,3480.0,33384,475950,1159268220.0,3480.0,234,3479.0,75
rb1805,20170927,20170926,210822000,3479.0,33388,475948,1159407380.0,3480.0,235,3479.0,69
rb1805,20170927,20170926,210822500,3479.0,33452,475948,1161634460.0,3480.0,209,3479.0,64
rb1805,20170927,20170926,210823000,3479.0,33468,475944,1162191100.0,3480.0,209,3479.0,56
rb1805,20170927,20170926,210823500,3479.0,33468,475944,1162191100.0,3480.0,210,3479.0,56
rb1805,20170927,20170926,210824000,3480.0,33470,475942,1162260700.0,3480.0,209,3479.0,56
rb1805,20170927,20170926,210824500,3479.0,33484,475938,1162747780.0,3480.0,208,3479.0,35
rb1805,20170927,20170926,210825000,3479.0,33506,475934,1163513260.0,3480.0,207,3479.0,39
rb1805,20170927,20170926,210825500,3479.0,33508,475936,1163582840.0,3480.0,207,3479.0,38
rb1805,20170927,20170926,210826000,3480.0,33514,475936,1163791600.0,3480.0,208,3479.0,46
rb1805,20170927,20170926,210826500,3479.0,33548,475906,1164974460.0,3480.0,208,3479.0,29
rb1805,20170927,20170926,210827000,3479.0,33552,475904,1165113620.0,3480.0,208,3479.0,29
rb1805,20170927,20170926,210827500,3479.0,33554,475904,1165183200.0,3480.0,207,3479.0,29
rb1805,20170927,20170926,210828000,3479.0,33592,475906,1166505220.0,3480.0,208,3479.0,11
rb1805,20170927,20170926,210828500,3479.0,33592,475906,1166505220.0,3480.0,209,3479.0,22
rb1805,20170927,20170926,210829000,3480.0,33650,475910,1168523600.0,3480.0,181,3479.0,23
rb1805,20170927,20170926,210829500,3479.0,34016,476188,1181260380.0,3481.0,110,3479.0,29
rb1805,20170927,20170926,210830000,3481.0,34036,476194,1181956440.0,3481.0,106,3480.0,12
rb1805,20170927,20170926,210830500,3482.0,34498,476244,1198039960.0,3482.0,28,3481.0,7
rb1805,20170927,20170926,210831000,3483.0,34826,476018,1209463620.0,3484.0,158,3483.0,5
rb1805,20170927,20170926,210831500,3484.0,35084,475872,1218451360.0,3484.0,71,3482.0,45
rb1805,20170927,20170926,210832000,3484.0,35284,475876,1225419400.0,3485.0,171,3484.0,4
rb1805,20170927,20170926,210832500,3482.0,35350,475866,1227717880.0,3484.0,37,3482.0,50
rb1805,20170927,20170926,210833000,3482.0,35380,475874,1228762880.0,3484.0,37,3482.0,35
rb1805,20170927,20170926,210833500,3482.0,35398,475868,1229389800.0,3484.0,82,3482.0,38
rb1805,20170927,20170926,210834000,3482.0,35518,475762,1233568200.0,3483.0,4,3482.0,15
rb1805,20170927,20170926,210834500,3483.0,35570,475766,1235378920.0,3483.0,7,3481.0,19
rb1805,20170927,20170926,210835000,3483.0,35592,475770,1236145060.0,3483.0,38,3481.0,64
rb1805,20170927,20170926,210835500,3481.0,35618,475768,1237050140.0,3482.0,15,3481.0,9
rb1805,20170927,20170926,210836000,3482.0,35646,475792,1238025100.0,3482.0,6,3481.0,5
rb1805,20170927,20170926,210836500,3482.0,35674,475802,1239000060.0,3483.0,54,3482.0,4
rb1805,20170927,20170926,210837000,3483.0,35702,475822,1239975100.0,3483.0,40,3482.0,31
rb1805,20170927,20170926,210837500,3482.0,35766,475876,1242203580.0,3482.0,2,3481.0,48
rb1805,20170927,20170926,210838000,3482.0,35780,475872,1242691040.0,3483.0,56,3482.0,1
rb1805,20170927,20170926,210838500,3481.0,35790,475874,1243039220.0,3482.0,12,3481.0,17
rb1805,20170927,20170926,210839000,3482.0,35796,475874,1243248140.0,3482.0,11,3481.0,14
rb1805,20170927,20170926,210839500,3481.0,35800,475872,1243387400.0,3482.0,15,3481.0,13
rb1805,20170927,20170926,210840000,3482.0,35836,475882,1244640920.0,3483.0,62,3482.0,51
rb1805,20170927,20170926,210840500,3482.0,35914,475930,1247356900.0,3483.0,61,3482.0,24
rb1805,20170927,20170926,210841000,3482.0,36116,475956,1254390540.0,3483.0,61,3482.0,23
rb1805,20170927,20170926,210841500,3482.0,36184,475956,1256758280.0,3482.0,7,3481.0,18
rb1805,20170927,20170926,210842000,3482.0,36186,475958,1256827920.0,3482.0,8,3481.0,23
rb1805,20170927,20170926,210842500,3482.0,36198,475958,1257245760.0,3483.0,63,3481.0,25
rb1805,20170927,20170926,210843000,3482.0,36200,475958,1257315400.0,3483.0,53,3482.0,62
rb1805,20170927,20170926,210843500,3482.0,36280,475964,1260101720.0,3483.0,18,3482.0,59
rb1805,20170927,20170926,210844000,3483.0,36328,475960,1261773520.0,3484.0,84,3483.0,21
rb1805,20170927,20170926,210844500,3483.0,36336,475968,1262052160.0,3484.0,84,3483.0,18
rb1805,20170927,20170926,210845000,3484.0,36370,475970,1263236520.0,3484.0,77,3483.0,1
rb1805,20170927,20170926,210845500,3483.0,36382,475970,1263654460.0,3484.0,87,3482.0,62
rb1805,20170927,20170926,210846000,3483.0,36386,475972,1263793780.0,3484.0,88,3483.0,1
rb1805,20170927,20170926,210846500,3483.0,36396,475972,1264142060.0,3483.0,5,3482.0,66
rb1805,20170927,20170926,210847000,3483.0,36400,475972,1264281360.0,3483.0,18,3482.0,55
rb1805,20170927,20170926,210847500,3482.0,36532,475866,1268879700.0,3484.0,38,3483.0,1
rb1805,20170927,20170926,210848000,3483.0,36550,475866,1269506620.0,3483.0,7,3482.0,65
rb1805,20170927,20170926,210848500,3482.0,36552,475866,1269576260.0,3483.0,7,3482.0,64
rb1805,20170927,20170926,210849000,3483.0,36560,475860,1269854860.0,3483.0,6,3482.0,62
rb1805,20170927,20170926,210849500,3483.0,36564,475860,1269994180.0,3483.0,10,3482.0,62
rb1805,20170927,20170926,210850000,3482.0,36566,475858,1270063820.0,3483.0,20,3482.0,62
rb1805,20170927,20170926,210850500,3482.0,36574,475850,1270342380.0,3483.0,48,3482.0,60
rb1805,20170927,20170926,210851000,3483.0,36590,475856,1270899540.0,3483.0,66,3482.0,51
rb1805,20170927,20170926,210851500,3482.0,36612,475870,1271665780.0,3483.0,48,3482.0,50
rb1805,20170927,20170926,210852000,3483.0,36718,475918,1275357760.0,3484.0,51,3483.0,8
rb1805,20170927,20170926,210852500,3483.0,36740,475930,1276124000.0,3484.0,51,3483.0,3
rb1805,20170927,20170926,210853000,3484.0,36828,475918,1279189240.0,3484.0,41,3483.0,8
rb1805,20170927,20170926,210853500,3482.0,36922,475908,1282463160.0,3483.0,37,3482.0,44
rb1805,20170927,20170926,210854000,3482.0,36940,475908,1283090060.0,3483.0,30,3482.0,43
rb1805,20170927,20170926,210854500,3482.0,36950,475908,1283438320.0,3483.0,30,3482.0,36
rb1805,20170927,20170926,210855000,3483.0,36962,475898,1283856280.0,3483.0,71,3482.0,37
rb1805,20170927,20170926,210855500,3483.0,36980,475898,1284483180.0,3483.0,77,3482.0,35
rb1805,20170927,20170926,210856000,3483.0,37018,475908,1285806520.0,3483.0,68,3482.0,25
rb1805,20170927,20170926,210856500,3483.0,37034,475906,1286363800.0,3483.0,71,3482.0,25
rb1805,20170927,20170926,210857000,3482.0,37068,475886,1287547700.0,3483.0,70,3482.0,9
rb1805,20170927,20170926,210857500,3482.0,37078,475878,1287895900.0,3483.0,70,3482.0,13
rb1805,20170927,20170926,210858000,3483.0,37082,475880,1288035220.0,3483.0,71,3482.0,13
rb1805,20170927,20170926,210858500,3483.0,37084,475880,1288104880.0,3483.0,76,3482.0,17
rb1805,20170927,20170926,210859000,3483.0,37144,475880,1290194680.0,3483.0,56,3482.0,16
rb1805,20170927,20170926,210859500,3482.0,37196,475888,1292005720.0,3483.0,37,3482.0,14
rb1805,20170927,20170926,210900000,3483.0,37204,475880,1292284360.0,3483.0,33,3482.0,11
rb1805,20170927,20170926,210900500,3483.0,37224,475886,1292980920.0,3483.0,29,3482.0,25
rb1805,20170927,20170926,210901000,3482.0,37228,475888,1293120220.0,3483.0,30,3482.0,25
rb1805,20170927,20170926,210901500,3483.0,37234,475890,1293329200.0,3483.0,30,3482.0,32
rb1805,20170927,20170926,210902000,3482.0,37302,475920,1295697580.0,3483.0,1,3482.0,30
rb1805,20170927,20170926,210902500,3483.0,37310,475922,1295976180.0,3483.0,39,3482.0,30
rb1805,20170927,20170926,210903000,3482.0,37356,475960,1297578340.0,3483.0,19,3482.0,79
rb1805,20170927,20170926,210903500,3482.0,37372,475962,1298135460.0,3483.0,31,3482.0,71
rb1805,20170927,20170926,210904000,3483.0,37386,475972,1298623060.0,3483.0,34,3482.0,69
rb1805,20170927,20170926,210904500,3482.0,37420,476006,1299807100.0,3483.0,40,3482.0,60
rb1805,20170927,20170926,210905000,3483.0,37422,476006,1299876760.0,3483.0,40,3482.0,60
rb1805,20170927,20170926,210905500,3482.0,37532,476006,1303706960.0,3483.0,43,3482.0,11
rb1805,20170927,20170926,210906000,3482.0,37532,476006,1303706960.0,3483.0,44,3482.0,19
rb1805,20170927,20170926,210906500,3482.0,37576,476046,1305239040.0,3482.0,31,3481.0,38
rb1805,20170927,20170926,210907000,3482.0,37638,476108,1307397880.0,3482.0,6,3481.0,50
rb1805,20170927,20170926,210907500,3482.0,37678,476122,1308790720.0,3483.0,29,3482.0,4
rb1805,20170927,20170926,210908000,3482.0,37690,476122,1309208560.0,3482.0,15,3481.0,51
rb1805,20170927,20170926,210908500,3481.0,37696,476124,1309417420.0,3482.0,12,3481.0,39
rb1805,20170927,20170926,210909000,3481.0,37700,476122,1309556680.0,3482.0,12,3481.0,38
rb1805,20170927,20170926,210909500,3482.0,37714,476136,1310044160.0,3483.0,48,3482.0,35
rb1805,20170927,20170926,210910000,3482.0,37724,476146,1310392360.0,3483.0,48,3482.0,48
rb1805,20170927,20170926,210910500,3482.0,37728,476150,1310531640.0,3483.0,44,3482.0,47
rb1805,20170927,20170926,210911000,3482.0,37744,476152,1311088760.0,3483.0,47,3482.0,39
rb1805,20170927,20170926,210911500,3482.0,37754,476162,1311436960.0,3483.0,43,3482.0,34
rb1805,20170927,20170926,210912000,3482.0,37756,476164,1311506600.0,3483.0,44,3482.0,33
rb1805,20170927,20170926,210912500,3482.0,37826,476150,1313944000.0,3482.0,61,3481.0,40
rb1805,20170927,20170926,210913000,3481.0,37906,476114,1316728800.0,3481.0,2,3480.0,92
rb1805,20170927,20170926,210913500,3482.0,37940,476124,1317912540.0,3482.0,72,3481.0,17
rb1805,20170927,20170926,210914000,3480.0,37978,476156,1319235280.0,3481.0,52,3480.0,70
rb1805,20170927,20170926,210914500,3480.0,37978,476156,1319235280.0,3481.0,49,3480.0,71
rb1805,20170927,20170926,210915000,3481.0,37980,476158,1319304900.0,3481.0,32,3480.0,83
rb1805,20170927,20170926,210915500,3481.0,37992,476170,1319722620.0,3481.0,29,3480.0,83
rb1805,20170927,20170926,210916000,3480.0,37994,476172,1319792220.0,3481.0,42,3480.0,87
rb1805,20170927,20170926,210916500,3480.0,37996,476174,1319861820.0,3481.0,42,3480.0,86
rb1805,20170927,20170926,210917000,3480.0,37996,476174,1319861820.0,3481.0,42,3480.0,86
rb1805,20170927,20170926,210917500,3481.0,38018,476194,1320627620.0,3481.0,32,3480.0,101
rb1805,20170927,20170926,210918000,3481.0,38024,476198,1320836460.0,3481.0,30,3480.0,101
rb1805,20170927,20170926,210918500,3480.0,38026,476198,1320906060.0,3481.0,30,3480.0,100
rb1805,20170927,20170926,210919000,3480.0,38088,476234,1323063680.0,3481.0,30,3480.0,71
rb1805,20170927,20170926,210919500,3481.0,38094,476236,1323272540.0,3481.0,27,3480.0,72
rb1805,20170927,20170926,210920000,3480.0,38096,476238,1323342140.0,3481.0,28,3480.0,72
rb1805,20170927,20170926,210920500,3480.0,38120,476262,1324177340.0,3481.0,28,3480.0,68
rb1805,20170927,20170926,210921000,3481.0,38130,476270,1324525420.0,3481.0,24,3480.0,67
rb1805,20170927,20170926,210921500,3480.0,38144,476282,1325012640.0,3481.0,23,3480.0,61
rb1805,20170927,20170926,210922000,3480.0,38146,476284,1325082240.0,3481.0,25,3480.0,63
rb1805,20170927,20170926,210922500,3480.0,38146,476284,1325082240.0,3481.0,25,3480.0,72
rb1805,20170927,20170926,210923000,3480.0,38146,476284,1325082240.0,3481.0,27,3480.0,68
rb1805,20170927,20170926,210923500,3480.0,38170,476270,1325917440.0,3481.0,27,3480.0,56
rb1805,20170927,20170926,210924000,3480.0,38176,476270,1326126260.0,3481.0,30,3480.0,54
rb1805,20170927,20170926,210924500,3480.0,38228,476292,1327936100.0,3481.0,22,3480.0,40
rb1805,20170927,20170926,210925000,3480.0,38232,476292,1328075300.0,3481.0,28,3480.0,38
rb1805,20170927,20170926,210925500,3480.0,38244,476300,1328492900.0,3481.0,28,3480.0,33
rb1805,20170927,20170926,210926000,3480.0,38304,476276,1330581460.0,3481.0,8,3480.0,47
rb1805,20170927,20170926,210926500,3480.0,38312,476276,1330859860.0,3481.0,13,3480.0,43
rb1805,20170927,20170926,210927000,3481.0,38384,476296,1333366180.0,3482.0,50,3481.0,87
rb1805,20170927,20170926,210927500,3481.0,38414,476322,1334410760.0,3482.0,20,3481.0,54
rb1805,20170927,20170926,210928000,3482.0,38462,476332,1336081980.0,3482.0,8,3481.0,56
rb1805,20170927,20170926,210928500,3482.0,38526,476326,1338310180.0,3483.0,60,3482.0,6
rb1805,20170927,20170926,210929000,3482.0,38528,476326,1338379820.0,3483.0,45,3482.0,11
rb1805,20170927,20170926,210929500,3482.0,38528,476326,1338379820.0,3483.0,53,3482.0,28
rb1805,20170927,20170926,210930000,3482.0,38540,476326,1338797660.0,3483.0,59,3482.0,16
rb1805,20170927,20170926,210930500,3482.0,38552,476324,1339215500.0,3483.0,70,3482.0,10
rb1805,20170927,20170926,210931000,3482.0,38552,476324,1339215500.0,3483.0,69,3482.0,11
rb1805,20170927,20170926,210931500,3482.0,38556,476322,1339354780.0,3483.0,71,3482.0,9
rb1805,20170927,20170926,210932000,3482.0,38562,476322,1339563700.0,3483.0,77,3482.0,11
rb1805,20170927,20170926,210932500,3482.0,38574,476316,1339981540.0,3483.0,87,3482.0,5
rb1805,20170927,20170926,210933000,3482.0,38584,476306,1340329740.0,3482.0,43,3481.0,31
