instrument,tradingday,calendarday,time,lastp,volume,openinterest,turnover,ask1,asksz1,bid1,bidsz1
rb1805,20171127,20171124,192227500,3814.0,0,2362552,0.0,0.0,0,0.0,0
rb1805,20171127,20171124,205900500,3815.0,2450,2363016,93467500.0,3816.0,31,3815.0,190
rb1805,20171127,20171124,210000500,3818.0,3302,2363044,125977600.0,3818.0,535,3816.0,5
rb1805,20171127,20171124,210001000,3815.0,5122,2363098,195441960.0,3816.0,165,3815.0,627
rb1805,20171127,20171124,210001500,3817.0,6486,2363466,247495520.0,3818.0,236,3817.0,2
rb1805,20171127,20171124,210002000,3818.0,6760,2363620,257956100.0,3818.0,124,3817.0,457
rb1805,20171127,20171124,210002500,3818.0,7070,2363576,269792220.0,3819.0,202,3818.0,466
rb1805,20171127,20171124,210003000,3820.0,8098,2363750,309054760.0,3820.0,42,3819.0,77
rb1805,20171127,20171124,210003500,3820.0,8792,2363930,335568660.0,3823.0,337,3820.0,251
rb1805,20171127,20171124,210004000,3823.0,9514,2363802,363166560.0,3823.0,157,3821.0,24
rb1805,20171127,20171124,210004500,3823.0,10460,2363370,399333100.0,3824.0,455,3823.0,63
rb1805,20171127,20171124,210005000,3824.0,10950,2363304,418067960.0,3824.0,350,3822.0,34
rb1805,20171127,20171124,210005500,3823.0,11704,2363220,446895740.0,3823.0,5,3821.0,95
rb1805,20171127,20171124,210006000,3823.0,12254,2363246,467921300.0,3823.0,89,3822.0,10
rb1805,20171127,20171124,210006500,3822.0,12918,2363432,493306840.0,3822.0,53,3821.0,93
rb1805,20171127,20171124,210007000,3823.0,13266,2363422,506608280.0,3823.0,1,3822.0,75
rb1805,20171127,20171124,210007500,3822.0,13504,2363350,515705520.0,3823.0,16,3822.0,1
rb1805,20171127,20171124,210008000,3822.0,13680,2363396,522431680.0,3822.0,62,3821.0,47
rb1805,20171127,20171124,210008500,3821.0,13896,2363344,530685800.0,3821.0,59,3820.0,123
rb1805,20171127,20171124,210009000,3820.0,14560,2363088,556060580.0,3822.0,75,3820.0,114
rb1805,20171127,20171124,210009500,3820.0,14978,2362958,572028540.0,3820.0,209,3819.0,56
rb1805,20171127,20171124,210010000,3820.0,15210,2362854,580888980.0,3819.0,24,3818.0,263
rb1805,20171127,20171124,210010500,3819.0,15430,2362834,589290520.0,3819.0,19,3818.0,235
rb1805,20171127,20171124,210011000,3819.0,15566,2362836,594484100.0,3819.0,46,3818.0,231
rb1805,20171127,20171124,210011500,3818.0,15774,2362864,602427780.0,3819.0,10,3818.0,221
rb1805,20171127,20171124,210012000,3819.0,15998,2362804,610981980.0,3820.0,273,3819.0,862
rb1805,20171127,20171124,210012500,3819.0,16596,2362712,633823260.0,3820.0,97,3819.0,772
rb1805,20171127,20171124,210013000,3820.0,17236,2362694,658267520.0,3821.0,110,3820.0,101
rb1805,20171127,20171124,210013500,3820.0,17706,2362922,676220880.0,3820.0,14,3819.0,586
rb1805,20171127,20171124,210014000,3820.0,18236,2362888,696461760.0,3820.0,50,3819.0,334
rb1805,20171127,20171124,210014500,3818.0,19256,2362718,735418560.0,3819.0,67,3818.0,210
rb1805,20171127,20171124,210015000,3818.0,19620,2362816,749320860.0,3819.0,46,3818.0,196
rb1805,20171127,20171124,210015500,3819.0,19666,2362794,751077380.0,3819.0,89,3818.0,189
rb1805,20171127,20171124,210016000,3818.0,20080,2362834,766889560.0,3819.0,28,3818.0,180
rb1805,20171127,20171124,210016500,3819.0,20270,2362722,774146540.0,3820.0,493,3819.0,106
rb1805,20171127,20171124,210017000,3820.0,20694,2362468,790342440.0,3820.0,419,3819.0,83
rb1805,20171127,20171124,210017500,3819.0,20894,2362444,797980400.0,3820.0,519,3819.0,1
rb1805,20171127,20171124,210018000,3819.0,21022,2362442,802868700.0,3819.0,119,3818.0,213
rb1805,20171127,20171124,210018500,3820.0,21360,2362470,815777020.0,3820.0,540,3819.0,412
rb1805,20171127,20171124,210019000,3820.0,23012,2361050,878883080.0,3821.0,151,3820.0,119
rb1805,20171127,20171124,210019500,3821.0,23538,2361086,898981020.0,3822.0,222,3821.0,40
rb1805,20171127,20171124,210020000,3821.0,23746,2361114,906929580.0,3822.0,175,3821.0,103
rb1805,20171127,20171124,210020500,3821.0,23800,2361110,908993260.0,3822.0,172,3821.0,119
rb1805,20171127,20171124,210021000,3822.0,23928,2361084,913885080.0,3822.0,127,3821.0,103
rb1805,20171127,20171124,210021500,3821.0,24202,2361152,924356900.0,3822.0,17,3821.0,85
rb1805,20171127,20171124,210022000,3821.0,24868,2360794,949805140.0,3821.0,101,3820.0,103
rb1805,20171127,20171124,210022500,3821.0,25442,2360642,971733400.0,3821.0,61,3819.0,458
rb1805,20171127,20171124,210023000,3821.0,26020,2360108,993808600.0,3821.0,43,3819.0,210
rb1805,20171127,20171124,210023500,3821.0,26290,2360168,1004125820.0,3822.0,11,3821.0,2
rb1805,20171127,20171124,210024000,3821.0,26314,2360168,1005042880.0,3821.0,3,3820.0,52
rb1805,20171127,20171124,210024500,3821.0,26464,2360200,1010774580.0,3822.0,179,3821.0,83
rb1805,20171127,20171124,210025000,3821.0,26514,2360196,1012685120.0,3822.0,254,3821.0,67
rb1805,20171127,20171124,210025500,3821.0,26710,2360230,1020174480.0,3821.0,1,3820.0,8
rb1805,20171127,20171124,210026000,3821.0,26824,2360244,1024530620.0,3822.0,261,3821.0,120
rb1805,20171127,20171124,210026500,3820.0,28334,2360080,1082217620.0,3820.0,200,3819.0,102
rb1805,20171127,20171124,210027000,3819.0,28658,2360028,1094591180.0,3819.0,50,3818.0,180
rb1805,20171127,20171124,210027500,3819.0,28930,2360066,1104979200.0,3820.0,240,3819.0,21
rb1805,20171127,20171124,210028000,3819.0,28990,2360066,1107271080.0,3820.0,217,3819.0,19
rb1805,20171127,20171124,210028500,3818.0,29080,2360102,1110707820.0,3820.0,239,3818.0,167
rb1805,20171127,20171124,210029000,3820.0,29122,2360100,1112311920.0,3820.0,235,3819.0,3
rb1805,20171127,20171124,210029500,3820.0,29610,2359788,1130953420.0,3821.0,124,3820.0,676
rb1805,20171127,20171124,210030000,3821.0,30160,2359694,1151971540.0,3823.0,228,3821.0,50
rb1805,20171127,20171124,210030500,3821.0,30476,2359802,1164050340.0,3823.0,131,3821.0,58
rb1805,20171127,20171124,210031000,3821.0,31032,2359448,1185294080.0,3821.0,10,3820.0,583
rb1805,20171127,20171124,210031500,3820.0,31192,2359414,1191407320.0,3822.0,57,3820.0,561
rb1805,20171127,20171124,210032000,3822.0,31352,2359412,1197521920.0,3823.0,112,3822.0,11
rb1805,20171127,20171124,210032500,3823.0,31550,2359414,1205088280.0,3822.0,54,3821.0,53
rb1805,20171127,20171124,210033000,3821.0,31782,2359328,1213954760.0,3822.0,2,3821.0,260
rb1805,20171127,20171124,210033500,3822.0,31844,2359344,1216324440.0,3823.0,127,3822.0,1
rb1805,20171127,20171124,210034000,3822.0,32668,2359506,1247812060.0,3823.0,143,3822.0,247
rb1805,20171127,20171124,210034500,3822.0,32968,2359510,1259278280.0,3823.0,148,3822.0,115
rb1805,20171127,20171124,210035000,3823.0,33266,2359616,1270667720.0,3822.0,1,3821.0,58
rb1805,20171127,20171124,210035500,3822.0,33406,2359698,1276019020.0,3822.0,63,3821.0,54
rb1805,20171127,20171124,210036000,3822.0,33608,2359596,1283739560.0,3823.0,196,3822.0,422
rb1805,20171127,20171124,210036500,3822.0,33688,2359592,1286797420.0,3823.0,186,3822.0,420
rb1805,20171127,20171124,210037000,3822.0,33984,2359482,1298111780.0,3823.0,131,3822.0,339
rb1805,20171127,20171124,210037500,3823.0,34150,2359478,1304457720.0,3823.0,62,3822.0,341
rb1805,20171127,20171124,210038000,3823.0,34236,2359460,1307745380.0,3823.0,38,3822.0,418
rb1805,20171127,20171124,210038500,3822.0,34878,2359042,1332284000.0,3823.0,2,3822.0,158
rb1805,20171127,20171124,210039000,3822.0,34940,2359026,1334653920.0,3823.0,42,3822.0,143
rb1805,20171127,20171124,210039500,3823.0,35054,2358978,1339011120.0,3823.0,70,3822.0,94
rb1805,20171127,20171124,210040000,3822.0,35274,2359162,1347419640.0,3822.0,50,3821.0,78
rb1805,20171127,20171124,210040500,3822.0,35776,2359288,1366605860.0,3823.0,140,3822.0,75
rb1805,20171127,20171124,210041000,3823.0,36158,2359206,1381209280.0,3824.0,253,3823.0,25
rb1805,20171127,20171124,210041500,3822.0,36406,2359360,1390688620.0,3823.0,97,3822.0,74
rb1805,20171127,20171124,210042000,3823.0,36508,2359350,1394587640.0,3823.0,133,3822.0,53
rb1805,20171127,20171124,210042500,3823.0,36582,2359358,1397416580.0,3823.0,105,3822.0,52
rb1805,20171127,20171124,210043000,3823.0,36666,2359420,1400627480.0,3823.0,137,3822.0,57
rb1805,20171127,20171124,210043500,3822.0,36910,2359336,1409954040.0,3823.0,109,3822.0,1
rb1805,20171127,20171124,210044000,3823.0,37008,2359334,1413699420.0,3823.0,102,3822.0,10
rb1805,20171127,20171124,210044500,3823.0,37842,2359190,1445576760.0,3823.0,18,3821.0,65
rb1805,20171127,20171124,210045000,3822.0,37870,2359204,1446646960.0,3822.0,7,3821.0,99
rb1805,20171127,20171124,210045500,3824.0,38144,2359258,1457121620.0,3824.0,277,3823.0,298
rb1805,20171127,20171124,210046000,3823.0,38470,2359150,1469586180.0,3824.0,206,3823.0,553
rb1805,20171127,20171124,210046500,3823.0,38926,2359312,1487023160.0,3824.0,2,3823.0,539
rb1805,20171127,20171124,210047000,3823.0,39848,2359132,1522279360.0,3825.0,320,3823.0,459
rb1805,20171127,20171124,210047500,3824.0,41630,2359140,1590426060.0,3824.0,32,3823.0,95
rb1805,20171127,20171124,210048000,3823.0,42072,2359262,1607330200.0,3825.0,2,3824.0,1
rb1805,20171127,20171124,210048500,3823.0,42254,2359192,1614288060.0,3823.0,124,3822.0,38
rb1805,20171127,20171124,210049000,3823.0,42498,2359144,1623615880.0,3823.0,69,3822.0,179
rb1805,20171127,20171124,210049500,3823.0,42736,2359118,1632714100.0,3824.0,47,3823.0,16
rb1805,20171127,20171124,210050000,3824.0,42894,2359108,1638755820.0,3824.0,61,3823.0,59
rb1805,20171127,20171124,210050500,3824.0,42914,2359110,1639520600.0,3824.0,58,3823.0,70
rb1805,20171127,20171124,210051000,3823.0,43194,2359040,1650224900.0,3823.0,14,3822.0,226
rb1805,20171127,20171124,210051500,3823.0,43342,2359028,1655882980.0,3824.0,266,3823.0,99
rb1805,20171127,20171124,210052000,3823.0,43436,2359040,1659476980.0,3824.0,267,3823.0,88
rb1805,20171127,20171124,210052500,3823.0,43566,2359046,1664446960.0,3824.0,294,3823.0,39
rb1805,20171127,20171124,210053000,3823.0,43696,2359012,1669416820.0,3823.0,137,3822.0,221
rb1805,20171127,20171124,210053500,3822.0,44518,2359072,1700838300.0,3822.0,43,3821.0,116
rb1805,20171127,20171124,210054000,3821.0,45654,2358212,1744265000.0,3822.0,2,3821.0,83
rb1805,20171127,20171124,210054500,3824.0,46048,2358282,1759325500.0,3824.0,261,3823.0,1
rb1805,20171127,20171124,210055000,3822.0,46672,2357954,1783180960.0,3823.0,40,3822.0,624
rb1805,20171127,20171124,210055500,3822.0,48246,2357102,1843338320.0,3823.0,65,3820.0,97
rb1805,20171127,20171124,210056000,3822.0,48286,2357136,1844867080.0,3822.0,195,3821.0,8
rb1805,20171127,20171124,210056500,3821.0,48468,2357114,1851819940.0,3821.0,19,3820.0,50
rb1805,20171127,20171124,210057000,3821.0,48884,2356958,1867711640.0,3821.0,47,3820.0,4
rb1805,20171127,20171124,210057500,3820.0,48966,2356944,1870844040.0,3821.0,57,3820.0,1
rb1805,20171127,20171124,210058000,3821.0,49038,2356944,1873594540.0,3821.0,52,3819.0,66
rb1805,20171127,20171124,210058500,3821.0,49212,2357034,1880243100.0,3822.0,298,3821.0,17
rb1805,20171127,20171124,210059000,3821.0,49250,2357048,1881695160.0,3822.0,295,3821.0,23
rb1805,20171127,20171124,210059500,3821.0,49336,2357090,1884981040.0,3821.0,19,3820.0,193
rb1805,20171127,20171124,210100000,3821.0,49630,2357076,1896215560.0,3822.0,259,3821.0,168
rb1805,20171127,20171124,210100500,3822.0,49888,2357010,1906074240.0,3822.0,236,3821.0,157
rb1805,20171127,20171124,210101000,3821.0,50210,2357080,1918378760.0,3822.0,198,3821.0,4
rb1805,20171127,20171124,210101500,3821.0,50878,2357188,1943909900.0,3821.0,35,3820.0,221
rb1805,20171127,20171124,210102000,3821.0,51044,2357192,1950253000.0,3822.0,1,3821.0,66
rb1805,20171127,20171124,210102500,3822.0,51128,2357232,1953463780.0,3823.0,182,3822.0,28
rb1805,20171127,20171124,210103000,3821.0,51232,2357248,1957438260.0,3822.0,15,3821.0,147
rb1805,20171127,20171124,210103500,3821.0,51380,2357222,1963094280.0,3822.0,21,3821.0,44
rb1805,20171127,20171124,210104000,3822.0,51540,2357252,1969208460.0,3822.0,2,3821.0,7
rb1805,20171127,20171124,210104500,3822.0,51644,2357282,1973183360.0,3823.0,195,3822.0,250
rb1805,20171127,20171124,210105000,3822.0,51718,2357290,1976011860.0,3823.0,188,3822.0,227
rb1805,20171127,20171124,210105500,3822.0,52164,2357302,1993058000.0,3823.0,193,3822.0,20
rb1805,20171127,20171124,210106000,3822.0,52276,2357272,1997338400.0,3822.0,65,3821.0,129
rb1805,20171127,20171124,210106500,3822.0,52322,2357298,1999096180.0,3822.0,199,3821.0,68
rb1805,20171127,20171124,210107000,3822.0,52430,2357330,2003222960.0,3822.0,250,3821.0,122
rb1805,20171127,20171124,210107500,3821.0,52540,2357402,2007426340.0,3822.0,275,3821.0,84
rb1805,20171127,20171124,210108000,3822.0,53142,2357352,2030432980.0,3822.0,76,3821.0,13
rb1805,20171127,20171124,210108500,3822.0,53172,2357370,2031579500.0,3822.0,120,3821.0,28
rb1805,20171127,20171124,210109000,3821.0,53204,2357394,2032802360.0,3822.0,117,3821.0,27
rb1805,20171127,20171124,210109500,3822.0,53228,2357388,2033719620.0,3822.0,158,3821.0,64
rb1805,20171127,20171124,210110000,3822.0,53294,2357412,2036241640.0,3822.0,160,3821.0,50
rb1805,20171127,20171124,210110500,3821.0,53312,2357420,2036929500.0,3822.0,160,3821.0,50
rb1805,20171127,20171124,210111000,3821.0,53378,2357442,2039451560.0,3822.0,162,3821.0,97
rb1805,20171127,20171124,210111500,3821.0,53662,2357284,2050303860.0,3822.0,146,3821.0,4
rb1805,20171127,20171124,210112000,3821.0,53704,2357278,2051908680.0,3821.0,13,3820.0,635
rb1805,20171127,20171124,210112500,3821.0,53746,2357262,2053513480.0,3821.0,18,3820.0,636
rb1805,20171127,20171124,210113000,3821.0,53854,2357254,2057640120.0,3821.0,57,3820.0,637
rb1805,20171127,20171124,210113500,3821.0,53894,2357280,2059168500.0,3821.0,66,3820.0,637
rb1805,20171127,20171124,210114000,3820.0,53922,2357302,2060238340.0,3821.0,84,3820.0,636
rb1805,20171127,20171124,210114500,3821.0,53948,2357320,2061231760.0,3821.0,98,3820.0,636
rb1805,20171127,20171124,210115000,3820.0,54192,2357538,2070552660.0,3821.0,165,3820.0,554
rb1805,20171127,20171124,210115500,3820.0,54436,2357624,2079873620.0,3821.0,175,3820.0,452
rb1805,20171127,20171124,210116000,3820.0,55396,2357588,2116545940.0,3820.0,167,3819.0,207
rb1805,20171127,20171124,210116500,3818.0,55954,2357614,2137857180.0,3819.0,574,3818.0,621
rb1805,20171127,20171124,210117000,3818.0,56268,2357470,2149846260.0,3819.0,615,3818.0,690
rb1805,20171127,20171124,210117500,3818.0,56428,2357576,2155955160.0,3819.0,635,3818.0,615
rb1805,20171127,20171124,210118000,3819.0,56642,2357616,2164126360.0,3819.0,335,3818.0,575
rb1805,20171127,20171124,210118500,3819.0,56658,2357618,2164737320.0,3819.0,337,3818.0,571
rb1805,20171127,20171124,210119000,3819.0,56710,2357616,2166722860.0,3819.0,327,3818.0,557
rb1805,20171127,20171124,210119500,3818.0,56886,2357616,2173442920.0,3819.0,312,3818.0,498
rb1805,20171127,20171124,210120000,3818.0,57000,2357598,2177795520.0,3819.0,318,3818.0,453
rb1805,20171127,20171124,210120500,3818.0,57018,2357598,2178482920.0,3819.0,316,3818.0,458
rb1805,20171127,20171124,210121000,3818.0,57088,2357632,2181155660.0,3819.0,328,3818.0,432
rb1805,20171127,20171124,210121500,3819.0,57122,2357650,2182453920.0,3819.0,323,3818.0,426
rb1805,20171127,20171124,210122000,3819.0,57496,2357620,2196733780.0,3819.0,296,3818.0,280
rb1805,20171127,20171124,210122500,3818.0,57582,2357608,2200018000.0,3819.0,261,3818.0,278
rb1805,20171127,20171124,210123000,3818.0,57624,2357618,2201621800.0,3819.0,266,3818.0,281
rb1805,20171127,20171124,210123500,3819.0,57890,2357372,2211779800.0,3819.0,159,3818.0,262
rb1805,20171127,20171124,210124000,3819.0,57944,2357352,2213841860.0,3819.0,154,3818.0,294
rb1805,20171127,20171124,210124500,3819.0,58278,2357134,2226597340.0,3820.0,145,3819.0,117
rb1805,20171127,20171124,210125000,3819.0,58574,2357040,2237902040.0,3820.0,174,3819.0,11
rb1805,20171127,20171124,210125500,3819.0,58728,2357014,2243783500.0,3820.0,159,3819.0,82
rb1805,20171127,20171124,210126000,3820.0,58850,2357016,2248442740.0,3820.0,166,3819.0,29
rb1805,20171127,20171124,210126500,3819.0,58860,2357016,2248824660.0,3820.0,175,3819.0,38
rb1805,20171127,20171124,210127000,3820.0,59068,2357062,2256768500.0,3820.0,157,3819.0,12
rb1805,20171127,20171124,210127500,3819.0,59328,2356942,2266696820.0,3819.0,3,3818.0,375
rb1805,20171127,20171124,210128000,3819.0,59376,2356908,2268529740.0,3819.0,102,3818.0,369
rb1805,20171127,20171124,210128500,3819.0,59472,2356870,2272195160.0,3819.0,138,3818.0,329
rb1805,20171127,20171124,210129000,3818.0,59714,2356876,2281435900.0,3819.0,122,3818.0,271
rb1805,20171127,20171124,210129500,3818.0,60086,2356918,2295638880.0,3819.0,155,3818.0,87
rb1805,20171127,20171124,210130000,3818.0,60388,2357172,2307169240.0,3818.0,176,3817.0,641
rb1805,20171127,20171124,210130500,3818.0,60534,2357174,2312743100.0,3818.0,158,3817.0,622
rb1805,20171127,20171124,210131000,3818.0,60760,2357088,2321371600.0,3818.0,82,3817.0,663
rb1805,20171127,20171124,210131500,3818.0,60900,2357082,2326715520.0,3818.0,79,3817.0,599
rb1805,20171127,20171124,210132000,3818.0,61170,2357094,2337022800.0,3818.0,99,3817.0,535
rb1805,20171127,20171124,210132500,3818.0,61346,2356956,2343742100.0,3818.0,43,3817.0,516
rb1805,20171127,20171124,210133000,3819.0,61596,2356896,2353286020.0,3819.0,188,3818.0,47
rb1805,20171127,20171124,210133500,3817.0,61732,2356874,2358478500.0,3818.0,5,3817.0,470
rb1805,20171127,20171124,210134000,3817.0,62020,2356688,2369471680.0,3818.0,28,3817.0,356
rb1805,20171127,20171124,210134500,3818.0,62118,2356642,2373212660.0,3818.0,115,3817.0,336
rb1805,20171127,20171124,210135000,3817.0,62168,2356660,2375121520.0,3818.0,125,3817.0,330
rb1805,20171127,20171124,210135500,3818.0,63100,2356332,2410698420.0,3819.0,183,3818.0,52
rb1805,20171127,20171124,210136000,3818.0,63394,2356320,2421921960.0,3818.0,52,3817.0,219
rb1805,20171127,20171124,210136500,3817.0,63528,2356384,2427037760.0,3818.0,8,3817.0,208
rb1805,20171127,20171124,210137000,3818.0,63598,2356340,2429710400.0,3819.0,169,3818.0,27
rb1805,20171127,20171124,210137500,3818.0,63678,2356312,2432764760.0,3819.0,139,3818.0,8
rb1805,20171127,20171124,210138000,3818.0,63760,2356302,2435895580.0,3819.0,138,3818.0,5
rb1805,20171127,20171124,210138500,3818.0,63906,2356328,2441469320.0,3818.0,124,3817.0,251
rb1805,20171127,20171124,210139000,3818.0,64030,2356394,2446203420.0,3818.0,294,3817.0,243
rb1805,20171127,20171124,210139500,3817.0,64038,2356396,2446508820.0,3818.0,315,3817.0,244
rb1805,20171127,20171124,210140000,3817.0,64374,2356204,2459337220.0,3818.0,187,3817.0,245
rb1805,20171127,20171124,210140500,3818.0,64854,2356140,2477663900.0,3819.0,368,3818.0,15
rb1805,20171127,20171124,210141000,3818.0,64924,2356176,2480336640.0,3819.0,380,3818.0,5
rb1805,20171127,20171124,210141500,3817.0,65024,2356180,2484154200.0,3818.0,203,3817.0,230
rb1805,20171127,20171124,210142000,3818.0,65078,2356168,2486215820.0,3818.0,199,3817.0,236
rb1805,20171127,20171124,210142500,3818.0,65258,2356150,2493086760.0,3818.0,225,3817.0,177
rb1805,20171127,20171124,210143000,3818.0,65394,2356024,2498278780.0,3818.0,496,3817.0,160
rb1805,20171127,20171124,210143500,3817.0,65904,2356204,2517743740.0,3817.0,209,3816.0,116
rb1805,20171127,20171124,210144000,3817.0,66074,2356366,2524232260.0,3817.0,230,3816.0,97
rb1805,20171127,20171124,210144500,3817.0,66266,2356412,2531560460.0,3817.0,189,3816.0,75
rb1805,20171127,20171124,210145000,3816.0,66342,2356442,2534460880.0,3817.0,189,3816.0,51
rb1805,20171127,20171124,210145500,3816.0,66514,2356352,2541024580.0,3816.0,196,3815.0,683
rb1805,20171127,20171124,210146000,3816.0,66572,2356328,2543237760.0,3816.0,219,3815.0,687
rb1805,20171127,20171124,210146500,3816.0,67052,2356046,2561554840.0,3817.0,144,3816.0,277
rb1805,20171127,20171124,210147000,3817.0,67244,2355994,2568881760.0,3817.0,134,3816.0,199
rb1805,20171127,20171124,210147500,3816.0,67300,2355946,2571018720.0,3817.0,139,3816.0,175
rb1805,20171127,20171124,210148000,3816.0,67550,2355934,2580560080.0,3817.0,74,3816.0,119
rb1805,20171127,20171124,210148500,3816.0,67804,2356086,2590255160.0,3817.0,65,3816.0,148
rb1805,20171127,20171124,210149000,3816.0,67944,2356076,2595597700.0,3817.0,92,3816.0,244
rb1805,20171127,20171124,210149500,3816.0,67998,2356082,2597658420.0,3817.0,136,3816.0,259
rb1805,20171127,20171124,210150000,3816.0,68078,2356118,2600711360.0,3817.0,130,3816.0,233
rb1805,20171127,20171124,210150500,3817.0,68192,2356174,2605061640.0,3817.0,180,3816.0,183
rb1805,20171127,20171124,210151000,3816.0,68636,2356368,2622006720.0,3817.0,90,3816.0,65
rb1805,20171127,20171124,210151500,3816.0,68712,2356354,2624907000.0,3817.0,93,3816.0,37
rb1805,20171127,20171124,210152000,3817.0,68764,2356368,2626891420.0,3817.0,92,3816.0,19
rb1805,20171127,20171124,210152500,3816.0,68870,2356450,2630936360.0,3816.0,4,3815.0,708
rb1805,20171127,20171124,210153000,3816.0,68958,2356500,2634294680.0,3817.0,88,3816.0,3
rb1805,20171127,20171124,210153500,3816.0,68990,2356500,2635515820.0,3817.0,157,3816.0,85
rb1805,20171127,20171124,210154000,3816.0,69188,2356534,2643071560.0,3817.0,160,3816.0,7
rb1805,20171127,20171124,210154500,3816.0,69216,2356526,2644140040.0,3816.0,56,3815.0,716
rb1805,20171127,20171124,210155000,3816.0,69252,2356530,2645513800.0,3816.0,53,3815.0,742
rb1805,20171127,20171124,210155500,3816.0,69306,2356516,2647574120.0,3816.0,46,3815.0,728
rb1805,20171127,20171124,210156000,3816.0,69626,2356574,2659785280.0,3817.0,98,3816.0,453
rb1805,20171127,20171124,210156500,3816.0,69822,2356540,2667264960.0,3817.0,107,3816.0,393
rb1805,20171127,20171124,210157000,3817.0,69850,2356542,2668333620.0,3817.0,117,3816.0,436
rb1805,20171127,20171124,210157500,3817.0,69868,2356556,2669020640.0,3817.0,140,3816.0,436
rb1805,20171127,20171124,210158000,3816.0,69882,2356556,2669554940.0,3817.0,148,3816.0,440
rb1805,20171127,20171124,210158500,3816.0,70196,2356494,2681537320.0,3817.0,149,3816.0,308
rb1805,20171127,20171124,210159000,3817.0,70262,2356490,2684056280.0,3817.0,142,3816.0,291
rb1805,20171127,20171124,210159500,3815.0,70896,2355984,2708249400.0,3817.0,137,3815.0,718
rb1805,20171127,20171124,210200000,3816.0,70960,2355976,2710691640.0,3817.0,160,3816.0,1
rb1805,20171127,20171124,210200500,3817.0,71084,2356050,2715424440.0,3817.0,114,3815.0,729
rb1805,20171127,20171124,210201000,3816.0,71148,2356068,2717866980.0,3817.0,101,3816.0,45
rb1805,20171127,20171124,210201500,3817.0,71782,2355700,2742057520.0,3817.0,47,3816.0,12
rb1805,20171127,20171124,210202000,3816.0,72072,2355564,2753123920.0,3817.0,61,3816.0,36
rb1805,20171127,20171124,210202500,3817.0,72090,2355558,2753810880.0,3817.0,63,3816.0,155
rb1805,20171127,20171124,210203000,3816.0,72340,2355592,2763350960.0,3817.0,126,3816.0,65
rb1805,20171127,20171124,210203500,3817.0,72596,2355528,2773122440.0,3818.0,585,3817.0,175
rb1805,20171127,20171124,210204000,3817.0,72664,2355514,2775718100.0,3818.0,604,3817.0,153
rb1805,20171127,20171124,210204500,3817.0,73036,2355204,2789917320.0,3817.0,123,3816.0,141
rb1805,20171127,20171124,210205000,3817.0,73060,2355202,2790833260.0,3817.0,120,3816.0,104
rb1805,20171127,20171124,210205500,3817.0,73104,2355172,2792512700.0,3817.0,188,3816.0,130
rb1805,20171127,20171124,210206000,3817.0,73126,2355158,2793352440.0,3817.0,179,3816.0,130
rb1805,20171127,20171124,210206500,3816.0,73896,2354740,2822731700.0,3816.0,163,3815.0,370
rb1805,20171127,20171124,210207000,3816.0,74074,2354704,2829522860.0,3816.0,144,3815.0,309
rb1805,20171127,20171124,210207500,3815.0,74156,2354728,2832651480.0,3816.0,192,3815.0,285
rb1805,20171127,20171124,210208000,3816.0,74700,2354494,2853405400.0,3816.0,181,3815.0,32
rb1805,20171127,20171124,210208500,3815.0,74804,2354470,2857373000.0,3815.0,218,3814.0,286
rb1805,20171127,20171124,210209000,3815.0,74868,2354462,2859814300.0,3815.0,208,3814.0,284
rb1805,20171127,20171124,210209500,3814.0,74912,2354444,2861492720.0,3815.0,223,3814.0,275
rb1805,20171127,20171124,210210000,3815.0,75042,2354488,2866451420.0,3815.0,160,3814.0,245
rb1805,20171127,20171124,210210500,3814.0,75164,2354478,2871104840.0,3815.0,150,3814.0,204
rb1805,20171127,20171124,210211000,3814.0,75416,2354428,2880716240.0,3815.0,143,3814.0,85
rb1805,20171127,20171124,210211500,3814.0,75504,2354404,2884072680.0,3815.0,241,3814.0,47
rb1805,20171127,20171124,210212000,3815.0,75568,2354428,2886513960.0,3815.0,230,3814.0,57
rb1805,20171127,20171124,210212500,3814.0,75962,2354274,2901544780.0,3815.0,48,3814.0,72
rb1805,20171127,20171124,210213000,3814.0,76220,2354162,2911386360.0,3816.0,187,3814.0,143
rb1805,20171127,20171124,210213500,3814.0,76274,2354166,2913446140.0,3816.0,187,3814.0,167
rb1805,20171127,20171124,210214000,3816.0,76306,2354166,2914666760.0,3816.0,184,3814.0,173
rb1805,20171127,20171124,210214500,3815.0,76350,2354182,2916345480.0,3815.0,6,3814.0,250
rb1805,20171127,20171124,210215000,3815.0,76384,2354174,2917642620.0,3816.0,179,3815.0,36
rb1805,20171127,20171124,210215500,3814.0,76948,2354344,2939155040.0,3816.0,172,3814.0,132
rb1805,20171127,20171124,210216000,3815.0,76954,2354350,2939383980.0,3816.0,176,3815.0,3
rb1805,20171127,20171124,210216500,3815.0,77002,2354370,2941215360.0,3815.0,4,3814.0,149
rb1805,20171127,20171124,210217000,3816.0,77024,2354380,2942054720.0,3816.0,167,3814.0,146
rb1805,20171127,20171124,210217500,3816.0,77082,2354410,2944267500.0,3816.0,161,3815.0,2
rb1805,20171127,20171124,210218000,3816.0,77184,2354500,2948158100.0,3816.0,168,3814.0,100
rb1805,20171127,20171124,210218500,3815.0,77208,2354492,2949073680.0,3816.0,171,3815.0,27
rb1805,20171127,20171124,210219000,3815.0,77290,2354452,2952202060.0,3816.0,168,3815.0,8
rb1805,20171127,20171124,210219500,3815.0,77298,2354452,2952507260.0,3816.0,182,3815.0,35
rb1805,20171127,20171124,210220000,3815.0,77400,2354542,2956399420.0,3816.0,141,3815.0,81
rb1805,20171127,20171124,210220500,3815.0,77488,2354570,2959757260.0,3816.0,100,3815.0,65
rb1805,20171127,20171124,210221000,3816.0,77612,2354506,2964488440.0,3816.0,73,3815.0,49
rb1805,20171127,20171124,210221500,3816.0,77908,2354362,2975783400.0,3817.0,142,3816.0,17
rb1805,20171127,20171124,210222000,3816.0,77934,2354360,2976775760.0,3817.0,134,3816.0,88
rb1805,20171127,20171124,210222500,3816.0,78228,2354276,2987996920.0,3817.0,67,3816.0,93
rb1805,20171127,20171124,210223000,3817.0,78400,2354274,2994561820.0,3818.0,224,3817.0,1
rb1805,20171127,20171124,210223500,3817.0,78454,2354278,2996623040.0,3818.0,222,3817.0,48
rb1805,20171127,20171124,210224000,3817.0,78488,2354280,2997920900.0,3818.0,218,3817.0,72
rb1805,20171127,20171124,210224500,3817.0,78532,2354286,2999600400.0,3818.0,217,3817.0,76
rb1805,20171127,20171124,210225000,3818.0,78570,2354272,3001051100.0,3818.0,205,3817.0,69
rb1805,20171127,20171124,210225500,3817.0,78732,2354270,3007234740.0,3817.0,57,3816.0,113
rb1805,20171127,20171124,210226000,3817.0,78762,2354296,3008379820.0,3817.0,51,3816.0,62
rb1805,20171127,20171124,210226500,3817.0,78782,2354302,3009143220.0,3817.0,52,3816.0,56
rb1805,20171127,20171124,210227000,3817.0,78810,2354314,3010211880.0,3817.0,50,3816.0,55
rb1805,20171127,20171124,210227500,3817.0,78870,2354304,3012501840.0,3817.0,333,3816.0,64
rb1805,20171127,20171124,210228000,3816.0,78902,2354310,3013723080.0,3817.0,327,3816.0,71
rb1805,20171127,20171124,210228500,3817.0,78916,2354308,3014257400.0,3817.0,324,3816.0,72
rb1805,20171127,20171124,210229000,3816.0,79146,2354230,3023033560.0,3816.0,1,3815.0,221
rb1805,20171127,20171124,210229500,3817.0,79180,2354240,3024331080.0,3817.0,321,3816.0,22
rb1805,20171127,20171124,210230000,3817.0,79326,2354264,3029903900.0,3817.0,254,3816.0,28
rb1805,20171127,20171124,210230500,3817.0,79330,2354264,3030056580.0,3817.0,254,3816.0,29
rb1805,20171127,20171124,210231000,3817.0,79352,2354262,3030896240.0,3817.0,306,3816.0,42
rb1805,20171127,20171124,210231500,3817.0,79730,2354028,3045319320.0,3817.0,290,3816.0,1
rb1805,20171127,20171124,210232000,3817.0,79854,2354042,3050051780.0,3816.0,1,3815.0,209
rb1805,20171127,20171124,210232500,3816.0,79976,2354076,3054707480.0,3817.0,264,3816.0,46
rb1805,20171127,20171124,210233000,3817.0,80040,2354086,3057150220.0,3817.0,244,3816.0,47
rb1805,20171127,20171124,210233500,3817.0,80046,2354084,3057379240.0,3817.0,241,3816.0,62
rb1805,20171127,20171124,210234000,3816.0,80082,2354084,3058753160.0,3817.0,235,3816.0,69
rb1805,20171127,20171124,210234500,3816.0,80124,2354084,3060356200.0,3817.0,242,3816.0,69
rb1805,20171127,20171124,210235000,3817.0,80132,2354084,3060661540.0,3817.0,377,3816.0,71
rb1805,20171127,20171124,210235500,3817.0,80234,2354054,3064553900.0,3817.0,327,3816.0,36
rb1805,20171127,20171124,210236000,3817.0,80248,2354054,3065088220.0,3817.0,326,3816.0,42
rb1805,20171127,20171124,210236500,3816.0,80268,2354064,3065851440.0,3817.0,337,3816.0,36
rb1805,20171127,20171124,210237000,3817.0,80412,2353924,3071347920.0,3817.0,266,3816.0,39
rb1805,20171127,20171124,210237500,3817.0,80420,2353928,3071653220.0,3817.0,491,3816.0,41
rb1805,20171127,20171124,210238000,3817.0,81304,2354218,3105395160.0,3817.0,69,3816.0,26
rb1805,20171127,20171124,210238500,3816.0,81340,2354216,3106769160.0,3817.0,57,3816.0,129
rb1805,20171127,20171124,210239000,3818.0,81666,2354210,3119212120.0,3818.0,313,3817.0,40
rb1805,20171127,20171124,210239500,3816.0,81866,2354026,3126845980.0,3817.0,1,3816.0,180
rb1805,20171127,20171124,210240000,3818.0,81900,2354028,3128143540.0,3818.0,276,3817.0,20
rb1805,20171127,20171124,210240500,3817.0,81912,2354036,3128601640.0,3818.0,273,3817.0,24
rb1805,20171127,20171124,210241000,3818.0,81936,2354042,3129517760.0,3818.0,271,3817.0,62
rb1805,20171127,20171124,210241500,3817.0,81978,2354056,3131120960.0,3818.0,268,3817.0,48
rb1805,20171127,20171124,210242000,3817.0,81998,2354072,3131884420.0,3818.0,267,3817.0,43
rb1805,20171127,20171124,210242500,3818.0,82008,2354080,3132266180.0,3818.0,268,3817.0,54
rb1805,20171127,20171124,210243000,3817.0,82016,2354084,3132571600.0,3818.0,281,3817.0,130
rb1805,20171127,20171124,210243500,3817.0,82038,2354088,3133411520.0,3818.0,275,3817.0,153
rb1805,20171127,20171124,210244000,3819.0,82662,2354468,3157235180.0,3819.0,141,3818.0,226
rb1805,20171127,20171124,210244500,3819.0,82940,2354614,3167851940.0,3820.0,1040,3819.0,104
rb1805,20171127,20171124,210245000,3819.0,83076,2354714,3173045980.0,3820.0,1042,3819.0,47
rb1805,20171127,20171124,210245500,3819.0,83204,2354756,3177934300.0,3819.0,44,3818.0,240
rb1805,20171127,20171124,210246000,3818.0,83232,2354744,3179003520.0,3819.0,48,3818.0,236
rb1805,20171127,20171124,210246500,3819.0,83246,2354746,3179538140.0,3819.0,54,3818.0,235
rb1805,20171127,20171124,210247000,3819.0,83310,2354744,3181981780.0,3819.0,82,3818.0,209
rb1805,20171127,20171124,210247500,3818.0,83654,2354662,3195116760.0,3819.0,32,3818.0,93
rb1805,20171127,20171124,210248000,3818.0,83716,2354650,3197484420.0,3819.0,28,3818.0,91
rb1805,20171127,20171124,210248500,3818.0,83736,2354658,3198248160.0,3819.0,221,3818.0,88
rb1805,20171127,20171124,210249000,3819.0,83780,2354682,3199928440.0,3819.0,209,3818.0,80
rb1805,20171127,20171124,210249500,3818.0,83832,2354734,3201913900.0,3819.0,211,3818.0,67
rb1805,20171127,20171124,210250000,3818.0,83866,2354728,3203212340.0,3819.0,209,3818.0,70
rb1805,20171127,20171124,210250500,3819.0,84104,2354552,3212301440.0,3819.0,101,3818.0,75
rb1805,20171127,20171124,210251000,3819.0,84192,2354600,3215661500.0,3819.0,97,3818.0,43
rb1805,20171127,20171124,210251500,3819.0,84216,2354612,3216577900.0,3819.0,99,3818.0,35
rb1805,20171127,20171124,210252000,3819.0,84224,2354608,3216883400.0,3819.0,97,3818.0,42
rb1805,20171127,20171124,210252500,3819.0,84230,2354608,3217112500.0,3819.0,157,3818.0,47
rb1805,20171127,20171124,210253000,3819.0,84370,2354576,3222458100.0,3819.0,144,3818.0,30
rb1805,20171127,20171124,210253500,3819.0,84372,2354576,3222534480.0,3819.0,144,3818.0,30
rb1805,20171127,20171124,210254000,3818.0,84456,2354632,3225741680.0,3818.0,13,3817.0,202
rb1805,20171127,20171124,210254500,3818.0,84474,2354632,3226428900.0,3818.0,24,3817.0,150
rb1805,20171127,20171124,210255000,3819.0,84548,2354594,3229254400.0,3819.0,144,3818.0,3
rb1805,20171127,20171124,210255500,3818.0,84708,2354594,3235362720.0,3818.0,26,3817.0,122
rb1805,20171127,20171124,210256000,3818.0,84728,2354600,3236126320.0,3818.0,87,3817.0,129
rb1805,20171127,20171124,210256500,3818.0,84770,2354642,3237729880.0,3818.0,103,3817.0,135
rb1805,20171127,20171124,210257000,3818.0,84882,2354646,3242006040.0,3818.0,55,3817.0,135
rb1805,20171127,20171124,210257500,3818.0,84892,2354652,3242387840.0,3818.0,53,3817.0,137
rb1805,20171127,20171124,210258000,3818.0,84954,2354648,3244754680.0,3818.0,267,3817.0,143
rb1805,20171127,20171124,210258500,3818.0,84960,2354646,3244983740.0,3818.0,283,3817.0,141
rb1805,20171127,20171124,210259000,3818.0,85010,2354672,3246892720.0,3818.0,253,3817.0,140
rb1805,20171127,20171124,210259500,3817.0,85092,2354654,3250023140.0,3818.0,230,3817.0,144
rb1805,20171127,20171124,210300000,3818.0,85124,2354682,3251244900.0,3818.0,214,3817.0,199
rb1805,20171127,20171124,210300500,3818.0,85166,2354696,3252848420.0,3818.0,196,3817.0,199
rb1805,20171127,20171124,210301000,3818.0,85174,2354702,3253153860.0,3818.0,194,3817.0,235
rb1805,20171127,20171124,210301500,3817.0,85184,2354706,3253535640.0,3818.0,191,3817.0,235
rb1805,20171127,20171124,210302000,3818.0,85236,2354728,3255520860.0,3818.0,172,3817.0,229
rb1805,20171127,20171124,210302500,3818.0,85334,2354816,3259262500.0,3818.0,136,3817.0,231
rb1805,20171127,20171124,210303000,3818.0,85480,2354818,3264836560.0,3818.0,75,3817.0,255
rb1805,20171127,20171124,210303500,3818.0,85636,2354812,3270792660.0,3819.0,232,3818.0,6
rb1805,20171127,20171124,210304000,3818.0,85704,2354796,3273389560.0,3819.0,131,3818.0,90
rb1805,20171127,20171124,210304500,3818.0,85722,2354792,3274076820.0,3819.0,134,3818.0,96
rb1805,20171127,20171124,210305000,3819.0,85786,2354756,3276520780.0,3819.0,107,3818.0,120
rb1805,20171127,20171124,210305500,3818.0,85798,2354762,3276979020.0,3819.0,106,3818.0,130
rb1805,20171127,20171124,210306000,3818.0,85850,2354728,3278964860.0,3819.0,83,3818.0,136
rb1805,20171127,20171124,210306500,3819.0,85866,2354728,3279575860.0,3819.0,78,3818.0,145
rb1805,20171127,20171124,210307000,3819.0,85888,2354738,3280416020.0,3819.0,74,3818.0,147
rb1805,20171127,20171124,210307500,3819.0,85902,2354738,3280950620.0,3819.0,129,3818.0,146
rb1805,20171127,20171124,210308000,3818.0,85954,2354782,3282936480.0,3819.0,122,3818.0,145
rb1805,20171127,20171124,210308500,3818.0,85974,2354788,3283700200.0,3819.0,117,3818.0,140
rb1805,20171127,20171124,210309000,3819.0,85998,2354810,3284616720.0,3819.0,107,3818.0,142
rb1805,20171127,20171124,210309500,3819.0,86054,2354856,3286755360.0,3819.0,80,3818.0,143
rb1805,20171127,20171124,210310000,3819.0,87242,2354564,3332107980.0,3820.0,1000,3819.0,120
rb1805,20171127,20171124,210310500,3819.0,87772,2354762,3352348680.0,3819.0,187,3818.0,7
rb1805,20171127,20171124,210311000,3818.0,87852,2354820,3355403080.0,3818.0,112,3817.0,10
rb1805,20171127,20171124,210311500,3818.0,88100,2354812,3364868420.0,3818.0,101,3816.0,251
rb1805,20171127,20171124,210312000,3818.0,88120,2354822,3365631960.0,3818.0,99,3817.0,2
rb1805,20171127,20171124,210312500,3818.0,88302,2354990,3372580720.0,3818.0,12,3817.0,7
rb1805,20171127,20171124,210313000,3818.0,88326,2355002,3373497040.0,3818.0,21,3817.0,137
rb1805,20171127,20171124,210313500,3819.0,88378,2354998,3375482440.0,3819.0,128,3818.0,124
rb1805,20171127,20171124,210314000,3819.0,88392,2354998,3376017060.0,3819.0,127,3818.0,126
rb1805,20171127,20171124,210314500,3818.0,88396,2355000,3376169800.0,3819.0,129,3818.0,128
rb1805,20171127,20171124,210315000,3819.0,88468,2355002,3378919460.0,3819.0,112,3818.0,135
rb1805,20171127,20171124,210315500,3819.0,88530,2355004,3381286720.0,3819.0,110,3818.0,110
rb1805,20171127,20171124,210316000,3819.0,88552,2355006,3382126820.0,3819.0,108,3818.0,137
rb1805,20171127,20171124,210316500,3818.0,88566,2355002,3382661420.0,3819.0,108,3818.0,138
rb1805,20171127,20171124,210317000,3818.0,88578,2355006,3383119620.0,3819.0,118,3818.0,139
rb1805,20171127,20171124,210317500,3818.0,88690,2355028,3387396040.0,3819.0,106,3818.0,98
rb1805,20171127,20171124,210318000,3818.0,88738,2355070,3389229140.0,3819.0,91,3818.0,98
rb1805,20171127,20171124,210318500,3818.0,88938,2355152,3396867000.0,3819.0,32,3818.0,108
rb1805,20171127,20171124,210319000,3818.0,89004,2355156,3399387380.0,3819.0,16,3818.0,113
rb1805,20171127,20171124,210319500,3819.0,89284,2355154,3410078240.0,3819.0,13,3818.0,36
rb1805,20171127,20171124,210320000,3819.0,89332,2355156,3411911320.0,3819.0,12,3818.0,41
rb1805,20171127,20171124,210320500,3819.0,89374,2355152,3413515320.0,3820.0,1037,3819.0,207
rb1805,20171127,20171124,210321000,3820.0,89416,2355128,3415119380.0,3820.0,1034,3819.0,218
rb1805,20171127,20171124,210321500,3819.0,89482,2355122,3417640260.0,3820.0,1024,3819.0,203
rb1805,20171127,20171124,210322000,3820.0,90038,2355574,3438879240.0,3820.0,759,3819.0,237
rb1805,20171127,20171124,210322500,3821.0,91634,2356622,3499847060.0,3821.0,332,3820.0,854
rb1805,20171127,20171124,210323000,3821.0,92442,2356568,3530721100.0,3822.0,303,3821.0,545
rb1805,20171127,20171124,210323500,3822.0,93136,2356446,3557245800.0,3823.0,499,3822.0,319
rb1805,20171127,20171124,210324000,3823.0,93996,2356856,3590122960.0,3823.0,102,3822.0,140
rb1805,20171127,20171124,210324500,3823.0,94262,2356868,3600292320.0,3824.0,432,3823.0,106
rb1805,20171127,20171124,210325000,3824.0,94854,2356748,3622927240.0,3824.0,293,3823.0,25
rb1805,20171127,20171124,210325500,3824.0,95104,2356684,3632486860.0,3824.0,195,3823.0,24
rb1805,20171127,20171124,210326000,3824.0,95444,2356570,3645486500.0,3824.0,133,3823.0,2
rb1805,20171127,20171124,210326500,3824.0,95830,2356292,3660244580.0,3824.0,78,3823.0,1
rb1805,20171127,20171124,210327000,3823.0,95928,2356242,3663991480.0,3824.0,63,3823.0,59
rb1805,20171127,20171124,210327500,3823.0,96334,2356152,3679514880.0,3825.0,357,3824.0,11
rb1805,20171127,20171124,210328000,3824.0,96584,2356010,3689074640.0,3823.0,5,3822.0,50
rb1805,20171127,20171124,210328500,3820.0,97760,2355818,3734009000.0,3820.0,34,3819.0,187
rb1805,20171127,20171124,210329000,3820.0,98068,2355638,3745776660.0,3822.0,239,3820.0,190
rb1805,20171127,20171124,210329500,3821.0,98262,2355498,3753189320.0,3821.0,116,3820.0,358
rb1805,20171127,20171124,210330000,3822.0,98512,2355486,3762741960.0,3822.0,140,3821.0,93
rb1805,20171127,20171124,210330500,3822.0,98688,2355632,3769468660.0,3823.0,115,3822.0,24
rb1805,20171127,20171124,210331000,3823.0,98946,2355454,3779331980.0,3824.0,120,3823.0,36
rb1805,20171127,20171124,210331500,3824.0,99144,2355488,3786903400.0,3824.0,68,3823.0,57
rb1805,20171127,20171124,210332000,3824.0,99510,2355178,3800899260.0,3825.0,396,3824.0,114
rb1805,20171127,20171124,210332500,3824.0,100370,2355206,3833783520.0,3824.0,89,3821.0,89
rb1805,20171127,20171124,210333000,3822.0,100758,2355310,3848614980.0,3823.0,44,3822.0,89
rb1805,20171127,20171124,210333500,3823.0,100882,2355352,3853355100.0,3823.0,1,3822.0,84
rb1805,20171127,20171124,210334000,3824.0,101150,2355148,3863603160.0,3824.0,122,3823.0,367
rb1805,20171127,20171124,210334500,3824.0,101256,2355126,3867655900.0,3824.0,74,3823.0,540
rb1805,20171127,20171124,210335000,3824.0,101480,2355036,3876222020.0,3825.0,407,3824.0,15
rb1805,20171127,20171124,210335500,3824.0,101916,2354976,3892896800.0,3824.0,8,3823.0,425
rb1805,20171127,20171124,210336000,3824.0,102582,2354632,3918369940.0,3825.0,26,3824.0,7
rb1805,20171127,20171124,210336500,3824.0,102690,2354618,3922499800.0,3825.0,23,3824.0,26
rb1805,20171127,20171124,210337000,3825.0,102868,2354630,3929307840.0,3826.0,365,3825.0,274
rb1805,20171127,20171124,210337500,3825.0,104524,2353856,3992655440.0,3826.0,31,3825.0,11
rb1805,20171127,20171124,210338000,3826.0,105014,2354076,4011399820.0,3827.0,391,3826.0,1112
rb1805,20171127,20171124,210338500,3827.0,106568,2353786,4070875340.0,3828.0,342,3827.0,233
rb1805,20171127,20171124,210339000,3829.0,109448,2352858,4181147480.0,3830.0,888,3829.0,8
rb1805,20171127,20171124,210339500,3831.0,112516,2352350,4298644140.0,3832.0,229,3831.0,34
rb1805,20171127,20171124,210340000,3832.0,117368,2352002,4484635320.0,3835.0,1001,3832.0,2023
rb1805,20171127,20171124,210340500,3833.0,120198,2352256,4593135300.0,3834.0,209,3833.0,7
rb1805,20171127,20171124,210341000,3835.0,129338,2350350,4943808400.0,3838.0,70,3835.0,248
rb1805,20171127,20171124,210341500,3836.0,133616,2349470,5107974280.0,3838.0,215,3836.0,499
rb1805,20171127,20171124,210342000,3838.0,135686,2349064,5187404140.0,3838.0,38,3836.0,161
rb1805,20171127,20171124,210342500,3834.0,138560,2348234,5297693180.0,3835.0,43,3834.0,717
rb1805,20171127,20171124,210343000,3835.0,140126,2348342,5357762820.0,3836.0,2,3835.0,706
rb1805,20171127,20171124,210343500,3836.0,141146,2349062,5396891060.0,3837.0,92,3836.0,183
rb1805,20171127,20171124,210344000,3836.0,142364,2349182,5443612200.0,3836.0,128,3835.0,160
rb1805,20171127,20171124,210344500,3835.0,142862,2349192,5462709760.0,3835.0,159,3834.0,704
rb1805,20171127,20171124,210345000,3835.0,143752,2349530,5496834900.0,3835.0,191,3834.0,391
rb1805,20171127,20171124,210345500,3834.0,145408,2350040,5560328440.0,3834.0,331,3833.0,137
rb1805,20171127,20171124,210346000,3833.0,146144,2350218,5588539240.0,3833.0,282,3832.0,272
rb1805,20171127,20171124,210346500,3833.0,146482,2350102,5601491940.0,3833.0,266,3832.0,171
rb1805,20171127,20171124,210347000,3832.0,147030,2350182,5622491360.0,3832.0,1,3831.0,97
rb1805,20171127,20171124,210347500,3832.0,147696,2349942,5648008900.0,3832.0,40,3831.0,82
rb1805,20171127,20171124,210348000,3831.0,148090,2350044,5663107120.0,3832.0,3,3831.0,282
rb1805,20171127,20171124,210348500,3832.0,148680,2349766,5685713180.0,3832.0,47,3831.0,216
rb1805,20171127,20171124,210349000,3832.0,149038,2349650,5699432320.0,3833.0,214,3832.0,511
rb1805,20171127,20171124,210349500,3832.0,149728,2349566,5725875460.0,3833.0,98,3832.0,351
rb1805,20171127,20171124,210350000,3832.0,149958,2349598,5734690380.0,3833.0,51,3832.0,323
rb1805,20171127,20171124,210350500,3833.0,150228,2349518,5745039900.0,3834.0,656,3833.0,18
rb1805,20171127,20171124,210351000,3834.0,150428,2349642,5752705080.0,3834.0,650,3833.0,1
rb1805,20171127,20171124,210351500,3834.0,150626,2349642,5760295560.0,3834.0,625,3833.0,37
rb1805,20171127,20171124,210352000,3834.0,150890,2349686,5770414200.0,3834.0,616,3833.0,14
rb1805,20171127,20171124,210352500,3834.0,151092,2349752,5778157380.0,3834.0,589,3832.0,321
rb1805,20171127,20171124,210353000,3832.0,151166,2349802,5780993480.0,3833.0,107,3832.0,310
rb1805,20171127,20171124,210353500,3833.0,151628,2349764,5798703860.0,3834.0,512,3833.0,230
rb1805,20171127,20171124,210354000,3833.0,152342,2349696,5826072360.0,3833.0,64,3832.0,361
rb1805,20171127,20171124,210354500,3832.0,152458,2349688,5830518460.0,3833.0,50,3832.0,363
rb1805,20171127,20171124,210355000,3832.0,153172,2349580,5857879220.0,3833.0,94,3832.0,27
rb1805,20171127,20171124,210355500,3832.0,153286,2349536,5862247680.0,3832.0,110,3831.0,257
rb1805,20171127,20171124,210356000,3834.0,153948,2349628,5887619740.0,3834.0,710,3831.0,255
rb1805,20171127,20171124,210356500,3833.0,154174,2349636,5896280980.0,3833.0,67,3832.0,58
rb1805,20171127,20171124,210357000,3832.0,154446,2349870,5906704420.0,3833.0,105,3832.0,128
rb1805,20171127,20171124,210357500,3832.0,154538,2349896,5910230100.0,3833.0,92,3832.0,127
rb1805,20171127,20171124,210358000,3832.0,154842,2349760,5921882080.0,3833.0,38,3832.0,136
rb1805,20171127,20171124,210358500,3832.0,155064,2349818,5930389960.0,3833.0,42,3832.0,83
rb1805,20171127,20171124,210359000,3833.0,155224,2349780,5936522360.0,3834.0,757,3833.0,55
rb1805,20171127,20171124,210359500,3832.0,155642,2349716,5952541560.0,3832.0,25,3831.0,293
rb1805,20171127,20171124,210400000,3832.0,155980,2349604,5965492040.0,3832.0,112,3831.0,210
rb1805,20171127,20171124,210400500,3832.0,156510,2349690,5985802640.0,3833.0,94,3832.0,42
rb1805,20171127,20171124,210401000,3832.0,157322,2349138,6016932700.0,3833.0,39,3832.0,148
rb1805,20171127,20171124,210401500,3833.0,158428,2349336,6059332600.0,3834.0,123,3833.0,848
rb1805,20171127,20171124,210402000,3835.0,158834,2349380,6074898780.0,3835.0,916,3834.0,534
rb1805,20171127,20171124,210402500,3835.0,160666,2349554,6145150400.0,3835.0,291,3834.0,591
rb1805,20171127,20171124,210403000,3835.0,161610,2349784,6181349960.0,3836.0,496,3835.0,948
rb1805,20171127,20171124,210403500,3836.0,161986,2349904,6195771080.0,3836.0,412,3835.0,923
rb1805,20171127,20171124,210404000,3836.0,162502,2350276,6215563520.0,3836.0,224,3835.0,879
rb1805,20171127,20171124,210404500,3836.0,162672,2350278,6222083920.0,3836.0,205,3835.0,437
rb1805,20171127,20171124,210405000,3835.0,163184,2350414,6241719680.0,3836.0,237,3835.0,209
rb1805,20171127,20171124,210405500,3834.0,164604,2350552,6296180620.0,3834.0,54,3833.0,856
rb1805,20171127,20171124,210406000,3835.0,164908,2350534,6307837400.0,3835.0,131,3834.0,677
rb1805,20171127,20171124,210406500,3836.0,165408,2350630,6327012660.0,3836.0,61,3835.0,207
rb1805,20171127,20171124,210407000,3837.0,165762,2350750,6340592200.0,3837.0,315,3836.0,290
rb1805,20171127,20171124,210407500,3836.0,166520,2350680,6369670580.0,3837.0,143,3836.0,28
rb1805,20171127,20171124,210408000,3837.0,167130,2350448,6393073200.0,3838.0,771,3837.0,54
rb1805,20171127,20171124,210408500,3836.0,167536,2350434,6408649680.0,3837.0,163,3836.0,32
rb1805,20171127,20171124,210409000,3837.0,167688,2350554,6414481100.0,3837.0,317,3836.0,207
rb1805,20171127,20171124,210409500,3837.0,167914,2350666,6423152380.0,3837.0,425,3836.0,195
rb1805,20171127,20171124,210410000,3837.0,168068,2350696,6429060840.0,3837.0,447,3836.0,200
rb1805,20171127,20171124,210410500,3837.0,168222,2350650,6434968940.0,3837.0,492,3836.0,166
rb1805,20171127,20171124,210411000,3836.0,168646,2350802,6451233560.0,3836.0,196,3835.0,285
rb1805,20171127,20171124,210411500,3836.0,168850,2350870,6459058140.0,3836.0,161,3835.0,253
rb1805,20171127,20171124,210412000,3836.0,169056,2350954,6466959600.0,3836.0,165,3835.0,219
rb1805,20171127,20171124,210412500,3835.0,169222,2350944,6473326900.0,3836.0,231,3835.0,202
rb1805,20171127,20171124,210413000,3836.0,169946,2350906,6501098880.0,3836.0,8,3835.0,145
rb1805,20171127,20171124,210413500,3837.0,170344,2350852,6516366680.0,3836.0,2,3835.0,96
rb1805,20171127,20171124,210414000,3837.0,170604,2351026,6526340420.0,3837.0,553,3836.0,449
rb1805,20171127,20171124,210414500,3836.0,172232,2350192,6588804900.0,3837.0,102,3836.0,361
rb1805,20171127,20171124,210415000,3837.0,172810,2350464,6610980520.0,3837.0,1,3836.0,154
rb1805,20171127,20171124,210415500,3836.0,173010,2350512,6618653640.0,3837.0,81,3836.0,111
rb1805,20171127,20171124,210416000,3837.0,173292,2350522,6629472460.0,3837.0,35,3836.0,40
rb1805,20171127,20171124,210416500,3837.0,173442,2350538,6635227480.0,3837.0,155,3836.0,87
rb1805,20171127,20171124,210417000,3837.0,174018,2350646,6657328440.0,3837.0,9,3836.0,54
rb1805,20171127,20171124,210417500,3836.0,174196,2350642,6664156720.0,3836.0,195,3835.0,106
rb1805,20171127,20171124,210418000,3835.0,174384,2350678,6671367600.0,3836.0,178,3835.0,54
rb1805,20171127,20171124,210418500,3836.0,174804,2350610,6687478820.0,3837.0,143,3836.0,304
rb1805,20171127,20171124,210419000,3836.0,175020,2350482,6695765080.0,3837.0,228,3836.0,236
rb1805,20171127,20171124,210419500,3837.0,176536,2350252,6753943400.0,3838.0,1073,3837.0,85
rb1805,20171127,20171124,210420000,3838.0,176642,2350212,6758010720.0,3838.0,1068,3837.0,52
rb1805,20171127,20171124,210420500,3837.0,177110,2350204,6775969280.0,3838.0,1016,3837.0,52
rb1805,20171127,20171124,210421000,3837.0,177984,2350062,6809497580.0,3837.0,51,3836.0,302
rb1805,20171127,20171124,210421500,3837.0,178140,2350076,6815482860.0,3837.0,242,3836.0,261
rb1805,20171127,20171124,210422000,3834.0,179340,2349988,6861507420.0,3834.0,229,3833.0,147
rb1805,20171127,20171124,210422500,3833.0,179722,2349926,6876149280.0,3833.0,129,3832.0,276
rb1805,20171127,20171124,210423000,3834.0,180910,2349738,6921683080.0,3834.0,708,3833.0,11
rb1805,20171127,20171124,210423500,3833.0,181030,2349674,6926282680.0,3833.0,164,3832.0,182
rb1805,20171127,20171124,210424000,3833.0,181468,2349300,6943069260.0,3833.0,9,3832.0,82
rb1805,20171127,20171124,210424500,3834.0,182154,2349278,6969369940.0,3834.0,413,3833.0,15
rb1805,20171127,20171124,210425000,3834.0,182364,2349228,6977419720.0,3833.0,1,3832.0,202
rb1805,20171127,20171124,210425500,3833.0,182620,2349230,6987233300.0,3834.0,328,3833.0,114
rb1805,20171127,20171124,210426000,3834.0,183350,2349304,7015220220.0,3834.0,16,3833.0,9
rb1805,20171127,20171124,210426500,3834.0,183578,2349290,7023963600.0,3836.0,382,3834.0,46
rb1805,20171127,20171124,210427000,3835.0,183762,2349314,7031018380.0,3835.0,29,3834.0,243
rb1805,20171127,20171124,210427500,3835.0,183906,2349218,7036540860.0,3836.0,392,3835.0,63
rb1805,20171127,20171124,210428000,3836.0,184012,2349178,7040606240.0,3836.0,359,3835.0,76
rb1805,20171127,20171124,210428500,3833.0,184844,2349756,7072508140.0,3834.0,186,3833.0,279
rb1805,20171127,20171124,210429000,3833.0,185226,2349822,7087153260.0,3834.0,50,3833.0,178
rb1805,20171127,20171124,210429500,3834.0,185620,2350014,7102263700.0,3836.0,273,3834.0,95
rb1805,20171127,20171124,210430000,3836.0,185648,2350022,7103337460.0,3836.0,274,3834.0,163
rb1805,20171127,20171124,210430500,3834.0,186054,2350026,7118910200.0,3836.0,385,3834.0,120
rb1805,20171127,20171124,210431000,3835.0,186114,2350016,7121210780.0,3835.0,40,3834.0,135
rb1805,20171127,20171124,210431500,3833.0,186948,2350188,7153186160.0,3834.0,93,3833.0,194
rb1805,20171127,20171124,210432000,3834.0,187228,2350156,7163919520.0,3834.0,132,3833.0,103
rb1805,20171127,20171124,210432500,3833.0,187528,2350156,7175418540.0,3833.0,61,3832.0,170
rb1805,20171127,20171124,210433000,3833.0,187558,2350156,7176568400.0,3833.0,146,3832.0,98
rb1805,20171127,20171124,210433500,3833.0,187688,2350190,7181550540.0,3833.0,113,3832.0,73
rb1805,20171127,20171124,210434000,3833.0,188034,2350262,7194813200.0,3834.0,290,3833.0,51
rb1805,20171127,20171124,210434500,3833.0,188256,2350222,7203321800.0,3833.0,53,3832.0,32
rb1805,20171127,20171124,210435000,3833.0,189140,2350760,7237214020.0,3833.0,70,3832.0,152
rb1805,20171127,20171124,210435500,3833.0,189440,2351008,7248713260.0,3834.0,46,3833.0,19
rb1805,20171127,20171124,210436000,3834.0,190112,2351350,7274465520.0,3834.0,6,3832.0,20
rb1805,20171127,20171124,210436500,3833.0,190244,2351380,7279524680.0,3833.0,1,3832.0,53
rb1805,20171127,20171124,210437000,3834.0,190468,2351374,7288110780.0,3834.0,92,3833.0,13
rb1805,20171127,20171124,210437500,3834.0,190538,2351358,7290793900.0,3834.0,101,3833.0,7
rb1805,20171127,20171124,210438000,3834.0,190844,2351424,7302525560.0,3835.0,246,3834.0,15
rb1805,20171127,20171124,210438500,3833.0,190980,2351416,7307739420.0,3834.0,144,3833.0,52
rb1805,20171127,20171124,210439000,3832.0,192118,2351956,7351342620.0,3833.0,120,3832.0,16
rb1805,20171127,20171124,210439500,3833.0,192436,2352012,7363528320.0,3832.0,31,3831.0,113
rb1805,20171127,20171124,210440000,3831.0,192596,2352038,7369658380.0,3832.0,62,3831.0,63
rb1805,20171127,20171124,210440500,3832.0,192670,2351982,7372493640.0,3832.0,56,3831.0,44
rb1805,20171127,20171124,210441000,3831.0,192864,2351976,7379926820.0,3831.0,548,3830.0,644
rb1805,20171127,20171124,210441500,3831.0,193154,2352206,7391036580.0,3831.0,425,3830.0,638
rb1805,20171127,20171124,210442000,3831.0,193384,2352292,7399846960.0,3831.0,369,3830.0,599
rb1805,20171127,20171124,210442500,3831.0,193906,2352570,7419844120.0,3831.0,163,3830.0,572
rb1805,20171127,20171124,210443000,3830.0,194190,2352636,7430722580.0,3831.0,197,3830.0,506
rb1805,20171127,20171124,210443500,3830.0,194454,2352650,7440835600.0,3831.0,114,3830.0,469
rb1805,20171127,20171124,210444000,3830.0,194748,2352742,7452096500.0,3831.0,82,3830.0,421
rb1805,20171127,20171124,210444500,3830.0,195116,2352692,7466192240.0,3831.0,27,3830.0,318
rb1805,20171127,20171124,210445000,3831.0,195346,2352692,7475002860.0,3831.0,77,3830.0,308
rb1805,20171127,20171124,210445500,3830.0,195628,2352530,7485806120.0,3831.0,29,3830.0,313
rb1805,20171127,20171124,210446000,3830.0,196554,2352058,7521274760.0,3830.0,138,3829.0,391
rb1805,20171127,20171124,210446500,3829.0,196748,2352002,7528704620.0,3830.0,147,3829.0,314
rb1805,20171127,20171124,210447000,3829.0,197004,2351842,7538507740.0,3830.0,147,3829.0,240
rb1805,20171127,20171124,210447500,3830.0,197646,2351906,7563091840.0,3830.0,74,3829.0,16
rb1805,20171127,20171124,210448000,3830.0,197840,2351948,7570520760.0,3830.0,132,3828.0,280
rb1805,20171127,20171124,210448500,3829.0,197910,2351976,7573201460.0,3829.0,3,3828.0,297
rb1805,20171127,20171124,210449000,3829.0,198020,2352032,7577413540.0,3830.0,115,3829.0,3
rb1805,20171127,20171124,210449500,3830.0,198268,2351944,7586911940.0,3831.0,121,3830.0,55
rb1805,20171127,20171124,210450000,3830.0,198468,2351968,7594571960.0,3831.0,51,3829.0,114
rb1805,20171127,20171124,210450500,3829.0,198710,2352184,7603840320.0,3831.0,48,3829.0,234
rb1805,20171127,20171124,210451000,3829.0,199106,2352166,7619003700.0,3831.0,39,3830.0,56
rb1805,20171127,20171124,210451500,3830.0,199358,2352394,7628656840.0,3832.0,190,3830.0,17
rb1805,20171127,20171124,210452000,3830.0,199450,2352426,7632181140.0,3832.0,185,3831.0,2
rb1805,20171127,20171124,210452500,3830.0,199608,2352378,7638232860.0,3831.0,21,3830.0,152
rb1805,20171127,20171124,210453000,3830.0,200288,2352250,7664281180.0,3830.0,276,3829.0,174
rb1805,20171127,20171124,210453500,3830.0,200700,2352090,7680060560.0,3830.0,124,3829.0,191
rb1805,20171127,20171124,210454000,3830.0,200984,2351874,7690937940.0,3831.0,15,3830.0,4
rb1805,20171127,20171124,210454500,3830.0,201004,2351874,7691704040.0,3831.0,27,3830.0,18
rb1805,20171127,20171124,210455000,3830.0,201134,2351906,7696682860.0,3830.0,22,3829.0,227
rb1805,20171127,20171124,210455500,3830.0,201220,2351882,7699976660.0,3831.0,98,3830.0,9
rb1805,20171127,20171124,210456000,3830.0,201296,2351876,7702887800.0,3831.0,97,3830.0,4
rb1805,20171127,20171124,210456500,3830.0,201372,2351880,7705798720.0,3830.0,94,3829.0,307
rb1805,20171127,20171124,210457000,3830.0,201518,2352004,7711390300.0,3830.0,101,3829.0,286
rb1805,20171127,20171124,210457500,3829.0,201600,2351994,7714530760.0,3830.0,168,3829.0,280
rb1805,20171127,20171124,210458000,3830.0,201772,2352016,7721117140.0,3830.0,191,3829.0,253
rb1805,20171127,20171124,210458500,3830.0,201864,2352026,7724640580.0,3830.0,161,3829.0,252
rb1805,20171127,20171124,210459000,3829.0,201916,2352020,7726631820.0,3830.0,158,3829.0,239
rb1805,20171127,20171124,210459500,3830.0,202140,2352080,7735209840.0,3830.0,146,3829.0,189
rb1805,20171127,20171124,210500000,3830.0,202260,2352172,7739805660.0,3830.0,107,3829.0,256
rb1805,20171127,20171124,210500500,3831.0,202672,2352276,7755584100.0,3831.0,61,3829.0,199
rb1805,20171127,20171124,210501000,3831.0,203350,2352398,7781557940.0,3832.0,150,3831.0,6
rb1805,20171127,20171124,210501500,3831.0,203658,2352526,7793355480.0,3831.0,166,3830.0,2
rb1805,20171127,20171124,210502000,3831.0,203844,2352516,7800479880.0,3831.0,144,3830.0,21
rb1805,20171127,20171124,210502500,3831.0,204238,2352496,7815572260.0,3831.0,39,3830.0,92
rb1805,20171127,20171124,210503000,3832.0,204622,2352596,7830283560.0,3832.0,171,3831.0,41
rb1805,20171127,20171124,210503500,3831.0,204730,2352662,7834421160.0,3832.0,156,3831.0,22
rb1805,20171127,20171124,210504000,3831.0,204800,2352648,7837102820.0,3831.0,35,3830.0,162
rb1805,20171127,20171124,210504500,3830.0,205126,2352856,7849589740.0,3832.0,165,3830.0,66
rb1805,20171127,20171124,210505000,3831.0,205176,2352834,7851505540.0,3832.0,152,3831.0,2
rb1805,20171127,20171124,210505500,3831.0,205338,2352782,7857711640.0,3832.0,167,3830.0,168
rb1805,20171127,20171124,210506000,3831.0,205392,2352770,7859780100.0,3831.0,51,3830.0,187
rb1805,20171127,20171124,210506500,3831.0,205526,2352756,7864913000.0,3831.0,147,3830.0,151
rb1805,20171127,20171124,210507000,3830.0,206094,2352658,7886669820.0,3830.0,86,3829.0,205
rb1805,20171127,20171124,210507500,3830.0,206108,2352662,7887205980.0,3830.0,241,3829.0,204
rb1805,20171127,20171124,210508000,3830.0,206258,2352654,7892950020.0,3830.0,297,3829.0,158
rb1805,20171127,20171124,210508500,3829.0,206660,2352914,7908342600.0,3829.0,109,3828.0,558
rb1805,20171127,20171124,210509000,3829.0,206762,2352904,7912247740.0,3829.0,238,3828.0,536
rb1805,20171127,20171124,210509500,3829.0,206876,2352938,7916612360.0,3829.0,225,3828.0,524
rb1805,20171127,20171124,210510000,3829.0,207082,2352926,7924498500.0,3829.0,182,3828.0,449
rb1805,20171127,20171124,210510500,3828.0,207134,2352892,7926489180.0,3829.0,192,3828.0,430
rb1805,20171127,20171124,210511000,3829.0,207382,2352758,7935983360.0,3829.0,97,3828.0,354
rb1805,20171127,20171124,210511500,3829.0,207500,2352736,7940500920.0,3829.0,101,3828.0,368
rb1805,20171127,20171124,210512000,3828.0,207582,2352778,7943640060.0,3829.0,97,3828.0,339
rb1805,20171127,20171124,210512500,3829.0,207690,2352766,7947775280.0,3829.0,49,3828.0,370
rb1805,20171127,20171124,210513000,3829.0,208274,2352618,7970140960.0,3830.0,85,3829.0,104
rb1805,20171127,20171124,210513500,3829.0,208686,2352472,7985918200.0,3830.0,9,3829.0,31
rb1805,20171127,20171124,210514000,3829.0,208822,2352482,7991126780.0,3831.0,184,3829.0,234
rb1805,20171127,20171124,210514500,3830.0,208844,2352490,7991969520.0,3831.0,181,3829.0,233
rb1805,20171127,20171124,210515000,3829.0,208978,2352556,7997100420.0,3831.0,180,3829.0,181
rb1805,20171127,20171124,210515500,3829.0,209026,2352558,7998938740.0,3830.0,9,3829.0,200
rb1805,20171127,20171124,210516000,3830.0,209174,2352536,8004605900.0,3831.0,182,3830.0,33
rb1805,20171127,20171124,210516500,3830.0,209486,2352628,8016558200.0,3831.0,52,3830.0,14
rb1805,20171127,20171124,210517000,3830.0,209654,2352604,8022993640.0,3832.0,155,3831.0,30
rb1805,20171127,20171124,210517500,3831.0,209800,2352648,8028587880.0,3832.0,113,3831.0,39
rb1805,20171127,20171124,210518000,3832.0,209814,2352638,8029124260.0,3832.0,108,3831.0,58
rb1805,20171127,20171124,210518500,3830.0,210046,2352468,8038012080.0,3832.0,78,3831.0,10
rb1805,20171127,20171124,210519000,3831.0,210336,2352742,8049119540.0,3831.0,52,3830.0,91
rb1805,20171127,20171124,210519500,3830.0,210360,2352760,8050038760.0,3831.0,66,3830.0,85
rb1805,20171127,20171124,210520000,3831.0,210368,2352760,8050345200.0,3831.0,71,3830.0,85
rb1805,20171127,20171124,210520500,3831.0,210444,2352760,8053256060.0,3831.0,130,3830.0,59
rb1805,20171127,20171124,210521000,3830.0,210660,2352756,8061529740.0,3831.0,96,3830.0,5
rb1805,20171127,20171124,210521500,3830.0,211086,2352464,8077845540.0,3830.0,234,3829.0,205
rb1805,20171127,20171124,210522000,3830.0,211426,2352626,8090864440.0,3830.0,220,3829.0,37
rb1805,20171127,20171124,210522500,3829.0,211574,2352690,8096531360.0,3829.0,80,3828.0,495
rb1805,20171127,20171124,210523000,3828.0,211668,2352644,8100130500.0,3829.0,41,3828.0,490
rb1805,20171127,20171124,210523500,3829.0,211682,2352642,8100666520.0,3829.0,35,3828.0,487
rb1805,20171127,20171124,210524000,3829.0,211714,2352644,8101891780.0,3829.0,42,3828.0,485
rb1805,20171127,20171124,210524500,3829.0,211774,2352618,8104188940.0,3829.0,24,3828.0,473
rb1805,20171127,20171124,210525000,3829.0,211860,2352606,8107481600.0,3830.0,314,3829.0,4
rb1805,20171127,20171124,210525500,3829.0,211932,2352650,8110237920.0,3829.0,101,3828.0,437
rb1805,20171127,20171124,210526000,3829.0,212128,2352698,8117742760.0,3830.0,334,3829.0,5
rb1805,20171127,20171124,210526500,3829.0,212214,2352738,8121035740.0,3830.0,333,3829.0,12
rb1805,20171127,20171124,210527000,3830.0,212342,2352740,8125937720.0,3830.0,290,3829.0,17
rb1805,20171127,20171124,210527500,3829.0,212790,2352476,8143095900.0,3830.0,78,3829.0,8
rb1805,20171127,20171124,210528000,3829.0,212864,2352482,8145929400.0,3830.0,73,3829.0,69
rb1805,20171127,20171124,210528500,3830.0,212936,2352486,8148686500.0,3830.0,72,3829.0,60
rb1805,20171127,20171124,210529000,3829.0,213114,2352578,8155503500.0,3830.0,9,3829.0,39
rb1805,20171127,20171124,210529500,3830.0,213308,2352580,8162933360.0,3831.0,283,3830.0,149
rb1805,20171127,20171124,210530000,3831.0,213330,2352562,8163775980.0,3831.0,264,3830.0,159
rb1805,20171127,20171124,210530500,3830.0,213368,2352548,8165231420.0,3831.0,263,3830.0,146
rb1805,20171127,20171124,210531000,3829.0,213690,2352278,8177564020.0,3830.0,34,3829.0,127
rb1805,20171127,20171124,210531500,3830.0,213984,2352444,8188824220.0,3831.0,257,3830.0,19
rb1805,20171127,20171124,210532000,3830.0,214072,2352402,8192194480.0,3830.0,39,3829.0,207
rb1805,20171127,20171124,210532500,3830.0,214094,2352402,8193036960.0,3830.0,49,3829.0,203
rb1805,20171127,20171124,210533000,3830.0,214376,2352430,8203835360.0,3830.0,66,3829.0,95
rb1805,20171127,20171124,210533500,3829.0,214492,2352344,8208277100.0,3830.0,164,3829.0,60
rb1805,20171127,20171124,210534000,3830.0,214780,2352416,8219304640.0,3830.0,194,3828.0,525
rb1805,20171127,20171124,210534500,3829.0,215068,2352368,8230334760.0,3829.0,19,3828.0,526
rb1805,20171127,20171124,210535000,3830.0,215136,2352396,8232938580.0,3830.0,99,3829.0,37
rb1805,20171127,20171124,210535500,3829.0,215228,2352466,8236461300.0,3829.0,7,3828.0,487
rb1805,20171127,20171124,210536000,3830.0,215458,2352300,8245270020.0,3830.0,202,3828.0,552
rb1805,20171127,20171124,210536500,3829.0,215476,2352302,8245959220.0,3829.0,25,3828.0,551
rb1805,20171127,20171124,210537000,3829.0,215686,2352370,8253998480.0,3829.0,2,3828.0,469
rb1805,20171127,20171124,210537500,3830.0,215754,2352378,8256602120.0,3830.0,211,3829.0,1
rb1805,20171127,20171124,210538000,3828.0,215774,2352376,8257367900.0,3830.0,211,3828.0,390
rb1805,20171127,20171124,210538500,3829.0,215792,2352388,8258057100.0,3829.0,42,3828.0,461
rb1805,20171127,20171124,210539000,3828.0,215916,2352438,8262804740.0,3829.0,29,3828.0,379
rb1805,20171127,20171124,210539500,3828.0,215966,2352440,8264719180.0,3829.0,14,3828.0,535
rb1805,20171127,20171124,210540000,3828.0,216124,2352526,8270767700.0,3829.0,2,3828.0,482
rb1805,20171127,20171124,210540500,3828.0,216610,2352460,8289371940.0,3829.0,16,3828.0,254
rb1805,20171127,20171124,210541000,3829.0,216836,2352542,8298023360.0,3829.0,60,3828.0,156
rb1805,20171127,20171124,210541500,3829.0,217146,2352530,8309891220.0,3829.0,18,3828.0,53
rb1805,20171127,20171124,210542000,3828.0,217362,2352618,8318159940.0,3829.0,37,3828.0,207
rb1805,20171127,20171124,210542500,3828.0,217534,2352642,8324744220.0,3829.0,14,3828.0,138
rb1805,20171127,20171124,210543000,3829.0,217584,2352650,8326658340.0,3829.0,12,3828.0,136
rb1805,20171127,20171124,210543500,3828.0,217682,2352718,8330410400.0,3829.0,2,3828.0,181
rb1805,20171127,20171124,210544000,3829.0,217772,2352770,8333856500.0,3830.0,306,3829.0,7
rb1805,20171127,20171124,210544500,3828.0,218014,2352916,8343120800.0,3829.0,38,3828.0,147
rb1805,20171127,20171124,210545000,3829.0,218064,2352904,8345035060.0,3829.0,44,3828.0,137
rb1805,20171127,20171124,210545500,3829.0,218154,2352958,8348480560.0,3829.0,54,3828.0,108
rb1805,20171127,20171124,210546000,3828.0,218296,2353018,8353916400.0,3829.0,79,3828.0,46
rb1805,20171127,20171124,210546500,3829.0,218316,2353010,8354682160.0,3829.0,88,3828.0,62
rb1805,20171127,20171124,210547000,3828.0,218370,2353028,8356749500.0,3829.0,79,3828.0,74
rb1805,20171127,20171124,210547500,3828.0,218478,2353054,8360883760.0,3829.0,85,3828.0,52
rb1805,20171127,20171124,210548000,3828.0,218610,2353032,8365937900.0,3829.0,27,3828.0,65
rb1805,20171127,20171124,210548500,3829.0,218644,2353034,8367239660.0,3829.0,24,3828.0,115
rb1805,20171127,20171124,210549000,3829.0,218740,2353064,8370915300.0,3830.0,341,3829.0,46
rb1805,20171127,20171124,210549500,3830.0,218886,2353058,8376505620.0,3830.0,337,3829.0,18
rb1805,20171127,20171124,210550000,3829.0,218896,2353054,8376888520.0,3830.0,338,3829.0,27
rb1805,20171127,20171124,210550500,3829.0,218906,2353052,8377271440.0,3830.0,340,3829.0,34
rb1805,20171127,20171124,210551000,3829.0,218942,2353054,8378649880.0,3830.0,341,3829.0,38
rb1805,20171127,20171124,210551500,3829.0,219042,2353022,8382478900.0,3829.0,62,3828.0,356
rb1805,20171127,20171124,210552000,3829.0,219152,2352970,8386690580.0,3829.0,26,3828.0,390
rb1805,20171127,20171124,210552500,3830.0,219322,2352886,8393200040.0,3830.0,362,3829.0,42
rb1805,20171127,20171124,210553000,3829.0,219472,2352860,8398944740.0,3830.0,403,3829.0,115
rb1805,20171127,20171124,210553500,3830.0,219554,2352856,8402085100.0,3830.0,379,3829.0,99
rb1805,20171127,20171124,210554000,3829.0,219644,2352830,8405531760.0,3830.0,357,3829.0,185
rb1805,20171127,20171124,210554500,3829.0,219678,2352830,8406833680.0,3830.0,377,3829.0,197
rb1805,20171127,20171124,210555000,3830.0,220150,2352692,8424907040.0,3830.0,354,3828.0,471
rb1805,20171127,20171124,210555500,3829.0,220170,2352702,8425672760.0,3829.0,9,3828.0,389
rb1805,20171127,20171124,210556000,3830.0,220296,2352782,8430497500.0,3829.0,1,3828.0,392
rb1805,20171127,20171124,210556500,3829.0,220312,2352792,8431110160.0,3830.0,348,3829.0,1
rb1805,20171127,20171124,210557000,3828.0,220440,2352802,8436010880.0,3829.0,92,3828.0,378
rb1805,20171127,20171124,210557500,3828.0,220574,2352836,8441141400.0,3829.0,44,3828.0,362
rb1805,20171127,20171124,210558000,3828.0,220754,2352934,8448032540.0,3829.0,41,3828.0,310
rb1805,20171127,20171124,210558500,3829.0,220778,2352948,8448951400.0,3829.0,53,3828.0,347
rb1805,20171127,20171124,210559000,3829.0,220852,2352890,8451784180.0,3829.0,50,3828.0,315
rb1805,20171127,20171124,210559500,3828.0,220910,2352900,8454004680.0,3829.0,63,3828.0,307
rb1805,20171127,20171124,210600000,3829.0,220970,2352950,8456302020.0,3829.0,60,3828.0,312
rb1805,20171127,20171124,210600500,3829.0,221104,2352968,8461432780.0,3829.0,116,3828.0,321
rb1805,20171127,20171124,210601000,3829.0,221588,2352652,8479967360.0,3830.0,295,3829.0,40
rb1805,20171127,20171124,210601500,3829.0,222016,2352420,8496359420.0,3830.0,98,3829.0,28
rb1805,20171127,20171124,210602000,3829.0,222610,2352446,8519109140.0,3829.0,81,3828.0,340
rb1805,20171127,20171124,210602500,3830.0,222836,2352506,8527763240.0,3830.0,1,3829.0,118
rb1805,20171127,20171124,210603000,3830.0,222912,2352514,8530674080.0,3831.0,247,3830.0,1
rb1805,20171127,20171124,210603500,3829.0,223346,2352334,8547290200.0,3831.0,256,3830.0,15
rb1805,20171127,20171124,210604000,3829.0,223480,2352260,8552422380.0,3830.0,98,3829.0,147
rb1805,20171127,20171124,210604500,3829.0,223530,2352258,8554337180.0,3830.0,132,3829.0,92
rb1805,20171127,20171124,210605000,3829.0,223542,2352254,8554796740.0,3830.0,149,3829.0,147
rb1805,20171127,20171124,210605500,3830.0,223622,2352258,8557860480.0,3830.0,162,3829.0,109
rb1805,20171127,20171124,210606000,3830.0,223718,2352302,8561537280.0,3830.0,123,3829.0,111
rb1805,20171127,20171124,210606500,3830.0,223970,2352324,8571188860.0,3830.0,3,3829.0,112
rb1805,20171127,20171124,210607000,3829.0,224036,2352320,8573716560.0,3830.0,27,3829.0,108
rb1805,20171127,20171124,210607500,3830.0,224098,2352318,8576091080.0,3830.0,11,3829.0,105
rb1805,20171127,20171124,210608000,3830.0,224160,2352316,8578465680.0,3831.0,274,3830.0,14
rb1805,20171127,20171124,210608500,3830.0,224270,2352274,8582678540.0,3830.0,68,3829.0,99
rb1805,20171127,20171124,210609000,3829.0,224280,2352274,8583061500.0,3830.0,68,3829.0,101
rb1805,20171127,20171124,210609500,3830.0,224318,2352274,8584516880.0,3830.0,118,3829.0,117
rb1805,20171127,20171124,210610000,3830.0,224462,2352188,8590031840.0,3830.0,65,3829.0,116
rb1805,20171127,20171124,210610500,3830.0,224570,2352206,8594167240.0,3830.0,64,3829.0,66
rb1805,20171127,20171124,210611000,3829.0,224674,2352186,8598149860.0,3830.0,80,3829.0,48
rb1805,20171127,20171124,210611500,3830.0,224704,2352186,8599298580.0,3830.0,105,3829.0,98
rb1805,20171127,20171124,210612000,3830.0,224828,2352164,8604046580.0,3830.0,115,3829.0,43
rb1805,20171127,20171124,210612500,3829.0,224934,2352184,8608105320.0,3829.0,39,3828.0,363
rb1805,20171127,20171124,210613000,3829.0,225024,2352252,8611551340.0,3829.0,20,3828.0,359
rb1805,20171127,20171124,210613500,3829.0,225042,2352244,8612240560.0,3829.0,45,3828.0,363
rb1805,20171127,20171124,210614000,3829.0,225080,2352234,8613695560.0,3829.0,62,3828.0,361
rb1805,20171127,20171124,210614500,3829.0,225248,2352180,8620128260.0,3829.0,60,3828.0,365
rb1805,20171127,20171124,210615000,3828.0,225274,2352194,8621123660.0,3829.0,131,3828.0,359
rb1805,20171127,20171124,210615500,3829.0,225356,2352262,8624263320.0,3829.0,137,3828.0,355
rb1805,20171127,20171124,210616000,3829.0,225452,2352348,8627939080.0,3829.0,173,3828.0,356
rb1805,20171127,20171124,210616500,3829.0,225494,2352388,8629546860.0,3829.0,234,3828.0,337
rb1805,20171127,20171124,210617000,3828.0,225684,2352510,8636820400.0,3829.0,417,3828.0,261
rb1805,20171127,20171124,210617500,3828.0,226312,2352670,8660860880.0,3828.0,180,3827.0,521
rb1805,20171127,20171124,210618000,3828.0,226314,2352670,8660937440.0,3828.0,249,3827.0,522
rb1805,20171127,20171124,210618500,3828.0,226332,2352664,8661626480.0,3828.0,267,3827.0,522
rb1805,20171127,20171124,210619000,3828.0,226382,2352680,8663540140.0,3828.0,264,3827.0,507
rb1805,20171127,20171124,210619500,3828.0,226396,2352670,8664076020.0,3828.0,291,3827.0,586
rb1805,20171127,20171124,210620000,3828.0,226426,2352652,8665224380.0,3828.0,283,3827.0,586
rb1805,20171127,20171124,210620500,3827.0,226872,2352552,8682293160.0,3828.0,263,3827.0,381
rb1805,20171127,20171124,210621000,3827.0,227500,2352280,8706327120.0,3828.0,313,3827.0,90
rb1805,20171127,20171124,210621500,3827.0,227648,2352200,8711991100.0,3828.0,312,3827.0,21
rb1805,20171127,20171124,210622000,3826.0,227850,2352108,8719722060.0,3827.0,45,3826.0,866
rb1805,20171127,20171124,210622500,3826.0,228230,2351980,8734261880.0,3827.0,57,3826.0,729
rb1805,20171127,20171124,210623000,3827.0,228266,2351948,8735639540.0,3827.0,75,3826.0,728
rb1805,20171127,20171124,210623500,3827.0,228286,2351932,8736404840.0,3827.0,171,3826.0,728
rb1805,20171127,20171124,210624000,3826.0,228360,2351880,8739236280.0,3827.0,162,3826.0,711
rb1805,20171127,20171124,210624500,3826.0,228436,2351874,8742144320.0,3827.0,178,3826.0,688
rb1805,20171127,20171124,210625000,3826.0,228572,2351806,8747348780.0,3827.0,126,3826.0,716
rb1805,20171127,20171124,210625500,3827.0,228672,2351778,8751175320.0,3827.0,149,3826.0,686
rb1805,20171127,20171124,210626000,3827.0,228728,2351786,8753318140.0,3827.0,143,3826.0,694
rb1805,20171127,20171124,210626500,3827.0,228750,2351784,8754160080.0,3827.0,158,3826.0,696
rb1805,20171127,20171124,210627000,3827.0,229124,2351628,8768473060.0,3828.0,246,3827.0,63
rb1805,20171127,20171124,210627500,3827.0,229178,2351620,8770539700.0,3828.0,243,3827.0,76
rb1805,20171127,20171124,210628000,3827.0,229228,2351582,8772453200.0,3828.0,242,3827.0,165
rb1805,20171127,20171124,210628500,3827.0,229288,2351576,8774749400.0,3828.0,253,3827.0,261
rb1805,20171127,20171124,210629000,3828.0,229316,2351580,8775821040.0,3828.0,246,3827.0,266
rb1805,20171127,20171124,210629500,3827.0,229384,2351600,8778423400.0,3828.0,258,3827.0,243
rb1805,20171127,20171124,210630000,3828.0,230038,2351352,8803457140.0,3829.0,282,3828.0,14
rb1805,20171127,20171124,210630500,3828.0,230144,2351314,8807514640.0,3829.0,286,3828.0,21
rb1805,20171127,20171124,210631000,3828.0,230412,2351400,8817773100.0,3828.0,15,3827.0,295
rb1805,20171127,20171124,210631500,3827.0,230446,2351386,8819074560.0,3828.0,11,3827.0,317
rb1805,20171127,20171124,210632000,3828.0,230838,2351156,8834076660.0,3829.0,293,3828.0,4
rb1805,20171127,20171124,210632500,3827.0,231014,2351212,8840812840.0,3828.0,32,3827.0,96
rb1805,20171127,20171124,210633000,3828.0,231028,2351224,8841348760.0,3828.0,41,3827.0,113
rb1805,20171127,20171124,210633500,3828.0,231072,2351238,8843032900.0,3828.0,30,3827.0,106
rb1805,20171127,20171124,210634000,3828.0,231140,2351224,8845635660.0,3829.0,294,3828.0,39
rb1805,20171127,20171124,210634500,3828.0,231234,2351234,8849233940.0,3828.0,75,3827.0,138
rb1805,20171127,20171124,210635000,3827.0,231288,2351276,8851301020.0,3828.0,74,3827.0,196
rb1805,20171127,20171124,210635500,3828.0,231298,2351284,8851683820.0,3828.0,132,3827.0,177
rb1805,20171127,20171124,210636000,3828.0,231448,2351284,8857425740.0,3828.0,86,3827.0,169
rb1805,20171127,20171124,210636500,3827.0,231502,2351298,8859492680.0,3828.0,84,3827.0,176
rb1805,20171127,20171124,210637000,3827.0,231516,2351288,8860028480.0,3828.0,86,3827.0,176
rb1805,20171127,20171124,210637500,3828.0,231528,2351300,8860487840.0,3828.0,78,3827.0,197
rb1805,20171127,20171124,210638000,3828.0,231548,2351296,8861253360.0,3828.0,74,3827.0,233
rb1805,20171127,20171124,210638500,3827.0,231574,2351296,8862248580.0,3828.0,71,3827.0,247
rb1805,20171127,20171124,210639000,3827.0,231698,2351360,8866995280.0,3828.0,11,3827.0,258
rb1805,20171127,20171124,210639500,3828.0,231742,2351334,8868679600.0,3829.0,366,3828.0,52
rb1805,20171127,20171124,210640000,3829.0,231816,2351326,8871512420.0,3829.0,364,3828.0,21
rb1805,20171127,20171124,210640500,3827.0,232280,2350946,8889278300.0,3828.0,10,3827.0,271
rb1805,20171127,20171124,210641000,3828.0,232318,2350940,8890732840.0,3829.0,176,3828.0,7
rb1805,20171127,20171124,210641500,3828.0,232334,2350948,8891345320.0,3828.0,30,3827.0,666
rb1805,20171127,20171124,210642000,3828.0,232460,2350886,8896168600.0,3829.0,197,3828.0,63
rb1805,20171127,20171124,210642500,3828.0,232496,2350850,8897546680.0,3829.0,199,3828.0,67
rb1805,20171127,20171124,210643000,3828.0,232548,2350842,8899537240.0,3829.0,201,3828.0,53
rb1805,20171127,20171124,210643500,3829.0,232588,2350882,8901068840.0,3829.0,182,3828.0,61
rb1805,20171127,20171124,210644000,3828.0,232604,2350876,8901681320.0,3829.0,183,3828.0,55
rb1805,20171127,20171124,210644500,3828.0,232796,2350932,8909031060.0,3828.0,305,3827.0,684
rb1805,20171127,20171124,210645000,3828.0,232900,2350996,8913011420.0,3828.0,138,3827.0,647
rb1805,20171127,20171124,210645500,3828.0,232930,2350998,8914159820.0,3828.0,157,3827.0,750
rb1805,20171127,20171124,210646000,3828.0,232948,2351000,8914848760.0,3828.0,169,3827.0,756
rb1805,20171127,20171124,210646500,3828.0,232960,2351008,8915308120.0,3828.0,164,3827.0,757
rb1805,20171127,20171124,210647000,3828.0,233084,2351022,8920054840.0,3828.0,103,3827.0,757
rb1805,20171127,20171124,210647500,3828.0,233184,2351022,8923882840.0,3828.0,59,3827.0,769
rb1805,20171127,20171124,210648000,3828.0,233198,2351014,8924418760.0,3828.0,66,3827.0,769
rb1805,20171127,20171124,210648500,3827.0,233256,2351006,8926638940.0,3828.0,40,3827.0,766
rb1805,20171127,20171124,210649000,3827.0,233298,2350988,8928246560.0,3828.0,52,3827.0,755
rb1805,20171127,20171124,210649500,3828.0,233396,2351044,8931997760.0,3828.0,36,3827.0,744
rb1805,20171127,20171124,210650000,3827.0,233434,2351058,8933452280.0,3828.0,58,3827.0,740
rb1805,20171127,20171124,210650500,3828.0,233468,2351056,8934753560.0,3828.0,68,3827.0,729
rb1805,20171127,20171124,210651000,3827.0,233482,2351052,8935289460.0,3828.0,68,3827.0,728
rb1805,20171127,20171124,210651500,3827.0,233600,2351044,8939805740.0,3828.0,43,3827.0,737
rb1805,20171127,20171124,210652000,3828.0,233694,2351026,8943403140.0,3828.0,94,3827.0,691
rb1805,20171127,20171124,210652500,3828.0,233734,2350998,8944934140.0,3828.0,113,3827.0,681
rb1805,20171127,20171124,210653000,3828.0,233756,2350998,8945776260.0,3828.0,127,3827.0,679
rb1805,20171127,20171124,210653500,3828.0,233998,2350862,8955039640.0,3828.0,36,3827.0,664
rb1805,20171127,20171124,210654000,3828.0,234054,2350894,8957182820.0,3828.0,26,3827.0,638
rb1805,20171127,20171124,210654500,3827.0,234100,2350914,8958943360.0,3828.0,24,3827.0,621
rb1805,20171127,20171124,210655000,3827.0,234122,2350916,8959785340.0,3828.0,34,3827.0,615
rb1805,20171127,20171124,210655500,3827.0,234210,2350944,8963153420.0,3828.0,23,3827.0,608
rb1805,20171127,20171124,210656000,3828.0,234302,2351000,8966675160.0,3829.0,227,3827.0,603
rb1805,20171127,20171124,210656500,3827.0,234332,2350994,8967823540.0,3828.0,2,3827.0,600
rb1805,20171127,20171124,210657000,3827.0,234354,2351002,8968665520.0,3828.0,18,3827.0,596
rb1805,20171127,20171124,210657500,3827.0,234378,2351010,8969584040.0,3828.0,20,3827.0,587
rb1805,20171127,20171124,210658000,3827.0,234416,2351032,8971038320.0,3828.0,27,3827.0,570
rb1805,20171127,20171124,210658500,3828.0,234464,2351032,8972875340.0,3828.0,80,3827.0,562
rb1805,20171127,20171124,210659000,3828.0,234488,2351034,8973793880.0,3828.0,94,3827.0,558
rb1805,20171127,20171124,210659500,3827.0,234510,2351048,8974635820.0,3828.0,319,3827.0,552
rb1805,20171127,20171124,210700000,3827.0,235536,2351960,9013900860.0,3828.0,340,3827.0,50
rb1805,20171127,20171124,210700500,3827.0,235780,2352038,9023238740.0,3827.0,459,3826.0,867
rb1805,20171127,20171124,210701000,3827.0,235854,2352052,9026070320.0,3827.0,456,3826.0,847
rb1805,20171127,20171124,210701500,3827.0,235994,2352162,9031428120.0,3827.0,392,3826.0,847
rb1805,20171127,20171124,210702000,3826.0,236008,2352162,9031963800.0,3827.0,341,3826.0,847
rb1805,20171127,20171124,210702500,3827.0,236430,2352332,9048113660.0,3827.0,18,3826.0,844
rb1805,20171127,20171124,210703000,3827.0,236518,2352302,9051481420.0,3828.0,341,3827.0,83
rb1805,20171127,20171124,210703500,3827.0,236744,2352184,9060132440.0,3828.0,233,3827.0,296
rb1805,20171127,20171124,210704000,3827.0,237240,2352248,9079118920.0,3828.0,5,3827.0,348
rb1805,20171127,20171124,210704500,3828.0,237280,2352250,9080650120.0,3829.0,231,3828.0,151
rb1805,20171127,20171124,210705000,3828.0,237616,2352404,9093514500.0,3829.0,116,3828.0,104
rb1805,20171127,20171124,210705500,3829.0,237820,2352496,9101325500.0,3829.0,24,3828.0,126
rb1805,20171127,20171124,210706000,3828.0,238180,2352594,9115108700.0,3829.0,1,3828.0,100
rb1805,20171127,20171124,210706500,3829.0,238224,2352578,9116793460.0,3830.0,276,3829.0,67
rb1805,20171127,20171124,210707000,3829.0,238268,2352562,9118478220.0,3830.0,285,3829.0,50
rb1805,20171127,20171124,210707500,3829.0,238498,2352612,9127284860.0,3830.0,291,3829.0,43
rb1805,20171127,20171124,210708000,3828.0,238596,2352550,9131037260.0,3829.0,104,3828.0,164
rb1805,20171127,20171124,210708500,3829.0,238600,2352552,9131190420.0,3829.0,114,3828.0,136
rb1805,20171127,20171124,210709000,3829.0,238808,2352752,9139154700.0,3829.0,22,3828.0,135
rb1805,20171127,20171124,210709500,3828.0,238856,2352776,9140992560.0,3829.0,47,3828.0,132
rb1805,20171127,20171124,210710000,3829.0,238894,2352758,9142447260.0,3829.0,57,3828.0,119
rb1805,20171127,20171124,210710500,3829.0,238908,2352770,9142983260.0,3829.0,123,3828.0,120
rb1805,20171127,20171124,210711000,3828.0,239158,2352992,9152553600.0,3829.0,117,3828.0,34
rb1805,20171127,20171124,210711500,3828.0,239278,2353086,9157147200.0,3828.0,3,3827.0,430
rb1805,20171127,20171124,210712000,3828.0,239322,2353106,9158831740.0,3829.0,124,3828.0,4
rb1805,20171127,20171124,210712500,3828.0,239332,2353112,9159214580.0,3829.0,130,3828.0,75
rb1805,20171127,20171124,210713000,3829.0,239400,2353084,9161817640.0,3829.0,151,3828.0,70
rb1805,20171127,20171124,210713500,3829.0,239454,2353054,9163884860.0,3829.0,122,3828.0,70
rb1805,20171127,20171124,210714000,3828.0,239474,2353060,9164650560.0,3829.0,120,3828.0,71
rb1805,20171127,20171124,210714500,3829.0,239504,2353052,9165799220.0,3829.0,118,3828.0,76
rb1805,20171127,20171124,210715000,3829.0,239536,2353056,9167024360.0,3829.0,154,3828.0,77
rb1805,20171127,20171124,210715500,3829.0,239570,2353058,9168326040.0,3829.0,148,3828.0,129
rb1805,20171127,20171124,210716000,3828.0,239630,2353042,9170622880.0,3829.0,146,3828.0,101
rb1805,20171127,20171124,210716500,3829.0,239948,2353042,9182798940.0,3830.0,347,3829.0,105
rb1805,20171127,20171124,210717000,3829.0,240266,2352966,9194977660.0,3830.0,241,3829.0,90
rb1805,20171127,20171124,210717500,3829.0,240320,2352930,9197045320.0,3830.0,239,3829.0,104
rb1805,20171127,20171124,210718000,3829.0,240792,2352718,9215122200.0,3830.0,39,3829.0,74
rb1805,20171127,20171124,210718500,3830.0,240830,2352718,9216577320.0,3830.0,35,3829.0,75
rb1805,20171127,20171124,210719000,3829.0,241036,2352870,9224465040.0,3829.0,234,3828.0,97
rb1805,20171127,20171124,210719500,3829.0,241062,2352886,9225460580.0,3829.0,236,3828.0,49
rb1805,20171127,20171124,210720000,3829.0,241230,2353050,9231893260.0,3829.0,167,3828.0,75
rb1805,20171127,20171124,210720500,3829.0,241560,2353358,9244528940.0,3829.0,15,3828.0,78
rb1805,20171127,20171124,210721000,3829.0,241638,2353332,9247515580.0,3830.0,110,3829.0,13
rb1805,20171127,20171124,210721500,3829.0,241678,2353318,9249047180.0,3830.0,123,3829.0,19
rb1805,20171127,20171124,210722000,3830.0,241714,2353338,9250425640.0,3830.0,128,3829.0,75
rb1805,20171127,20171124,210722500,3829.0,241722,2353342,9250731980.0,3830.0,141,3829.0,74
rb1805,20171127,20171124,210723000,3830.0,241882,2353370,9256858460.0,3830.0,143,3829.0,25
rb1805,20171127,20171124,210723500,3830.0,241996,2353382,9261223560.0,3830.0,141,3828.0,146
rb1805,20171127,20171124,210724000,3829.0,242018,2353392,9262066020.0,3829.0,10,3828.0,136
rb1805,20171127,20171124,210724500,3829.0,242034,2353402,9262678640.0,3829.0,80,3828.0,134
rb1805,20171127,20171124,210725000,3829.0,242450,2353634,9278608620.0,3829.0,47,3828.0,110
rb1805,20171127,20171124,210725500,3829.0,242460,2353632,9278991520.0,3829.0,96,3828.0,133
rb1805,20171127,20171124,210726000,3829.0,242482,2353626,9279833840.0,3829.0,91,3828.0,119
rb1805,20171127,20171124,210726500,3829.0,242522,2353612,9281365220.0,3829.0,89,3828.0,111
rb1805,20171127,20171124,210727000,3829.0,242538,2353606,9281977860.0,3829.0,132,3828.0,137
rb1805,20171127,20171124,210727500,3829.0,242576,2353590,9283432740.0,3829.0,186,3828.0,134
rb1805,20171127,20171124,210728000,3828.0,242882,2353784,9295146420.0,3828.0,15,3827.0,493
rb1805,20171127,20171124,210728500,3828.0,242900,2353772,9295835460.0,3828.0,31,3827.0,495
rb1805,20171127,20171124,210729000,3828.0,242904,2353772,9295988580.0,3828.0,29,3827.0,496
rb1805,20171127,20171124,210729500,3828.0,242912,2353770,9296294820.0,3828.0,26,3827.0,496
rb1805,20171127,20171124,210730000,3828.0,242958,2353788,9298055640.0,3829.0,204,3828.0,5
rb1805,20171127,20171124,210730500,3829.0,243034,2353782,9300965500.0,3829.0,209,3828.0,33
rb1805,20171127,20171124,210731000,3828.0,243048,2353768,9301501440.0,3829.0,209,3828.0,46
rb1805,20171127,20171124,210731500,3828.0,243054,2353766,9301731140.0,3829.0,209,3828.0,99
rb1805,20171127,20171124,210732000,3828.0,243074,2353752,9302496740.0,3829.0,220,3828.0,90
rb1805,20171127,20171124,210732500,3829.0,243100,2353764,9303492220.0,3829.0,215,3828.0,113
rb1805,20171127,20171124,210733000,3828.0,243122,2353764,9304334480.0,3829.0,208,3828.0,109
rb1805,20171127,20171124,210733500,3829.0,243130,2353768,9304640740.0,3829.0,207,3828.0,107
rb1805,20171127,20171124,210734000,3829.0,243188,2353738,9306861020.0,3829.0,213,3828.0,93
rb1805,20171127,20171124,210734500,3828.0,243192,2353742,9307014140.0,3829.0,237,3828.0,107
rb1805,20171127,20171124,210735000,3829.0,243218,2353748,9308009660.0,3829.0,227,3828.0,108
rb1805,20171127,20171124,210735500,3829.0,243224,2353746,9308239380.0,3829.0,229,3828.0,110
rb1805,20171127,20171124,210736000,3828.0,243228,2353746,9308392520.0,3829.0,222,3828.0,115
rb1805,20171127,20171124,210736500,3829.0,243234,2353746,9308622260.0,3829.0,220,3828.0,120
rb1805,20171127,20171124,210737000,3829.0,243284,2353750,9310536340.0,3829.0,216,3828.0,117
rb1805,20171127,20171124,210737500,3828.0,243434,2353706,9316278360.0,3829.0,223,3828.0,33
rb1805,20171127,20171124,210738000,3828.0,243532,2353696,9320030100.0,3828.0,25,3827.0,546
rb1805,20171127,20171124,210738500,3827.0,243536,2353698,9320183180.0,3828.0,78,3827.0,552
rb1805,20171127,20171124,210739000,3828.0,243552,2353704,9320795660.0,3828.0,75,3827.0,555
rb1805,20171127,20171124,210739500,3828.0,243560,2353712,9321101900.0,3828.0,155,3827.0,546
rb1805,20171127,20171124,210740000,3828.0,243786,2353650,9329752780.0,3828.0,81,3827.0,449
rb1805,20171127,20171124,210740500,3827.0,243824,2353656,9331207100.0,3828.0,297,3827.0,434
rb1805,20171127,20171124,210741000,3828.0,243878,2353696,9333274200.0,3828.0,283,3827.0,679
rb1805,20171127,20171124,210741500,3827.0,243906,2353680,9334345820.0,3828.0,294,3827.0,669
rb1805,20171127,20171124,210742000,3827.0,243944,2353688,9335800220.0,3828.0,289,3827.0,664
rb1805,20171127,20171124,210742500,3828.0,244002,2353694,9338020360.0,3828.0,268,3827.0,658
rb1805,20171127,20171124,210743000,3828.0,244050,2353678,9339857460.0,3828.0,264,3827.0,646
rb1805,20171127,20171124,210743500,3828.0,244086,2353698,9341235420.0,3828.0,256,3827.0,641
rb1805,20171127,20171124,210744000,3828.0,244086,2353698,9341235420.0,3828.0,256,3827.0,644
rb1805,20171127,20171124,210744500,3828.0,244110,2353690,9342154120.0,3828.0,280,3827.0,644
rb1805,20171127,20171124,210745000,3828.0,244168,2353654,9344374260.0,3828.0,256,3827.0,619
rb1805,20171127,20171124,210745500,3828.0,244300,2353554,9349427160.0,3828.0,193,3827.0,623
rb1805,20171127,20171124,210746000,3828.0,244350,2353550,9351340880.0,3828.0,194,3827.0,609
rb1805,20171127,20171124,210746500,3827.0,244380,2353564,9352489080.0,3828.0,191,3827.0,598
rb1805,20171127,20171124,210747000,3828.0,244412,2353586,9353713780.0,3828.0,228,3827.0,589
rb1805,20171127,20171124,210747500,3828.0,244916,2353596,9373006860.0,3829.0,227,3828.0,101
rb1805,20171127,20171124,210748000,3828.0,245014,2353628,9376758300.0,3829.0,231,3828.0,53
rb1805,20171127,20171124,210748500,3827.0,245148,2353738,9381887560.0,3828.0,52,3827.0,570
rb1805,20171127,20171124,210749000,3828.0,245172,2353740,9382806060.0,3828.0,67,3827.0,559
rb1805,20171127,20171124,210749500,3828.0,245196,2353756,9383724760.0,3828.0,53,3827.0,561
rb1805,20171127,20171124,210750000,3828.0,245230,2353790,9385026120.0,3828.0,33,3827.0,605
rb1805,20171127,20171124,210750500,3828.0,245316,2353832,9388318200.0,3829.0,240,3828.0,99
rb1805,20171127,20171124,210751000,3828.0,245334,2353830,9389007260.0,3829.0,240,3828.0,103
rb1805,20171127,20171124,210751500,3828.0,245420,2353834,9392299340.0,3829.0,242,3828.0,100
rb1805,20171127,20171124,210752000,3828.0,245474,2353844,9394366500.0,3829.0,240,3828.0,91
rb1805,20171127,20171124,210752500,3829.0,245492,2353844,9395055600.0,3829.0,238,3828.0,85
rb1805,20171127,20171124,210753000,3829.0,245518,2353842,9396050940.0,3829.0,236,3828.0,78
rb1805,20171127,20171124,210753500,3828.0,245522,2353840,9396204060.0,3829.0,241,3828.0,78
rb1805,20171127,20171124,210754000,3829.0,245534,2353830,9396663480.0,3829.0,243,3828.0,95
rb1805,20171127,20171124,210754500,3829.0,245570,2353848,9398041620.0,3829.0,241,3828.0,130
rb1805,20171127,20171124,210755000,3829.0,245904,2353930,9410829980.0,3829.0,101,3828.0,122
rb1805,20171127,20171124,210755500,3828.0,246044,2353984,9416189500.0,3829.0,85,3828.0,139
rb1805,20171127,20171124,210756000,3829.0,246056,2353980,9416648880.0,3829.0,84,3828.0,156
rb1805,20171127,20171124,210756500,3828.0,246086,2353976,9417797320.0,3829.0,93,3828.0,144
rb1805,20171127,20171124,210757000,3828.0,246108,2353976,9418639540.0,3829.0,91,3828.0,136
rb1805,20171127,20171124,210757500,3829.0,246132,2353986,9419558380.0,3829.0,89,3828.0,170
rb1805,20171127,20171124,210758000,3829.0,246184,2353970,9421549260.0,3829.0,84,3828.0,160
rb1805,20171127,20171124,210758500,3828.0,246188,2353970,9421702400.0,3829.0,100,3828.0,159
rb1805,20171127,20171124,210759000,3829.0,246212,2353958,9422621160.0,3829.0,153,3828.0,150
rb1805,20171127,20171124,210759500,3828.0,246214,2353958,9422697720.0,3829.0,161,3828.0,151
rb1805,20171127,20171124,210800000,3829.0,246262,2353934,9424535240.0,3829.0,208,3828.0,85
rb1805,20171127,20171124,210800500,3829.0,246302,2353934,9426066760.0,3829.0,195,3828.0,131
rb1805,20171127,20171124,210801000,3828.0,246634,2354118,9438775840.0,3829.0,199,3828.0,216
rb1805,20171127,20171124,210801500,3828.0,246820,2354298,9445895940.0,3829.0,198,3828.0,124
rb1805,20171127,20171124,210802000,3828.0,247086,2354534,9456078420.0,3828.0,85,3827.0,384
rb1805,20171127,20171124,210802500,3827.0,247428,2354868,9469167860.0,3828.0,84,3827.0,268
rb1805,20171127,20171124,210803000,3827.0,247630,2355028,9476898420.0,3828.0,196,3827.0,167
rb1805,20171127,20171124,210803500,3828.0,247810,2355150,9483787140.0,3828.0,251,3827.0,83
rb1805,20171127,20171124,210804000,3827.0,247986,2355146,9490522660.0,3827.0,198,3826.0,929
rb1805,20171127,20171124,210804500,3827.0,248964,2355874,9527941440.0,3827.0,214,3826.0,465
rb1805,20171127,20171124,210805000,3826.0,249608,2356104,9552580900.0,3827.0,214,3826.0,146
rb1805,20171127,20171124,210805500,3826.0,249944,2355898,9565436020.0,3826.0,168,3825.0,740
rb1805,20171127,20171124,210806000,3826.0,249952,2355900,9565742080.0,3826.0,88,3825.0,739
rb1805,20171127,20171124,210806500,3826.0,250026,2355916,9568572720.0,3826.0,94,3825.0,709
rb1805,20171127,20171124,210807000,3826.0,250150,2355896,9573316540.0,3826.0,54,3825.0,690
rb1805,20171127,20171124,210807500,3826.0,250194,2355856,9574999600.0,3826.0,81,3825.0,672
rb1805,20171127,20171124,210808000,3826.0,250278,2355850,9578212720.0,3826.0,130,3825.0,637
rb1805,20171127,20171124,210808500,3826.0,250378,2355888,9582037980.0,3826.0,122,3825.0,600
rb1805,20171127,20171124,210809000,3825.0,250402,2355898,9582956040.0,3826.0,130,3825.0,592
rb1805,20171127,20171124,210809500,3826.0,250638,2355826,9591983540.0,3826.0,132,3825.0,510
rb1805,20171127,20171124,210810000,3825.0,250694,2355796,9594125680.0,3826.0,134,3825.0,500
rb1805,20171127,20171124,210810500,3825.0,251324,2356036,9618223180.0,3826.0,139,3825.0,187
rb1805,20171127,20171124,210811000,3825.0,251502,2355986,9625031720.0,3826.0,133,3825.0,121
rb1805,20171127,20171124,210811500,3825.0,251574,2355996,9627785760.0,3826.0,136,3825.0,88
rb1805,20171127,20171124,210812000,3825.0,251660,2356010,9631075320.0,3826.0,144,3825.0,72
rb1805,20171127,20171124,210812500,3825.0,251836,2356056,9637807640.0,3826.0,131,3824.0,498
rb1805,20171127,20171124,210813000,3825.0,251902,2356044,9640332060.0,3826.0,132,3825.0,8
rb1805,20171127,20171124,210813500,3825.0,252160,2356124,9650202500.0,3826.0,37,3825.0,19
rb1805,20171127,20171124,210814000,3824.0,252352,2356240,9657546460.0,3825.0,17,3824.0,498
rb1805,20171127,20171124,210814500,3825.0,252906,2356078,9678733040.0,3826.0,49,3825.0,121
rb1805,20171127,20171124,210815000,3825.0,253080,2356068,9685389500.0,3826.0,51,3825.0,86
rb1805,20171127,20171124,210815500,3825.0,253144,2356088,9687837540.0,3826.0,114,3825.0,83
rb1805,20171127,20171124,210816000,3825.0,253192,2356096,9689673560.0,3826.0,114,3825.0,122
rb1805,20171127,20171124,210816500,3825.0,253296,2356092,9693651560.0,3826.0,116,3825.0,96
rb1805,20171127,20171124,210817000,3826.0,253500,2355924,9701456340.0,3826.0,34,3825.0,114
rb1805,20171127,20171124,210817500,3826.0,253634,2355898,9706583180.0,3827.0,27,3826.0,107
rb1805,20171127,20171124,210818000,3827.0,253724,2355896,9710027480.0,3828.0,224,3827.0,28
rb1805,20171127,20171124,210818500,3826.0,253832,2355878,9714160400.0,3827.0,34,3826.0,53
rb1805,20171127,20171124,210819000,3826.0,253920,2355838,9717527320.0,3827.0,33,3826.0,7
rb1805,20171127,20171124,210819500,3826.0,253960,2355822,9719057720.0,3827.0,60,3826.0,3
rb1805,20171127,20171124,210820000,3826.0,253974,2355810,9719593420.0,3826.0,2,3825.0,171
rb1805,20171127,20171124,210820500,3827.0,254106,2355860,9724644540.0,3827.0,44,3826.0,1
rb1805,20171127,20171124,210821000,3825.0,254174,2355852,9727246480.0,3826.0,99,3825.0,210
rb1805,20171127,20171124,210821500,3826.0,254234,2355836,9729542040.0,3826.0,122,3825.0,204
rb1805,20171127,20171124,210822000,3825.0,254264,2355834,9730689660.0,3826.0,133,3825.0,210
rb1805,20171127,20171124,210822500,3826.0,254326,2355832,9733061720.0,3826.0,106,3825.0,308
rb1805,20171127,20171124,210823000,3825.0,254336,2355832,9733444240.0,3826.0,91,3825.0,308
rb1805,20171127,20171124,210823500,3826.0,254356,2355832,9734209380.0,3826.0,85,3825.0,310
rb1805,20171127,20171124,210824000,3826.0,254500,2355826,9739717740.0,3826.0,47,3825.0,257
rb1805,20171127,20171124,210824500,3826.0,254564,2355820,9742166360.0,3826.0,22,3825.0,280
rb1805,20171127,20171124,210825000,3826.0,254632,2355804,9744767880.0,3827.0,128,3826.0,29
rb1805,20171127,20171124,210825500,3826.0,254646,2355818,9745303520.0,3827.0,129,3826.0,84
rb1805,20171127,20171124,210826000,3827.0,254734,2355898,9748670420.0,3827.0,131,3826.0,98
rb1805,20171127,20171124,210826500,3826.0,254762,2355900,9749741740.0,3827.0,132,3826.0,150
rb1805,20171127,20171124,210827000,3826.0,254776,2355904,9750277380.0,3827.0,69,3826.0,144
rb1805,20171127,20171124,210827500,3826.0,254810,2355924,9751578220.0,3827.0,66,3826.0,128
rb1805,20171127,20171124,210828000,3826.0,255106,2355902,9762903220.0,3826.0,9,3825.0,334
rb1805,20171127,20171124,210828500,3826.0,255130,2355916,9763821440.0,3826.0,52,3825.0,360
rb1805,20171127,20171124,210829000,3825.0,255146,2355910,9764433560.0,3826.0,62,3825.0,360
rb1805,20171127,20171124,210829500,3826.0,255158,2355906,9764892680.0,3826.0,88,3825.0,360
rb1805,20171127,20171124,210830000,3826.0,255194,2355928,9766269820.0,3826.0,198,3825.0,354
rb1805,20171127,20171124,210830500,3826.0,255260,2355912,9768794780.0,3826.0,197,3825.0,350
rb1805,20171127,20171124,210831000,3826.0,255414,2355968,9774686380.0,3826.0,142,3825.0,333
rb1805,20171127,20171124,210831500,3826.0,255446,2355960,9775910640.0,3826.0,140,3825.0,333
rb1805,20171127,20171124,210832000,3825.0,255526,2355958,9778971120.0,3826.0,136,3825.0,340
rb1805,20171127,20171124,210832500,3826.0,255544,2355958,9779659780.0,3826.0,135,3825.0,341
rb1805,20171127,20171124,210833000,3826.0,255558,2355960,9780195340.0,3826.0,133,3825.0,346
rb1805,20171127,20171124,210833500,3825.0,255580,2355962,9781036860.0,3826.0,134,3825.0,354
rb1805,20171127,20171124,210834000,3825.0,255674,2355962,9784632360.0,3826.0,136,3825.0,311
rb1805,20171127,20171124,210834500,3825.0,255686,2355970,9785091380.0,3826.0,132,3825.0,307
rb1805,20171127,20171124,210835000,3825.0,255724,2356000,9786544900.0,3826.0,138,3825.0,297
rb1805,20171127,20171124,210835500,3825.0,255738,2355996,9787080460.0,3826.0,135,3825.0,294
rb1805,20171127,20171124,210836000,3826.0,255772,2355994,9788381080.0,3826.0,129,3825.0,262
rb1805,20171127,20171124,210836500,3826.0,255822,2355968,9790293980.0,3826.0,115,3825.0,261
rb1805,20171127,20171124,210837000,3826.0,255844,2355968,9791135540.0,3826.0,120,3825.0,296
rb1805,20171127,20171124,210837500,3826.0,255880,2355992,9792512580.0,3826.0,120,3825.0,279
rb1805,20171127,20171124,210838000,3825.0,256596,2355906,9819900220.0,3826.0,71,3825.0,10
rb1805,20171127,20171124,210838500,3825.0,256616,2355906,9820665220.0,3825.0,34,3824.0,469
rb1805,20171127,20171124,210839000,3825.0,256624,2355910,9820971200.0,3825.0,52,3824.0,465
rb1805,20171127,20171124,210839500,3825.0,256690,2355886,9823495700.0,3825.0,23,3824.0,468
rb1805,20171127,20171124,210840000,3825.0,256812,2355896,9828162220.0,3825.0,102,3824.0,499
rb1805,20171127,20171124,210840500,3825.0,256844,2355880,9829386220.0,3825.0,92,3824.0,497
rb1805,20171127,20171124,210841000,3824.0,256858,2355890,9829921600.0,3825.0,91,3824.0,736
rb1805,20171127,20171124,210841500,3825.0,257210,2355872,9843385680.0,3826.0,117,3825.0,76
rb1805,20171127,20171124,210842000,3826.0,257278,2355868,9845987120.0,3826.0,90,3825.0,100
rb1805,20171127,20171124,210842500,3825.0,257676,2355894,9861212420.0,3826.0,10,3825.0,221
rb1805,20171127,20171124,210843000,3826.0,257762,2355886,9864502780.0,3827.0,136,3826.0,19
rb1805,20171127,20171124,210843500,3826.0,257786,2355880,9865421040.0,3827.0,136,3826.0,29
rb1805,20171127,20171124,210844000,3827.0,257794,2355878,9865727140.0,3827.0,136,3826.0,44
rb1805,20171127,20171124,210844500,3826.0,257870,2355876,9868634900.0,3827.0,153,3826.0,27
rb1805,20171127,20171124,210845000,3826.0,257906,2355894,9870012360.0,3827.0,148,3826.0,16
rb1805,20171127,20171124,210845500,3826.0,257934,2355898,9871083640.0,3827.0,147,3826.0,18
rb1805,20171127,20171124,210846000,3826.0,257976,2355882,9872690620.0,3826.0,23,3825.0,349
rb1805,20171127,20171124,210846500,3826.0,258082,2355940,9876746680.0,3826.0,3,3825.0,353
rb1805,20171127,20171124,210847000,3825.0,258704,2356468,9900538340.0,3826.0,39,3825.0,56
rb1805,20171127,20171124,210847500,3826.0,258738,2356472,9901839100.0,3826.0,73,3825.0,67
rb1805,20171127,20171124,210848000,3826.0,259010,2356370,9912245640.0,3827.0,120,3826.0,94
rb1805,20171127,20171124,210848500,3826.0,259212,2356270,9919974060.0,3826.0,67,3825.0,47
rb1805,20171127,20171124,210849000,3825.0,259222,2356270,9920356560.0,3826.0,75,3825.0,44
rb1805,20171127,20171124,210849500,3825.0,259256,2356282,9921657120.0,3826.0,76,3825.0,48
rb1805,20171127,20171124,210850000,3826.0,259258,2356282,9921733640.0,3826.0,108,3825.0,58
rb1805,20171127,20171124,210850500,3825.0,259264,2356282,9921963180.0,3826.0,111,3825.0,63
rb1805,20171127,20171124,210851000,3826.0,259274,2356288,9922345720.0,3826.0,180,3825.0,93
rb1805,20171127,20171124,210851500,3825.0,259662,2356584,9937186740.0,3825.0,11,3824.0,822
rb1805,20171127,20171124,210852000,3825.0,259678,2356590,9937798660.0,3825.0,13,3824.0,824
rb1805,20171127,20171124,210852500,3825.0,259712,2356590,9939099020.0,3825.0,10,3824.0,818
rb1805,20171127,20171124,210853000,3826.0,259804,2356534,9942618040.0,3826.0,224,3825.0,25
rb1805,20171127,20171124,210853500,3825.0,259818,2356528,9943153580.0,3826.0,229,3825.0,105
rb1805,20171127,20171124,210854000,3825.0,259836,2356526,9943842220.0,3826.0,222,3825.0,122
rb1805,20171127,20171124,210854500,3825.0,259888,2356496,9945831260.0,3826.0,297,3825.0,196
rb1805,20171127,20171124,210855000,3824.0,260916,2356926,9985146320.0,3826.0,296,3824.0,545
rb1805,20171127,20171124,210855500,3824.0,260932,2356922,9985758200.0,3825.0,27,3824.0,570
rb1805,20171127,20171124,210856000,3824.0,261028,2356872,9989429380.0,3825.0,90,3824.0,530
rb1805,20171127,20171124,210856500,3824.0,261046,2356874,9990117720.0,3825.0,169,3824.0,522
rb1805,20171127,20171124,210857000,3825.0,261066,2356860,9990882700.0,3825.0,174,3824.0,522
rb1805,20171127,20171124,210857500,3824.0,261076,2356866,9991265140.0,3825.0,175,3824.0,539
rb1805,20171127,20171124,210858000,3824.0,261094,2356870,9991953460.0,3825.0,202,3824.0,528
rb1805,20171127,20171124,210858500,3825.0,261150,2356888,9994095040.0,3825.0,133,3824.0,528
rb1805,20171127,20171124,210859000,3824.0,261176,2356898,9995089420.0,3825.0,128,3824.0,522
rb1805,20171127,20171124,210859500,3825.0,261210,2356892,9996389820.0,3825.0,122,3824.0,516
rb1805,20171127,20171124,210900000,3825.0,261250,2356888,9997919720.0,3825.0,115,3824.0,517
rb1805,20171127,20171124,210900500,3824.0,261302,2356868,9999908520.0,3825.0,100,3824.0,508
rb1805,20171127,20171124,210901000,3824.0,261318,2356866,10000520420.0,3825.0,100,3824.0,509
rb1805,20171127,20171124,210901500,3825.0,261604,2356934,10011459880.0,3826.0,418,3825.0,173
rb1805,20171127,20171124,210902000,3826.0,261630,2356942,10012454460.0,3826.0,413,3825.0,268
rb1805,20171127,20171124,210902500,3825.0,261678,2356976,10014290520.0,3826.0,425,3825.0,273
rb1805,20171127,20171124,210903000,3825.0,261700,2356992,10015132060.0,3826.0,259,3825.0,265
rb1805,20171127,20171124,210903500,3826.0,262198,2357376,10034180940.0,3826.0,249,3825.0,41
rb1805,20171127,20171124,210904000,3825.0,262262,2357396,10036628980.0,3826.0,247,3825.0,37
rb1805,20171127,20171124,210904500,3825.0,262268,2357402,10036858500.0,3826.0,248,3825.0,93
rb1805,20171127,20171124,210905000,3826.0,262302,2357404,10038159120.0,3826.0,241,3825.0,172
rb1805,20171127,20171124,210905500,3826.0,262334,2357420,10039383160.0,3826.0,256,3825.0,168
rb1805,20171127,20171124,210906000,3825.0,262358,2357438,10040301280.0,3826.0,254,3825.0,193
rb1805,20171127,20171124,210906500,3825.0,262404,2357472,10042060780.0,3826.0,246,3825.0,206
rb1805,20171127,20171124,210907000,3825.0,262502,2357424,10045809980.0,3826.0,212,3825.0,170
rb1805,20171127,20171124,210907500,3825.0,262554,2357424,10047799320.0,3826.0,201,3825.0,164
rb1805,20171127,20171124,210908000,3826.0,262716,2357474,10053997060.0,3826.0,141,3825.0,111
rb1805,20171127,20171124,210908500,3826.0,262808,2357444,10057516080.0,3826.0,151,3825.0,70
rb1805,20171127,20171124,210909000,3825.0,263174,2357290,10071517580.0,3825.0,43,3824.0,516
rb1805,20171127,20171124,210909500,3825.0,263328,2357240,10077408080.0,3826.0,142,3825.0,3
