instrument,tradingday,calendarday,time,lastp,volume,openinterest,turnover,ask1,asksz1,bid1,bidsz1
rb1805,20170608,20170607,183544500,2723.0,0,88452,0.0,0.0,0,0.0,0
rb1805,20170608,20170607,205900500,2720.0,52,88476,1414400.0,2727.0,2,2720.0,3
rb1805,20170608,20170607,210000500,2720.0,54,88476,1468800.0,2727.0,3,2723.0,5
rb1805,20170608,20170607,210001000,2729.0,74,88476,2014480.0,2729.0,8,2724.0,1
rb1805,20170608,20170607,210001500,2724.0,76,88476,2068960.0,2728.0,1,2727.0,1
rb1805,20170608,20170607,210002000,2728.0,78,88474,2123520.0,2729.0,8,2727.0,1
rb1805,20170608,20170607,210002500,2728.0,78,88474,2123520.0,2729.0,8,2728.0,2
rb1805,20170608,20170607,210003000,2729.0,94,88458,2560160.0,2730.0,21,2729.0,1
rb1805,20170608,20170607,210003500,2729.0,94,88458,2560160.0,2730.0,21,2728.0,3
rb1805,20170608,20170607,210004000,2730.0,102,88458,2778480.0,2730.0,19,2729.0,5
rb1805,20170608,20170607,210004500,2729.0,112,88458,3051380.0,2729.0,5,2728.0,1
rb1805,20170608,20170607,210005000,2729.0,120,88458,3269640.0,2729.0,4,2728.0,1
rb1805,20170608,20170607,210005500,2728.0,122,88458,3324200.0,2728.0,1,2727.0,1
rb1805,20170608,20170607,210006000,2728.0,122,88458,3324200.0,2729.0,4,2727.0,1
rb1805,20170608,20170607,210006500,2728.0,122,88458,3324200.0,2729.0,4,2727.0,1
rb1805,20170608,20170607,210007000,2728.0,122,88458,3324200.0,2729.0,4,2723.0,5
rb1805,20170608,20170607,210007500,2728.0,122,88458,3324200.0,2728.0,1,2724.0,4
rb1805,20170608,20170607,210008000,2728.0,122,88458,3324200.0,2728.0,5,2724.0,4
rb1805,20170608,20170607,210008500,2728.0,122,88458,3324200.0,2728.0,5,2723.0,5
rb1805,20170608,20170607,210009000,2728.0,124,88460,3378760.0,2728.0,4,2724.0,1
rb1805,20170608,20170607,210009500,2728.0,124,88460,3378760.0,2728.0,4,2724.0,1
rb1805,20170608,20170607,210010000,2728.0,124,88460,3378760.0,2728.0,4,2724.0,1
rb1805,20170608,20170607,210010500,2728.0,124,88460,3378760.0,2728.0,4,2724.0,1
rb1805,20170608,20170607,210011000,2728.0,124,88460,3378760.0,2728.0,4,2725.0,4
rb1805,20170608,20170607,210011500,2728.0,130,88454,3542440.0,2728.0,5,2725.0,4
rb1805,20170608,20170607,210012000,2728.0,130,88454,3542440.0,2728.0,5,2725.0,4
rb1805,20170608,20170607,210012500,2728.0,130,88454,3542440.0,2728.0,5,2725.0,4
rb1805,20170608,20170607,210013000,2728.0,130,88454,3542440.0,2728.0,5,2725.0,4
rb1805,20170608,20170607,210013500,2728.0,130,88454,3542440.0,2728.0,5,2725.0,4
rb1805,20170608,20170607,210014000,2728.0,130,88454,3542440.0,2728.0,5,2725.0,4
rb1805,20170608,20170607,210014500,2728.0,130,88454,3542440.0,2727.0,1,2725.0,4
rb1805,20170608,20170607,210015000,2728.0,130,88454,3542440.0,2727.0,1,2725.0,4
rb1805,20170608,20170607,210015500,2728.0,130,88454,3542440.0,2727.0,1,2725.0,4
rb1805,20170608,20170607,210016500,2728.0,130,88454,3542440.0,2727.0,1,2725.0,4
rb1805,20170608,20170607,210017000,2728.0,130,88454,3542440.0,2727.0,1,2725.0,4
rb1805,20170608,20170607,210017500,2728.0,130,88454,3542440.0,2727.0,1,2725.0,4
rb1805,20170608,20170607,210018500,2728.0,130,88454,3542440.0,2727.0,1,2725.0,4
rb1805,20170608,20170607,210019000,2728.0,130,88454,3542440.0,2727.0,1,2725.0,4
rb1805,20170608,20170607,210019500,2725.0,132,88454,3596940.0,2727.0,1,2725.0,3
rb1805,20170608,20170607,210020000,2725.0,132,88454,3596940.0,2727.0,1,2725.0,3
rb1805,20170608,20170607,210020500,2725.0,132,88454,3596940.0,2727.0,1,2724.0,1
rb1805,20170608,20170607,210021000,2725.0,132,88454,3596940.0,2727.0,1,2724.0,1
rb1805,20170608,20170607,210021500,2725.0,132,88454,3596940.0,2727.0,1,2724.0,1
rb1805,20170608,20170607,210022000,2725.0,132,88454,3596940.0,2727.0,2,2724.0,1
rb1805,20170608,20170607,210022500,2725.0,132,88454,3596940.0,2727.0,2,2724.0,1
rb1805,20170608,20170607,210023000,2725.0,132,88454,3596940.0,2727.0,3,2725.0,30
rb1805,20170608,20170607,210024000,2725.0,132,88454,3596940.0,2727.0,3,2725.0,30
rb1805,20170608,20170607,210025000,2725.0,132,88454,3596940.0,2727.0,4,2725.0,30
rb1805,20170608,20170607,210025500,2725.0,132,88454,3596940.0,2727.0,4,2725.0,30
rb1805,20170608,20170607,210026000,2725.0,132,88454,3596940.0,2726.0,2,2725.0,30
rb1805,20170608,20170607,210026500,2725.0,132,88454,3596940.0,2726.0,2,2725.0,30
rb1805,20170608,20170607,210027500,2725.0,132,88454,3596940.0,2726.0,2,2725.0,30
rb1805,20170608,20170607,210028500,2725.0,132,88454,3596940.0,2726.0,8,2725.0,30
rb1805,20170608,20170607,210029500,2725.0,134,88454,3651440.0,2726.0,8,2725.0,29
rb1805,20170608,20170607,210030000,2725.0,134,88454,3651440.0,2726.0,9,2725.0,29
rb1805,20170608,20170607,210030500,2725.0,134,88454,3651440.0,2726.0,10,2725.0,29
rb1805,20170608,20170607,210033000,2725.0,134,88454,3651440.0,2726.0,10,2725.0,29
rb1805,20170608,20170607,210034000,2725.0,134,88454,3651440.0,2726.0,10,2725.0,29
rb1805,20170608,20170607,210035500,2725.0,134,88454,3651440.0,2726.0,10,2725.0,29
rb1805,20170608,20170607,210036000,2725.0,134,88454,3651440.0,2726.0,10,2725.0,29
rb1805,20170608,20170607,210036500,2725.0,134,88454,3651440.0,2726.0,11,2725.0,29
rb1805,20170608,20170607,210037500,2726.0,156,88458,4251160.0,2727.0,4,2726.0,9
rb1805,20170608,20170607,210039000,2726.0,156,88458,4251160.0,2727.0,4,2726.0,9
rb1805,20170608,20170607,210039500,2726.0,158,88458,4305680.0,2727.0,4,2726.0,8
rb1805,20170608,20170607,210041000,2726.0,158,88458,4305680.0,2727.0,4,2726.0,8
rb1805,20170608,20170607,210041500,2726.0,168,88458,4578280.0,2727.0,4,2726.0,3
rb1805,20170608,20170607,210042000,2726.0,168,88458,4578280.0,2727.0,3,2726.0,3
rb1805,20170608,20170607,210043000,2726.0,168,88458,4578280.0,2727.0,3,2726.0,3
rb1805,20170608,20170607,210044500,2726.0,168,88458,4578280.0,2727.0,4,2726.0,3
rb1805,20170608,20170607,210045000,2726.0,168,88458,4578280.0,2727.0,4,2726.0,3
rb1805,20170608,20170607,210046500,2726.0,168,88458,4578280.0,2727.0,5,2726.0,3
rb1805,20170608,20170607,210047500,2726.0,168,88458,4578280.0,2727.0,5,2726.0,3
rb1805,20170608,20170607,210049000,2726.0,168,88458,4578280.0,2727.0,5,2726.0,3
rb1805,20170608,20170607,210049500,2727.0,172,88458,4687360.0,2727.0,3,2726.0,3
rb1805,20170608,20170607,210050000,2727.0,176,88454,4796440.0,2727.0,1,2726.0,4
rb1805,20170608,20170607,210050500,2727.0,178,88452,4850980.0,2728.0,7,2726.0,4
rb1805,20170608,20170607,210051000,2727.0,178,88452,4850980.0,2728.0,7,2726.0,3
rb1805,20170608,20170607,210052500,2727.0,178,88452,4850980.0,2728.0,7,2726.0,3
rb1805,20170608,20170607,210054000,2727.0,178,88452,4850980.0,2728.0,7,2726.0,3
rb1805,20170608,20170607,210055500,2727.0,178,88452,4850980.0,2728.0,8,2726.0,3
rb1805,20170608,20170607,210056000,2727.0,178,88452,4850980.0,2728.0,9,2726.0,3
rb1805,20170608,20170607,210057000,2727.0,178,88452,4850980.0,2728.0,9,2726.0,3
rb1805,20170608,20170607,210057500,2727.0,178,88452,4850980.0,2728.0,9,2726.0,4
rb1805,20170608,20170607,210058000,2727.0,178,88452,4850980.0,2728.0,10,2726.0,4
rb1805,20170608,20170607,210058500,2728.0,198,88442,5396580.0,2729.0,5,2726.0,4
rb1805,20170608,20170607,210059000,2728.0,198,88442,5396580.0,2729.0,5,2728.0,6
rb1805,20170608,20170607,210103000,2728.0,198,88442,5396580.0,2729.0,5,2728.0,6
rb1805,20170608,20170607,210103500,2728.0,198,88442,5396580.0,2729.0,5,2728.0,6
rb1805,20170608,20170607,210104000,2728.0,200,88442,5451140.0,2729.0,5,2728.0,5
rb1805,20170608,20170607,210104500,2728.0,202,88442,5505700.0,2729.0,5,2728.0,4
rb1805,20170608,20170607,210105000,2729.0,204,88444,5560280.0,2729.0,4,2728.0,4
rb1805,20170608,20170607,210107000,2729.0,204,88444,5560280.0,2729.0,4,2728.0,4
rb1805,20170608,20170607,210107500,2729.0,204,88444,5560280.0,2729.0,4,2728.0,4
rb1805,20170608,20170607,210108000,2729.0,206,88446,5614860.0,2729.0,3,2728.0,4
rb1805,20170608,20170607,210108500,2729.0,212,88444,5778600.0,2730.0,22,2729.0,7
rb1805,20170608,20170607,210109500,2729.0,212,88444,5778600.0,2730.0,22,2729.0,7
rb1805,20170608,20170607,210111000,2729.0,212,88444,5778600.0,2730.0,22,2729.0,7
rb1805,20170608,20170607,210111500,2729.0,212,88444,5778600.0,2730.0,22,2729.0,7
rb1805,20170608,20170607,210112500,2729.0,212,88444,5778600.0,2730.0,22,2729.0,8
rb1805,20170608,20170607,210113500,2729.0,212,88444,5778600.0,2730.0,22,2729.0,8
rb1805,20170608,20170607,210114000,2729.0,212,88444,5778600.0,2730.0,22,2729.0,8
rb1805,20170608,20170607,210114500,2729.0,212,88444,5778600.0,2730.0,22,2729.0,13
rb1805,20170608,20170607,210115000,2730.0,216,88442,5887800.0,2730.0,20,2729.0,13
rb1805,20170608,20170607,210115500,2730.0,220,88438,5997000.0,2730.0,18,2729.0,13
rb1805,20170608,20170607,210116000,2730.0,222,88436,6051600.0,2730.0,28,2729.0,14
rb1805,20170608,20170607,210116500,2730.0,236,88422,6433800.0,2730.0,21,2729.0,14
rb1805,20170608,20170607,210117000,2730.0,248,88418,6761400.0,2730.0,15,2729.0,14
rb1805,20170608,20170607,210117500,2730.0,250,88416,6816000.0,2730.0,14,2729.0,8
rb1805,20170608,20170607,210118000,2730.0,250,88416,6816000.0,2730.0,21,2729.0,8
rb1805,20170608,20170607,210118500,2730.0,252,88418,6870600.0,2730.0,20,2729.0,8
rb1805,20170608,20170607,210120000,2729.0,254,88416,6925180.0,2730.0,20,2729.0,7
rb1805,20170608,20170607,210120500,2729.0,254,88416,6925180.0,2730.0,20,2729.0,7
rb1805,20170608,20170607,210121000,2729.0,254,88416,6925180.0,2730.0,16,2729.0,7
rb1805,20170608,20170607,210121500,2729.0,254,88416,6925180.0,2730.0,16,2729.0,7
rb1805,20170608,20170607,210124500,2729.0,254,88416,6925180.0,2730.0,16,2729.0,7
rb1805,20170608,20170607,210125000,2729.0,254,88416,6925180.0,2730.0,16,2729.0,7
rb1805,20170608,20170607,210126000,2730.0,276,88398,7525760.0,2730.0,6,2729.0,6
rb1805,20170608,20170607,210127000,2730.0,276,88398,7525760.0,2730.0,6,2729.0,7
rb1805,20170608,20170607,210128000,2730.0,276,88398,7525760.0,2730.0,6,2729.0,7
rb1805,20170608,20170607,210128500,2730.0,276,88398,7525760.0,2730.0,6,2729.0,6
rb1805,20170608,20170607,210129000,2729.0,280,88398,7634920.0,2730.0,6,2729.0,4
rb1805,20170608,20170607,210130500,2730.0,292,88388,7962520.0,2731.0,7,2730.0,23
rb1805,20170608,20170607,210131000,2730.0,296,88386,8071720.0,2731.0,7,2730.0,21
rb1805,20170608,20170607,210131500,2729.0,350,88338,9545800.0,2729.0,68,2728.0,4
rb1805,20170608,20170607,210132000,2729.0,358,88332,9764120.0,2729.0,64,2728.0,4
rb1805,20170608,20170607,210133000,2729.0,398,88332,10855720.0,2729.0,44,2728.0,4
rb1805,20170608,20170607,210135000,2728.0,400,88332,10910280.0,2729.0,44,2728.0,3
rb1805,20170608,20170607,210135500,2728.0,400,88332,10910280.0,2729.0,44,2728.0,3
rb1805,20170608,20170607,210136500,2728.0,400,88332,10910280.0,2729.0,44,2728.0,3
rb1805,20170608,20170607,210138500,2728.0,400,88332,10910280.0,2729.0,44,2728.0,3
rb1805,20170608,20170607,210139000,2728.0,406,88338,11073960.0,2728.0,7,2726.0,3
rb1805,20170608,20170607,210139500,2728.0,406,88338,11073960.0,2728.0,7,2727.0,3
rb1805,20170608,20170607,210140000,2728.0,406,88338,11073960.0,2728.0,7,2727.0,3
rb1805,20170608,20170607,210140500,2728.0,410,88342,11183080.0,2728.0,10,2727.0,3
rb1805,20170608,20170607,210142000,2728.0,410,88342,11183080.0,2728.0,10,2726.0,3
rb1805,20170608,20170607,210143500,2728.0,410,88342,11183080.0,2727.0,2,2726.0,3
rb1805,20170608,20170607,210144000,2728.0,410,88342,11183080.0,2728.0,10,2726.0,3
rb1805,20170608,20170607,210145500,2726.0,414,88342,11292120.0,2728.0,10,2726.0,1
rb1805,20170608,20170607,210146500,2726.0,414,88342,11292120.0,2728.0,10,2726.0,3
rb1805,20170608,20170607,210147000,2726.0,414,88342,11292120.0,2728.0,11,2726.0,4
rb1805,20170608,20170607,210148500,2726.0,414,88342,11292120.0,2728.0,6,2726.0,9
rb1805,20170608,20170607,210149500,2726.0,414,88342,11292120.0,2727.0,3,2726.0,4
rb1805,20170608,20170607,210150000,2726.0,414,88342,11292120.0,2727.0,3,2726.0,4
rb1805,20170608,20170607,210150500,2726.0,414,88342,11292120.0,2727.0,3,2726.0,4
rb1805,20170608,20170607,210151000,2726.0,414,88342,11292120.0,2727.0,3,2726.0,4
rb1805,20170608,20170607,210151500,2726.0,414,88342,11292120.0,2727.0,3,2726.0,4
rb1805,20170608,20170607,210153500,2727.0,426,88344,11619320.0,2727.0,4,2726.0,2
rb1805,20170608,20170607,210155000,2727.0,428,88344,11673860.0,2727.0,3,2726.0,2
rb1805,20170608,20170607,210156500,2727.0,428,88344,11673860.0,2727.0,3,2726.0,2
rb1805,20170608,20170607,210157000,2727.0,428,88344,11673860.0,2727.0,3,2726.0,2
rb1805,20170608,20170607,210157500,2727.0,428,88344,11673860.0,2727.0,3,2726.0,2
rb1805,20170608,20170607,210158000,2727.0,428,88344,11673860.0,2727.0,3,2726.0,2
rb1805,20170608,20170607,210158500,2727.0,428,88344,11673860.0,2727.0,3,2726.0,2
rb1805,20170608,20170607,210159500,2726.0,432,88344,11782900.0,2727.0,3,2725.0,3
rb1805,20170608,20170607,210200000,2725.0,436,88348,11891900.0,2727.0,3,2725.0,1
rb1805,20170608,20170607,210200500,2725.0,436,88348,11891900.0,2727.0,3,2725.0,1
rb1805,20170608,20170607,210201000,2725.0,436,88348,11891900.0,2727.0,3,2726.0,19
rb1805,20170608,20170607,210201500,2726.0,440,88352,12000940.0,2727.0,3,2726.0,17
rb1805,20170608,20170607,210202000,2726.0,440,88352,12000940.0,2727.0,3,2726.0,17
rb1805,20170608,20170607,210202500,2726.0,440,88352,12000940.0,2728.0,12,2726.0,17
rb1805,20170608,20170607,210203500,2726.0,440,88352,12000940.0,2728.0,7,2726.0,17
rb1805,20170608,20170607,210207000,2726.0,440,88352,12000940.0,2728.0,7,2726.0,17
rb1805,20170608,20170607,210209000,2726.0,440,88352,12000940.0,2728.0,7,2726.0,17
rb1805,20170608,20170607,210209500,2726.0,440,88352,12000940.0,2728.0,8,2726.0,17
rb1805,20170608,20170607,210210500,2726.0,440,88352,12000940.0,2728.0,8,2726.0,17
rb1805,20170608,20170607,210211000,2726.0,440,88352,12000940.0,2727.0,2,2726.0,17
rb1805,20170608,20170607,210211500,2726.0,440,88352,12000940.0,2727.0,2,2726.0,22
rb1805,20170608,20170607,210212000,2726.0,440,88352,12000940.0,2727.0,2,2726.0,17
rb1805,20170608,20170607,210212500,2726.0,440,88352,12000940.0,2727.0,2,2726.0,17
rb1805,20170608,20170607,210214000,2726.0,452,88364,12328060.0,2727.0,2,2726.0,11
rb1805,20170608,20170607,210215000,2726.0,454,88366,12382580.0,2727.0,2,2726.0,10
rb1805,20170608,20170607,210216500,2726.0,454,88366,12382580.0,2727.0,4,2726.0,10
rb1805,20170608,20170607,210217000,2726.0,454,88366,12382580.0,2727.0,4,2726.0,10
rb1805,20170608,20170607,210217500,2726.0,458,88370,12491620.0,2727.0,4,2726.0,8
rb1805,20170608,20170607,210218000,2726.0,458,88370,12491620.0,2727.0,7,2726.0,8
rb1805,20170608,20170607,210222000,2726.0,460,88372,12546140.0,2727.0,7,2726.0,7
rb1805,20170608,20170607,210222500,2726.0,468,88372,12764220.0,2727.0,7,2726.0,3
rb1805,20170608,20170607,210223000,2726.0,474,88378,12927780.0,2726.0,3,2725.0,3
rb1805,20170608,20170607,210223500,2726.0,474,88378,12927780.0,2727.0,8,2725.0,3
rb1805,20170608,20170607,210224000,2726.0,474,88378,12927780.0,2727.0,8,2725.0,3
rb1805,20170608,20170607,210224500,2726.0,474,88378,12927780.0,2726.0,1,2725.0,3
rb1805,20170608,20170607,210225000,2726.0,474,88378,12927780.0,2726.0,1,2725.0,3
rb1805,20170608,20170607,210225500,2726.0,476,88378,12982300.0,2727.0,8,2725.0,3
rb1805,20170608,20170607,210226000,2726.0,476,88378,12982300.0,2727.0,8,2725.0,8
rb1805,20170608,20170607,210226500,2726.0,476,88378,12982300.0,2727.0,8,2725.0,8
rb1805,20170608,20170607,210227000,2726.0,476,88378,12982300.0,2727.0,8,2726.0,1
rb1805,20170608,20170607,210227500,2726.0,476,88378,12982300.0,2727.0,8,2726.0,1
rb1805,20170608,20170607,210228000,2726.0,476,88378,12982300.0,2727.0,8,2726.0,1
rb1805,20170608,20170607,210229000,2726.0,476,88378,12982300.0,2727.0,8,2726.0,1
rb1805,20170608,20170607,210229500,2727.0,494,88392,13473140.0,2728.0,9,2725.0,9
rb1805,20170608,20170607,210230000,2728.0,502,88398,13691380.0,2728.0,5,2725.0,9
rb1805,20170608,20170607,210232500,2728.0,502,88398,13691380.0,2728.0,5,2725.0,9
rb1805,20170608,20170607,210233500,2728.0,502,88398,13691380.0,2728.0,5,2726.0,3
rb1805,20170608,20170607,210235500,2728.0,502,88398,13691380.0,2728.0,5,2726.0,3
rb1805,20170608,20170607,210236000,2728.0,502,88398,13691380.0,2728.0,7,2726.0,3
rb1805,20170608,20170607,210236500,2728.0,502,88398,13691380.0,2728.0,7,2726.0,3
rb1805,20170608,20170607,210237000,2728.0,502,88398,13691380.0,2728.0,7,2726.0,3
rb1805,20170608,20170607,210237500,2728.0,502,88398,13691380.0,2728.0,7,2726.0,3
rb1805,20170608,20170607,210239500,2728.0,502,88398,13691380.0,2728.0,7,2726.0,3
rb1805,20170608,20170607,210240000,2728.0,502,88398,13691380.0,2728.0,8,2726.0,3
rb1805,20170608,20170607,210240500,2728.0,502,88398,13691380.0,2728.0,8,2726.0,3
rb1805,20170608,20170607,210241500,2728.0,502,88398,13691380.0,2727.0,2,2726.0,3
rb1805,20170608,20170607,210242500,2728.0,502,88398,13691380.0,2727.0,2,2726.0,3
rb1805,20170608,20170607,210243000,2728.0,512,88402,13964180.0,2728.0,5,2726.0,3
rb1805,20170608,20170607,210243500,2728.0,512,88402,13964180.0,2728.0,5,2726.0,3
rb1805,20170608,20170607,210244500,2728.0,512,88402,13964180.0,2728.0,6,2726.0,3
rb1805,20170608,20170607,210245000,2728.0,512,88402,13964180.0,2728.0,6,2727.0,1
rb1805,20170608,20170607,210245500,2727.0,514,88404,14018720.0,2727.0,1,2726.0,3
rb1805,20170608,20170607,210246000,2727.0,514,88404,14018720.0,2727.0,1,2726.0,3
rb1805,20170608,20170607,210246500,2726.0,520,88404,14182280.0,2727.0,1,2725.0,12
rb1805,20170608,20170607,210247000,2726.0,520,88404,14182280.0,2727.0,3,2725.0,12
rb1805,20170608,20170607,210248000,2726.0,520,88404,14182280.0,2727.0,3,2725.0,13
rb1805,20170608,20170607,210249000,2726.0,520,88404,14182280.0,2727.0,3,2725.0,13
rb1805,20170608,20170607,210249500,2726.0,520,88404,14182280.0,2727.0,3,2725.0,13
rb1805,20170608,20170607,210250500,2727.0,522,88406,14236820.0,2727.0,2,2725.0,13
rb1805,20170608,20170607,210252500,2727.0,522,88406,14236820.0,2727.0,2,2725.0,13
rb1805,20170608,20170607,210253000,2727.0,522,88406,14236820.0,2727.0,2,2725.0,13
rb1805,20170608,20170607,210253500,2727.0,522,88406,14236820.0,2727.0,2,2725.0,13
rb1805,20170608,20170607,210254500,2727.0,522,88406,14236820.0,2727.0,4,2725.0,8
rb1805,20170608,20170607,210255000,2727.0,522,88406,14236820.0,2727.0,4,2725.0,8
rb1805,20170608,20170607,210255500,2727.0,522,88406,14236820.0,2727.0,4,2725.0,8
rb1805,20170608,20170607,210257000,2727.0,522,88406,14236820.0,2727.0,4,2725.0,15
rb1805,20170608,20170607,210257500,2727.0,522,88406,14236820.0,2727.0,4,2726.0,2
rb1805,20170608,20170607,210258000,2727.0,522,88406,14236820.0,2727.0,4,2726.0,2
rb1805,20170608,20170607,210259000,2725.0,556,88394,15163360.0,2725.0,83,2724.0,2
rb1805,20170608,20170607,210259500,2725.0,562,88392,15326860.0,2725.0,80,2724.0,2
rb1805,20170608,20170607,210301500,2725.0,566,88388,15435860.0,2725.0,78,2724.0,2
rb1805,20170608,20170607,210302000,2725.0,566,88388,15435860.0,2725.0,78,2724.0,2
rb1805,20170608,20170607,210302500,2725.0,566,88388,15435860.0,2725.0,78,2724.0,2
rb1805,20170608,20170607,210304500,2725.0,570,88388,15544860.0,2725.0,76,2724.0,2
rb1805,20170608,20170607,210306000,2725.0,570,88388,15544860.0,2725.0,76,2724.0,2
rb1805,20170608,20170607,210307000,2725.0,570,88388,15544860.0,2725.0,76,2724.0,3
rb1805,20170608,20170607,210308000,2725.0,570,88388,15544860.0,2725.0,76,2724.0,3
rb1805,20170608,20170607,210309500,2725.0,570,88388,15544860.0,2725.0,76,2724.0,8
rb1805,20170608,20170607,210310000,2725.0,576,88382,15708360.0,2725.0,73,2724.0,8
rb1805,20170608,20170607,210310500,2725.0,578,88382,15762860.0,2725.0,72,2724.0,9
rb1805,20170608,20170607,210312000,2725.0,612,88382,16689360.0,2725.0,55,2724.0,9
rb1805,20170608,20170607,210313000,2725.0,652,88382,17779360.0,2725.0,35,2724.0,9
rb1805,20170608,20170607,210313500,2724.0,654,88380,17833840.0,2725.0,35,2724.0,9
rb1805,20170608,20170607,210314000,2724.0,654,88380,17833840.0,2725.0,35,2724.0,9
rb1805,20170608,20170607,210314500,2724.0,654,88380,17833840.0,2725.0,35,2724.0,9
rb1805,20170608,20170607,210316000,2724.0,654,88380,17833840.0,2725.0,35,2724.0,9
rb1805,20170608,20170607,210316500,2724.0,654,88380,17833840.0,2725.0,35,2724.0,9
rb1805,20170608,20170607,210317500,2724.0,654,88380,17833840.0,2725.0,35,2724.0,9
rb1805,20170608,20170607,210318000,2724.0,654,88380,17833840.0,2725.0,35,2724.0,9
rb1805,20170608,20170607,210318500,2724.0,656,88380,17888320.0,2725.0,35,2724.0,8
rb1805,20170608,20170607,210319000,2724.0,656,88380,17888320.0,2725.0,35,2724.0,7
rb1805,20170608,20170607,210319500,2724.0,656,88380,17888320.0,2725.0,35,2724.0,2
rb1805,20170608,20170607,210320000,2725.0,696,88380,18978320.0,2725.0,15,2724.0,3
rb1805,20170608,20170607,210320500,2725.0,696,88380,18978320.0,2725.0,15,2724.0,3
rb1805,20170608,20170607,210321000,2725.0,696,88380,18978320.0,2725.0,15,2724.0,3
rb1805,20170608,20170607,210322000,2725.0,696,88380,18978320.0,2725.0,15,2724.0,3
rb1805,20170608,20170607,210323000,2725.0,696,88380,18978320.0,2725.0,15,2724.0,3
rb1805,20170608,20170607,210324000,2725.0,696,88380,18978320.0,2725.0,15,2724.0,3
rb1805,20170608,20170607,210325500,2725.0,726,88380,19795820.0,2727.0,5,2725.0,5
rb1805,20170608,20170607,210326000,2725.0,726,88380,19795820.0,2726.0,2,2725.0,5
rb1805,20170608,20170607,210327000,2725.0,726,88380,19795820.0,2726.0,2,2725.0,5
rb1805,20170608,20170607,210328000,2725.0,726,88380,19795820.0,2726.0,2,2725.0,5
rb1805,20170608,20170607,210328500,2725.0,726,88380,19795820.0,2726.0,5,2725.0,5
rb1805,20170608,20170607,210329000,2725.0,726,88380,19795820.0,2726.0,5,2725.0,5
rb1805,20170608,20170607,210329500,2725.0,726,88380,19795820.0,2726.0,5,2725.0,5
rb1805,20170608,20170607,210333000,2725.0,726,88380,19795820.0,2726.0,5,2725.0,5
rb1805,20170608,20170607,210333500,2725.0,726,88380,19795820.0,2726.0,5,2725.0,8
rb1805,20170608,20170607,210335000,2725.0,726,88380,19795820.0,2726.0,5,2725.0,8
rb1805,20170608,20170607,210335500,2725.0,726,88380,19795820.0,2726.0,5,2725.0,8
rb1805,20170608,20170607,210336500,2725.0,726,88380,19795820.0,2726.0,5,2725.0,8
rb1805,20170608,20170607,210337000,2725.0,726,88380,19795820.0,2726.0,6,2725.0,8
rb1805,20170608,20170607,210338500,2725.0,726,88380,19795820.0,2726.0,6,2725.0,8
rb1805,20170608,20170607,210339500,2725.0,732,88386,19959320.0,2726.0,6,2725.0,5
rb1805,20170608,20170607,210341500,2725.0,732,88386,19959320.0,2726.0,6,2725.0,5
rb1805,20170608,20170607,210342500,2725.0,732,88386,19959320.0,2726.0,6,2725.0,5
rb1805,20170608,20170607,210343000,2725.0,732,88386,19959320.0,2726.0,6,2725.0,5
rb1805,20170608,20170607,210343500,2725.0,732,88386,19959320.0,2726.0,6,2725.0,5
rb1805,20170608,20170607,210344500,2725.0,732,88386,19959320.0,2726.0,6,2725.0,5
rb1805,20170608,20170607,210345500,2725.0,732,88386,19959320.0,2726.0,6,2725.0,5
rb1805,20170608,20170607,210346500,2725.0,732,88386,19959320.0,2726.0,6,2725.0,5
rb1805,20170608,20170607,210348500,2725.0,732,88386,19959320.0,2726.0,6,2725.0,5
rb1805,20170608,20170607,210349500,2725.0,732,88386,19959320.0,2726.0,6,2725.0,5
rb1805,20170608,20170607,210352000,2725.0,732,88386,19959320.0,2726.0,6,2725.0,5
rb1805,20170608,20170607,210354000,2725.0,732,88386,19959320.0,2726.0,6,2725.0,5
rb1805,20170608,20170607,210357500,2725.0,732,88386,19959320.0,2726.0,4,2725.0,5
rb1805,20170608,20170607,210358000,2725.0,734,88386,20013820.0,2726.0,4,2725.0,4
rb1805,20170608,20170607,210400000,2725.0,734,88386,20013820.0,2726.0,4,2725.0,4
rb1805,20170608,20170607,210402500,2725.0,734,88386,20013820.0,2726.0,4,2725.0,4
rb1805,20170608,20170607,210403000,2726.0,738,88386,20122860.0,2726.0,2,2725.0,6
rb1805,20170608,20170607,210404500,2725.0,750,88386,20449860.0,2726.0,2,2724.0,5
rb1805,20170608,20170607,210406500,2725.0,750,88386,20449860.0,2726.0,3,2724.0,10
rb1805,20170608,20170607,210407500,2724.0,752,88388,20504340.0,2725.0,3,2724.0,9
rb1805,20170608,20170607,210408000,2725.0,758,88394,20667840.0,2726.0,2,2725.0,6
rb1805,20170608,20170607,210408500,2725.0,758,88394,20667840.0,2726.0,2,2724.0,9
rb1805,20170608,20170607,210409000,2725.0,758,88394,20667840.0,2726.0,2,2724.0,9
rb1805,20170608,20170607,210410000,2725.0,758,88394,20667840.0,2726.0,2,2724.0,9
rb1805,20170608,20170607,210413500,2725.0,758,88394,20667840.0,2726.0,2,2724.0,4
rb1805,20170608,20170607,210414000,2724.0,760,88394,20722320.0,2726.0,2,2724.0,3
rb1805,20170608,20170607,210414500,2724.0,760,88394,20722320.0,2726.0,4,2724.0,3
rb1805,20170608,20170607,210415000,2724.0,760,88394,20722320.0,2726.0,4,2724.0,3
rb1805,20170608,20170607,210419000,2724.0,760,88394,20722320.0,2726.0,4,2724.0,3
rb1805,20170608,20170607,210419500,2724.0,760,88394,20722320.0,2726.0,4,2724.0,3
rb1805,20170608,20170607,210420500,2724.0,760,88394,20722320.0,2726.0,4,2724.0,3
rb1805,20170608,20170607,210421000,2724.0,760,88394,20722320.0,2726.0,4,2724.0,3
rb1805,20170608,20170607,210421500,2724.0,760,88394,20722320.0,2726.0,4,2724.0,3
rb1805,20170608,20170607,210424000,2724.0,760,88394,20722320.0,2726.0,4,2724.0,3
rb1805,20170608,20170607,210425500,2724.0,760,88394,20722320.0,2726.0,5,2724.0,3
rb1805,20170608,20170607,210426000,2724.0,760,88394,20722320.0,2726.0,5,2724.0,3
rb1805,20170608,20170607,210426500,2724.0,760,88394,20722320.0,2726.0,5,2724.0,5
rb1805,20170608,20170607,210427000,2724.0,760,88394,20722320.0,2725.0,3,2724.0,5
rb1805,20170608,20170607,210427500,2724.0,760,88394,20722320.0,2725.0,3,2724.0,6
rb1805,20170608,20170607,210428000,2724.0,760,88394,20722320.0,2725.0,3,2724.0,6
rb1805,20170608,20170607,210429000,2724.0,760,88394,20722320.0,2725.0,3,2724.0,6
rb1805,20170608,20170607,210431500,2724.0,760,88394,20722320.0,2725.0,3,2724.0,6
rb1805,20170608,20170607,210432000,2724.0,760,88394,20722320.0,2725.0,3,2724.0,7
rb1805,20170608,20170607,210432500,2724.0,760,88394,20722320.0,2725.0,3,2724.0,7
rb1805,20170608,20170607,210433000,2724.0,766,88400,20885760.0,2725.0,5,2724.0,4
rb1805,20170608,20170607,210433500,2724.0,766,88400,20885760.0,2725.0,5,2724.0,4
rb1805,20170608,20170607,210434000,2724.0,766,88400,20885760.0,2725.0,5,2724.0,4
rb1805,20170608,20170607,210435500,2724.0,766,88400,20885760.0,2725.0,5,2724.0,4
rb1805,20170608,20170607,210436000,2724.0,766,88400,20885760.0,2725.0,5,2724.0,4
rb1805,20170608,20170607,210436500,2724.0,770,88404,20994720.0,2725.0,5,2724.0,2
rb1805,20170608,20170607,210437000,2724.0,772,88404,21049200.0,2725.0,6,2724.0,1
rb1805,20170608,20170607,210437500,2724.0,774,88404,21103680.0,2725.0,6,2724.0,2
rb1805,20170608,20170607,210439000,2724.0,778,88408,21212640.0,2725.0,7,2723.0,2
rb1805,20170608,20170607,210439500,2724.0,778,88408,21212640.0,2724.0,5,2723.0,2
rb1805,20170608,20170607,210440000,2723.0,782,88412,21321560.0,2724.0,7,2722.0,5
rb1805,20170608,20170607,210440500,2723.0,782,88412,21321560.0,2723.0,2,2722.0,5
rb1805,20170608,20170607,210441000,2723.0,782,88412,21321560.0,2723.0,3,2722.0,5
rb1805,20170608,20170607,210442500,2723.0,782,88412,21321560.0,2724.0,5,2722.0,5
rb1805,20170608,20170607,210443000,2722.0,792,88422,21593760.0,2723.0,2,2721.0,2
rb1805,20170608,20170607,210443500,2722.0,792,88422,21593760.0,2724.0,7,2722.0,5
rb1805,20170608,20170607,210444000,2722.0,792,88422,21593760.0,2723.0,3,2722.0,5
rb1805,20170608,20170607,210445500,2722.0,792,88422,21593760.0,2723.0,3,2722.0,5
rb1805,20170608,20170607,210446000,2722.0,792,88422,21593760.0,2723.0,6,2722.0,5
rb1805,20170608,20170607,210447000,2722.0,792,88422,21593760.0,2723.0,6,2721.0,8
rb1805,20170608,20170607,210447500,2722.0,792,88422,21593760.0,2723.0,6,2721.0,8
rb1805,20170608,20170607,210448000,2722.0,792,88422,21593760.0,2723.0,6,2721.0,8
rb1805,20170608,20170607,210448500,2722.0,792,88422,21593760.0,2723.0,6,2722.0,2
rb1805,20170608,20170607,210449500,2722.0,792,88422,21593760.0,2723.0,6,2722.0,3
rb1805,20170608,20170607,210450000,2722.0,792,88422,21593760.0,2723.0,6,2722.0,1
rb1805,20170608,20170607,210454000,2722.0,792,88422,21593760.0,2723.0,6,2722.0,1
rb1805,20170608,20170607,210454500,2722.0,792,88422,21593760.0,2723.0,6,2722.0,1
rb1805,20170608,20170607,210455000,2722.0,792,88422,21593760.0,2723.0,6,2722.0,1
rb1805,20170608,20170607,210455500,2723.0,804,88434,21920520.0,2724.0,6,2723.0,14
rb1805,20170608,20170607,210456500,2723.0,804,88434,21920520.0,2724.0,6,2723.0,14
rb1805,20170608,20170607,210457000,2723.0,806,88434,21974980.0,2724.0,6,2723.0,13
rb1805,20170608,20170607,210458000,2723.0,806,88434,21974980.0,2724.0,6,2723.0,13
rb1805,20170608,20170607,210458500,2723.0,806,88434,21974980.0,2724.0,6,2723.0,13
rb1805,20170608,20170607,210459500,2723.0,806,88434,21974980.0,2724.0,6,2723.0,13
rb1805,20170608,20170607,210500500,2723.0,806,88434,21974980.0,2724.0,6,2723.0,13
rb1805,20170608,20170607,210501500,2723.0,806,88434,21974980.0,2724.0,6,2723.0,13
rb1805,20170608,20170607,210502500,2723.0,806,88434,21974980.0,2724.0,6,2723.0,13
rb1805,20170608,20170607,210503000,2723.0,806,88434,21974980.0,2724.0,6,2723.0,13
rb1805,20170608,20170607,210504000,2723.0,806,88434,21974980.0,2724.0,6,2723.0,13
rb1805,20170608,20170607,210505000,2723.0,806,88434,21974980.0,2724.0,8,2723.0,13
rb1805,20170608,20170607,210508000,2723.0,806,88434,21974980.0,2724.0,8,2723.0,15
rb1805,20170608,20170607,210510000,2723.0,806,88434,21974980.0,2724.0,8,2723.0,15
rb1805,20170608,20170607,210510500,2723.0,806,88434,21974980.0,2724.0,6,2723.0,15
rb1805,20170608,20170607,210511500,2723.0,810,88438,22083900.0,2724.0,8,2723.0,13
rb1805,20170608,20170607,210512000,2723.0,812,88438,22138360.0,2724.0,8,2723.0,12
rb1805,20170608,20170607,210513000,2723.0,812,88438,22138360.0,2724.0,10,2723.0,12
rb1805,20170608,20170607,210514500,2723.0,812,88438,22138360.0,2724.0,10,2723.0,12
rb1805,20170608,20170607,210515000,2723.0,824,88444,22465120.0,2724.0,10,2723.0,6
rb1805,20170608,20170607,210515500,2723.0,834,88454,22737420.0,2724.0,10,2723.0,1
rb1805,20170608,20170607,210516000,2723.0,836,88456,22791880.0,2723.0,2,2722.0,5
rb1805,20170608,20170607,210516500,2723.0,836,88456,22791880.0,2724.0,10,2722.0,5
rb1805,20170608,20170607,210517000,2722.0,840,88454,22900760.0,2723.0,2,2722.0,3
rb1805,20170608,20170607,210517500,2722.0,840,88454,22900760.0,2723.0,2,2722.0,3
rb1805,20170608,20170607,210518000,2722.0,840,88454,22900760.0,2723.0,2,2722.0,3
rb1805,20170608,20170607,210522000,2722.0,840,88454,22900760.0,2723.0,2,2722.0,3
rb1805,20170608,20170607,210523000,2722.0,840,88454,22900760.0,2723.0,2,2722.0,3
rb1805,20170608,20170607,210523500,2722.0,840,88454,22900760.0,2723.0,2,2722.0,2
rb1805,20170608,20170607,210524000,2722.0,842,88454,22955200.0,2723.0,2,2722.0,1
rb1805,20170608,20170607,210525000,2722.0,842,88454,22955200.0,2723.0,2,2722.0,1
rb1805,20170608,20170607,210525500,2723.0,850,88458,23173040.0,2724.0,6,2723.0,6
rb1805,20170608,20170607,210526000,2723.0,858,88466,23390880.0,2724.0,8,2723.0,2
rb1805,20170608,20170607,210526500,2723.0,862,88470,23499800.0,2723.0,4,2722.0,2
rb1805,20170608,20170607,210527000,2722.0,864,88470,23554240.0,2724.0,7,2722.0,1
rb1805,20170608,20170607,210527500,2722.0,864,88470,23554240.0,2724.0,8,2722.0,1
rb1805,20170608,20170607,210528500,2722.0,864,88470,23554240.0,2723.0,3,2722.0,1
rb1805,20170608,20170607,210529000,2723.0,866,88472,23608700.0,2723.0,4,2722.0,1
rb1805,20170608,20170607,210529500,2723.0,866,88472,23608700.0,2723.0,4,2722.0,1
rb1805,20170608,20170607,210530000,2723.0,866,88472,23608700.0,2723.0,5,2722.0,2
rb1805,20170608,20170607,210532000,2723.0,868,88474,23663160.0,2723.0,4,2722.0,2
rb1805,20170608,20170607,210533000,2723.0,868,88474,23663160.0,2723.0,3,2722.0,2
rb1805,20170608,20170607,210533500,2722.0,872,88478,23772040.0,2722.0,3,2721.0,8
rb1805,20170608,20170607,210534000,2722.0,878,88478,23935360.0,2723.0,2,2722.0,1
rb1805,20170608,20170607,210534500,2722.0,878,88478,23935360.0,2723.0,3,2721.0,3
rb1805,20170608,20170607,210535000,2722.0,878,88478,23935360.0,2723.0,3,2721.0,3
rb1805,20170608,20170607,210536500,2722.0,878,88478,23935360.0,2723.0,3,2721.0,3
rb1805,20170608,20170607,210537500,2722.0,878,88478,23935360.0,2723.0,3,2721.0,3
rb1805,20170608,20170607,210538500,2722.0,878,88478,23935360.0,2723.0,3,2721.0,4
rb1805,20170608,20170607,210539500,2722.0,878,88478,23935360.0,2722.0,1,2721.0,4
rb1805,20170608,20170607,210540000,2722.0,880,88476,23989800.0,2723.0,3,2721.0,9
rb1805,20170608,20170607,210540500,2722.0,880,88476,23989800.0,2723.0,4,2721.0,9
rb1805,20170608,20170607,210542000,2722.0,880,88476,23989800.0,2723.0,4,2721.0,9
rb1805,20170608,20170607,210543500,2722.0,880,88476,23989800.0,2723.0,3,2721.0,4
rb1805,20170608,20170607,210544000,2722.0,880,88476,23989800.0,2723.0,2,2721.0,4
rb1805,20170608,20170607,210544500,2722.0,880,88476,23989800.0,2723.0,2,2721.0,4
rb1805,20170608,20170607,210545500,2722.0,880,88476,23989800.0,2723.0,4,2721.0,4
rb1805,20170608,20170607,210546000,2722.0,880,88476,23989800.0,2723.0,4,2721.0,9
rb1805,20170608,20170607,210547000,2722.0,880,88476,23989800.0,2723.0,2,2721.0,9
rb1805,20170608,20170607,210547500,2722.0,880,88476,23989800.0,2723.0,2,2721.0,9
rb1805,20170608,20170607,210549500,2722.0,880,88476,23989800.0,2723.0,2,2721.0,9
rb1805,20170608,20170607,210550000,2722.0,880,88476,23989800.0,2723.0,2,2721.0,4
rb1805,20170608,20170607,210551500,2722.0,880,88476,23989800.0,2723.0,4,2721.0,4
rb1805,20170608,20170607,210554500,2722.0,880,88476,23989800.0,2723.0,4,2721.0,4
rb1805,20170608,20170607,210555000,2722.0,880,88476,23989800.0,2723.0,4,2721.0,3
rb1805,20170608,20170607,210555500,2722.0,880,88476,23989800.0,2723.0,2,2721.0,3
rb1805,20170608,20170607,210556000,2722.0,880,88476,23989800.0,2723.0,2,2721.0,4
rb1805,20170608,20170607,210558000,2722.0,880,88476,23989800.0,2722.0,3,2721.0,4
rb1805,20170608,20170607,210558500,2722.0,880,88476,23989800.0,2722.0,3,2721.0,4
rb1805,20170608,20170607,210559000,2722.0,880,88476,23989800.0,2722.0,3,2721.0,4
rb1805,20170608,20170607,210600000,2722.0,880,88476,23989800.0,2722.0,3,2721.0,3
rb1805,20170608,20170607,210600500,2722.0,880,88476,23989800.0,2722.0,3,2721.0,3
rb1805,20170608,20170607,210601000,2722.0,880,88476,23989800.0,2722.0,3,2721.0,3
rb1805,20170608,20170607,210602000,2722.0,880,88476,23989800.0,2722.0,3,2721.0,3
rb1805,20170608,20170607,210603000,2722.0,886,88482,24153120.0,2723.0,3,2722.0,7
rb1805,20170608,20170607,210603500,2722.0,886,88482,24153120.0,2723.0,4,2722.0,7
rb1805,20170608,20170607,210605000,2722.0,892,88488,24316440.0,2723.0,4,2722.0,4
rb1805,20170608,20170607,210605500,2722.0,892,88488,24316440.0,2723.0,3,2722.0,4
rb1805,20170608,20170607,210606000,2722.0,892,88488,24316440.0,2723.0,2,2722.0,4
rb1805,20170608,20170607,210606500,2722.0,900,88496,24534200.0,2722.0,1,2721.0,3
rb1805,20170608,20170607,210607000,2722.0,902,88498,24588640.0,2723.0,2,2722.0,2
rb1805,20170608,20170607,210607500,2722.0,902,88498,24588640.0,2723.0,2,2721.0,4
rb1805,20170608,20170607,210608000,2722.0,902,88498,24588640.0,2723.0,2,2721.0,4
rb1805,20170608,20170607,210608500,2722.0,902,88498,24588640.0,2723.0,2,2721.0,4
rb1805,20170608,20170607,210609000,2722.0,902,88498,24588640.0,2723.0,2,2721.0,4
rb1805,20170608,20170607,210610000,2722.0,902,88498,24588640.0,2723.0,2,2721.0,4
rb1805,20170608,20170607,210611000,2722.0,902,88498,24588640.0,2723.0,2,2721.0,5
rb1805,20170608,20170607,210614000,2722.0,902,88498,24588640.0,2723.0,2,2721.0,10
rb1805,20170608,20170607,210614500,2722.0,902,88498,24588640.0,2723.0,2,2721.0,11
rb1805,20170608,20170607,210615000,2722.0,902,88498,24588640.0,2723.0,4,2721.0,11
rb1805,20170608,20170607,210616500,2722.0,902,88498,24588640.0,2723.0,4,2721.0,12
rb1805,20170608,20170607,210620000,2722.0,902,88498,24588640.0,2723.0,4,2721.0,12
rb1805,20170608,20170607,210621000,2722.0,902,88498,24588640.0,2723.0,4,2721.0,12
rb1805,20170608,20170607,210624500,2722.0,902,88498,24588640.0,2723.0,4,2721.0,12
rb1805,20170608,20170607,210629000,2722.0,902,88498,24588640.0,2723.0,4,2721.0,12
rb1805,20170608,20170607,210630000,2722.0,902,88498,24588640.0,2723.0,4,2721.0,12
rb1805,20170608,20170607,210631000,2722.0,902,88498,24588640.0,2723.0,4,2722.0,10
rb1805,20170608,20170607,210635000,2722.0,902,88498,24588640.0,2723.0,4,2722.0,10
rb1805,20170608,20170607,210636500,2722.0,902,88498,24588640.0,2723.0,4,2722.0,10
rb1805,20170608,20170607,210637000,2722.0,902,88498,24588640.0,2723.0,4,2722.0,10
rb1805,20170608,20170607,210638500,2722.0,902,88498,24588640.0,2723.0,4,2722.0,10
rb1805,20170608,20170607,210640000,2722.0,902,88498,24588640.0,2723.0,4,2722.0,10
rb1805,20170608,20170607,210641000,2722.0,902,88498,24588640.0,2723.0,4,2722.0,10
rb1805,20170608,20170607,210642000,2722.0,902,88498,24588640.0,2723.0,4,2722.0,10
rb1805,20170608,20170607,210644000,2723.0,906,88496,24697560.0,2723.0,2,2722.0,10
rb1805,20170608,20170607,210645500,2723.0,906,88496,24697560.0,2723.0,2,2722.0,10
rb1805,20170608,20170607,210646000,2723.0,906,88496,24697560.0,2723.0,2,2722.0,10
rb1805,20170608,20170607,210646500,2723.0,906,88496,24697560.0,2723.0,2,2722.0,10
rb1805,20170608,20170607,210647000,2723.0,906,88496,24697560.0,2723.0,3,2722.0,10
rb1805,20170608,20170607,210647500,2723.0,906,88496,24697560.0,2723.0,3,2722.0,16
rb1805,20170608,20170607,210650000,2723.0,906,88496,24697560.0,2723.0,3,2722.0,16
rb1805,20170608,20170607,210652500,2723.0,906,88496,24697560.0,2723.0,3,2722.0,16
rb1805,20170608,20170607,210653000,2723.0,906,88496,24697560.0,2723.0,3,2722.0,16
rb1805,20170608,20170607,210655000,2723.0,906,88496,24697560.0,2723.0,3,2722.0,16
rb1805,20170608,20170607,210656500,2723.0,906,88496,24697560.0,2723.0,3,2722.0,16
rb1805,20170608,20170607,210659000,2723.0,906,88496,24697560.0,2723.0,1,2722.0,16
rb1805,20170608,20170607,210700500,2723.0,906,88496,24697560.0,2723.0,1,2722.0,16
rb1805,20170608,20170607,210701500,2723.0,906,88496,24697560.0,2723.0,4,2722.0,16
rb1805,20170608,20170607,210702500,2723.0,910,88496,24806480.0,2723.0,2,2722.0,10
rb1805,20170608,20170607,210704500,2723.0,914,88500,24915380.0,2723.0,1,2722.0,9
rb1805,20170608,20170607,210705000,2723.0,914,88500,24915380.0,2723.0,1,2722.0,9
rb1805,20170608,20170607,210706000,2723.0,914,88500,24915380.0,2723.0,1,2722.0,11
rb1805,20170608,20170607,210706500,2723.0,914,88500,24915380.0,2723.0,2,2722.0,11
rb1805,20170608,20170607,210707500,2722.0,916,88500,24969820.0,2723.0,2,2722.0,10
rb1805,20170608,20170607,210712000,2722.0,916,88500,24969820.0,2723.0,2,2722.0,10
rb1805,20170608,20170607,210713000,2722.0,916,88500,24969820.0,2723.0,2,2722.0,10
rb1805,20170608,20170607,210713500,2722.0,916,88500,24969820.0,2723.0,2,2722.0,10
rb1805,20170608,20170607,210714000,2723.0,918,88502,25024280.0,2723.0,1,2722.0,10
rb1805,20170608,20170607,210714500,2723.0,918,88502,25024280.0,2723.0,21,2722.0,10
rb1805,20170608,20170607,210715500,2723.0,918,88502,25024280.0,2723.0,21,2722.0,10
rb1805,20170608,20170607,210718500,2723.0,920,88504,25078740.0,2723.0,20,2722.0,10
rb1805,20170608,20170607,210724500,2723.0,922,88506,25133200.0,2723.0,19,2722.0,10
rb1805,20170608,20170607,210725500,2722.0,942,88522,25677600.0,2723.0,19,2721.0,11
rb1805,20170608,20170607,210726000,2723.0,980,88560,26712340.0,2724.0,6,2723.0,11
rb1805,20170608,20170607,210726500,2723.0,980,88560,26712340.0,2724.0,8,2723.0,11
rb1805,20170608,20170607,210727000,2723.0,980,88560,26712340.0,2724.0,8,2723.0,11
rb1805,20170608,20170607,210727500,2723.0,980,88560,26712340.0,2724.0,8,2723.0,11
rb1805,20170608,20170607,210729500,2723.0,980,88560,26712340.0,2724.0,6,2723.0,11
rb1805,20170608,20170607,210730500,2723.0,980,88560,26712340.0,2724.0,6,2723.0,11
rb1805,20170608,20170607,210731000,2723.0,980,88560,26712340.0,2724.0,6,2723.0,11
rb1805,20170608,20170607,210736500,2723.0,980,88560,26712340.0,2724.0,8,2723.0,11
rb1805,20170608,20170607,210737000,2723.0,980,88560,26712340.0,2724.0,6,2723.0,11
rb1805,20170608,20170607,210739000,2723.0,980,88560,26712340.0,2724.0,6,2723.0,11
rb1805,20170608,20170607,210740500,2723.0,980,88560,26712340.0,2724.0,4,2723.0,11
rb1805,20170608,20170607,210741000,2723.0,980,88560,26712340.0,2724.0,4,2723.0,16
rb1805,20170608,20170607,210741500,2724.0,984,88556,26821300.0,2724.0,2,2723.0,17
rb1805,20170608,20170607,210742000,2724.0,986,88554,26875780.0,2724.0,1,2723.0,17
rb1805,20170608,20170607,210742500,2724.0,988,88554,26930260.0,2725.0,2,2723.0,17
rb1805,20170608,20170607,210743000,2724.0,988,88554,26930260.0,2725.0,4,2724.0,2
rb1805,20170608,20170607,210745000,2724.0,992,88558,27039220.0,2724.0,18,2723.0,16
rb1805,20170608,20170607,210745500,2724.0,992,88558,27039220.0,2724.0,18,2723.0,16
rb1805,20170608,20170607,210747000,2724.0,992,88558,27039220.0,2724.0,18,2723.0,11
rb1805,20170608,20170607,210747500,2724.0,992,88558,27039220.0,2724.0,18,2723.0,11
rb1805,20170608,20170607,210748000,2724.0,992,88558,27039220.0,2725.0,3,2723.0,11
rb1805,20170608,20170607,210748500,2724.0,992,88558,27039220.0,2725.0,2,2723.0,16
rb1805,20170608,20170607,210753500,2724.0,992,88558,27039220.0,2725.0,2,2723.0,16
rb1805,20170608,20170607,210754000,2724.0,992,88558,27039220.0,2725.0,2,2723.0,16
rb1805,20170608,20170607,210759000,2724.0,992,88558,27039220.0,2725.0,2,2723.0,16
rb1805,20170608,20170607,210804500,2724.0,992,88558,27039220.0,2725.0,2,2723.0,16
rb1805,20170608,20170607,210805500,2724.0,992,88558,27039220.0,2725.0,2,2724.0,10
rb1805,20170608,20170607,210806000,2724.0,992,88558,27039220.0,2725.0,2,2724.0,10
rb1805,20170608,20170607,210807000,2724.0,992,88558,27039220.0,2725.0,2,2724.0,10
rb1805,20170608,20170607,210808000,2724.0,992,88558,27039220.0,2725.0,2,2724.0,10
rb1805,20170608,20170607,210810000,2724.0,992,88558,27039220.0,2725.0,2,2724.0,10
rb1805,20170608,20170607,210815000,2724.0,992,88558,27039220.0,2725.0,3,2724.0,10
rb1805,20170608,20170607,210817500,2725.0,994,88558,27093720.0,2725.0,2,2724.0,10
rb1805,20170608,20170607,210819500,2725.0,994,88558,27093720.0,2725.0,2,2724.0,10
rb1805,20170608,20170607,210820000,2725.0,994,88558,27093720.0,2725.0,2,2724.0,11
rb1805,20170608,20170607,210820500,2725.0,998,88558,27202720.0,2726.0,1,2725.0,1
rb1805,20170608,20170607,210821000,2725.0,998,88558,27202720.0,2726.0,1,2725.0,2
rb1805,20170608,20170607,210823000,2725.0,998,88558,27202720.0,2726.0,1,2725.0,2
rb1805,20170608,20170607,210823500,2725.0,998,88558,27202720.0,2726.0,1,2725.0,2
rb1805,20170608,20170607,210826000,2725.0,998,88558,27202720.0,2726.0,1,2725.0,2
rb1805,20170608,20170607,210827000,2725.0,998,88558,27202720.0,2726.0,1,2725.0,24
rb1805,20170608,20170607,210828500,2725.0,998,88558,27202720.0,2726.0,1,2725.0,24
rb1805,20170608,20170607,210829000,2725.0,998,88558,27202720.0,2726.0,1,2725.0,24
rb1805,20170608,20170607,210830000,2726.0,1000,88556,27257240.0,2727.0,5,2725.0,24
rb1805,20170608,20170607,210832000,2726.0,1000,88556,27257240.0,2727.0,5,2725.0,29
rb1805,20170608,20170607,210832500,2726.0,1000,88556,27257240.0,2727.0,5,2726.0,2
rb1805,20170608,20170607,210833000,2726.0,1000,88556,27257240.0,2727.0,5,2726.0,2
rb1805,20170608,20170607,210836500,2726.0,1000,88556,27257240.0,2727.0,5,2726.0,3
rb1805,20170608,20170607,210837000,2727.0,1002,88556,27311780.0,2727.0,4,2726.0,8
rb1805,20170608,20170607,210838000,2727.0,1006,88556,27420860.0,2727.0,2,2726.0,8
rb1805,20170608,20170607,210839000,2727.0,1006,88556,27420860.0,2727.0,2,2726.0,8
rb1805,20170608,20170607,210840000,2727.0,1010,88556,27529940.0,2728.0,3,2726.0,8
rb1805,20170608,20170607,210840500,2727.0,1010,88556,27529940.0,2728.0,3,2726.0,8
rb1805,20170608,20170607,210842000,2727.0,1010,88556,27529940.0,2728.0,3,2726.0,8
rb1805,20170608,20170607,210842500,2727.0,1010,88556,27529940.0,2728.0,3,2727.0,2
rb1805,20170608,20170607,210843000,2727.0,1014,88560,27639020.0,2728.0,3,2726.0,8
rb1805,20170608,20170607,210843500,2727.0,1014,88560,27639020.0,2728.0,3,2727.0,5
rb1805,20170608,20170607,210847000,2728.0,1018,88560,27748140.0,2728.0,1,2727.0,5
rb1805,20170608,20170607,210847500,2728.0,1018,88560,27748140.0,2728.0,1,2727.0,5
rb1805,20170608,20170607,210848000,2727.0,1020,88558,27802680.0,2728.0,1,2727.0,4
rb1805,20170608,20170607,210849000,2727.0,1020,88558,27802680.0,2728.0,2,2727.0,4
rb1805,20170608,20170607,210849500,2727.0,1020,88558,27802680.0,2728.0,2,2727.0,4
rb1805,20170608,20170607,210850500,2728.0,1024,88558,27911800.0,2728.0,1,2727.0,4
rb1805,20170608,20170607,210851000,2728.0,1024,88558,27911800.0,2728.0,1,2726.0,8
rb1805,20170608,20170607,210851500,2728.0,1024,88558,27911800.0,2728.0,1,2727.0,1
rb1805,20170608,20170607,210852000,2727.0,1026,88558,27966340.0,2728.0,1,2726.0,8
rb1805,20170608,20170607,210853000,2727.0,1026,88558,27966340.0,2728.0,2,2726.0,3
rb1805,20170608,20170607,210853500,2727.0,1026,88558,27966340.0,2727.0,2,2726.0,3
rb1805,20170608,20170607,210854000,2727.0,1026,88558,27966340.0,2727.0,2,2726.0,3
rb1805,20170608,20170607,210855000,2727.0,1030,88558,28075420.0,2728.0,3,2726.0,3
rb1805,20170608,20170607,210855500,2727.0,1030,88558,28075420.0,2728.0,5,2726.0,3
rb1805,20170608,20170607,210857000,2727.0,1030,88558,28075420.0,2728.0,5,2726.0,3
rb1805,20170608,20170607,210857500,2727.0,1030,88558,28075420.0,2728.0,5,2726.0,3
rb1805,20170608,20170607,210858000,2727.0,1030,88558,28075420.0,2728.0,5,2726.0,3
rb1805,20170608,20170607,210858500,2727.0,1030,88558,28075420.0,2727.0,1,2726.0,3
rb1805,20170608,20170607,210859000,2727.0,1030,88558,28075420.0,2727.0,1,2726.0,3
rb1805,20170608,20170607,210859500,2726.0,1034,88562,28184460.0,2727.0,1,2726.0,1
rb1805,20170608,20170607,210901000,2728.0,1038,88566,28293560.0,2728.0,2,2726.0,1
rb1805,20170608,20170607,210901500,2728.0,1038,88566,28293560.0,2728.0,10,2726.0,1
rb1805,20170608,20170607,210902000,2727.0,1040,88566,28348100.0,2727.0,20,2726.0,1
rb1805,20170608,20170607,210902500,2727.0,1040,88566,28348100.0,2727.0,20,2726.0,2
rb1805,20170608,20170607,210903500,2727.0,1040,88566,28348100.0,2727.0,20,2726.0,2
rb1805,20170608,20170607,210905000,2727.0,1040,88566,28348100.0,2727.0,20,2726.0,2
rb1805,20170608,20170607,210905500,2727.0,1040,88566,28348100.0,2727.0,20,2726.0,2
rb1805,20170608,20170607,210906000,2727.0,1040,88566,28348100.0,2727.0,21,2726.0,2
rb1805,20170608,20170607,210907000,2727.0,1040,88566,28348100.0,2727.0,21,2726.0,2
rb1805,20170608,20170607,210908500,2727.0,1044,88570,28457180.0,2727.0,19,2726.0,2
rb1805,20170608,20170607,210910500,2727.0,1046,88572,28511720.0,2727.0,18,2726.0,2
rb1805,20170608,20170607,210911000,2727.0,1046,88572,28511720.0,2727.0,18,2726.0,2
rb1805,20170608,20170607,210911500,2727.0,1046,88572,28511720.0,2727.0,18,2726.0,2
rb1805,20170608,20170607,210912000,2727.0,1046,88572,28511720.0,2727.0,18,2726.0,2
rb1805,20170608,20170607,210913000,2727.0,1046,88572,28511720.0,2727.0,18,2726.0,2
rb1805,20170608,20170607,210914000,2727.0,1050,88576,28620800.0,2727.0,16,2726.0,2
rb1805,20170608,20170607,210918000,2727.0,1050,88576,28620800.0,2727.0,18,2726.0,2
rb1805,20170608,20170607,210918500,2727.0,1052,88578,28675340.0,2727.0,17,2726.0,2
rb1805,20170608,20170607,210919000,2727.0,1052,88578,28675340.0,2727.0,17,2726.0,2
rb1805,20170608,20170607,210920000,2727.0,1052,88578,28675340.0,2727.0,17,2726.0,2
rb1805,20170608,20170607,210920500,2727.0,1052,88578,28675340.0,2727.0,3,2726.0,2
rb1805,20170608,20170607,210921000,2727.0,1056,88578,28784420.0,2727.0,1,2726.0,2
rb1805,20170608,20170607,210921500,2727.0,1056,88578,28784420.0,2727.0,1,2726.0,2
rb1805,20170608,20170607,210923000,2727.0,1056,88578,28784420.0,2727.0,1,2726.0,2
rb1805,20170608,20170607,210924500,2727.0,1058,88578,28838960.0,2728.0,9,2727.0,1
rb1805,20170608,20170607,210925000,2727.0,1058,88578,28838960.0,2728.0,7,2727.0,1
rb1805,20170608,20170607,210927000,2727.0,1058,88578,28838960.0,2728.0,7,2727.0,1
rb1805,20170608,20170607,210928000,2727.0,1058,88578,28838960.0,2728.0,7,2727.0,1
rb1805,20170608,20170607,210930500,2727.0,1058,88578,28838960.0,2728.0,6,2727.0,1
rb1805,20170608,20170607,210931500,2727.0,1060,88580,28893500.0,2727.0,1,2726.0,2
rb1805,20170608,20170607,210932000,2727.0,1060,88580,28893500.0,2727.0,1,2726.0,1
rb1805,20170608,20170607,210933000,2727.0,1060,88580,28893500.0,2727.0,1,2726.0,1
rb1805,20170608,20170607,210933500,2727.0,1062,88580,28948040.0,2728.0,8,2726.0,1
rb1805,20170608,20170607,210934000,2728.0,1064,88578,29002600.0,2728.0,9,2726.0,1
rb1805,20170608,20170607,210935000,2728.0,1064,88578,29002600.0,2728.0,9,2726.0,7
rb1805,20170608,20170607,210935500,2728.0,1064,88578,29002600.0,2728.0,7,2726.0,7
rb1805,20170608,20170607,210937000,2728.0,1064,88578,29002600.0,2728.0,7,2726.0,7
rb1805,20170608,20170607,210939000,2728.0,1064,88578,29002600.0,2728.0,9,2726.0,7
rb1805,20170608,20170607,210939500,2728.0,1064,88578,29002600.0,2728.0,9,2726.0,7
rb1805,20170608,20170607,210940000,2728.0,1064,88578,29002600.0,2728.0,10,2726.0,7
rb1805,20170608,20170607,210941000,2728.0,1064,88578,29002600.0,2728.0,10,2726.0,7
rb1805,20170608,20170607,210942000,2728.0,1064,88578,29002600.0,2728.0,10,2726.0,7
rb1805,20170608,20170607,210943500,2728.0,1064,88578,29002600.0,2728.0,10,2726.0,8
rb1805,20170608,20170607,210944000,2728.0,1064,88578,29002600.0,2728.0,10,2726.0,8
rb1805,20170608,20170607,210945000,2728.0,1064,88578,29002600.0,2728.0,11,2726.0,8
rb1805,20170608,20170607,210945500,2728.0,1064,88578,29002600.0,2728.0,11,2726.0,8
rb1805,20170608,20170607,210946000,2728.0,1064,88578,29002600.0,2728.0,11,2726.0,8
rb1805,20170608,20170607,210946500,2728.0,1064,88578,29002600.0,2728.0,11,2726.0,3
rb1805,20170608,20170607,210947000,2728.0,1064,88578,29002600.0,2728.0,11,2726.0,3
rb1805,20170608,20170607,210948500,2728.0,1064,88578,29002600.0,2728.0,13,2726.0,3
rb1805,20170608,20170607,210949000,2728.0,1064,88578,29002600.0,2727.0,20,2726.0,3
rb1805,20170608,20170607,210949500,2728.0,1064,88578,29002600.0,2727.0,20,2726.0,3
rb1805,20170608,20170607,210950500,2728.0,1064,88578,29002600.0,2728.0,12,2726.0,3
rb1805,20170608,20170607,210951000,2728.0,1064,88578,29002600.0,2728.0,11,2726.0,3
rb1805,20170608,20170607,210951500,2728.0,1064,88578,29002600.0,2728.0,11,2726.0,3
rb1805,20170608,20170607,210952500,2728.0,1064,88578,29002600.0,2728.0,11,2726.0,3
rb1805,20170608,20170607,210953500,2728.0,1064,88578,29002600.0,2728.0,11,2726.0,3
rb1805,20170608,20170607,210954000,2728.0,1064,88578,29002600.0,2728.0,12,2726.0,3
rb1805,20170608,20170607,210954500,2728.0,1064,88578,29002600.0,2728.0,12,2726.0,3
rb1805,20170608,20170607,210955000,2728.0,1064,88578,29002600.0,2728.0,12,2727.0,1
rb1805,20170608,20170607,210955500,2727.0,1066,88580,29057140.0,2728.0,11,2726.0,2
rb1805,20170608,20170607,210957500,2727.0,1066,88580,29057140.0,2728.0,11,2726.0,2
rb1805,20170608,20170607,210958500,2727.0,1066,88580,29057140.0,2728.0,11,2726.0,2
rb1805,20170608,20170607,210959000,2727.0,1066,88580,29057140.0,2728.0,11,2727.0,1
rb1805,20170608,20170607,211000500,2727.0,1066,88580,29057140.0,2728.0,11,2727.0,1
rb1805,20170608,20170607,211002500,2727.0,1066,88580,29057140.0,2728.0,11,2727.0,1
rb1805,20170608,20170607,211003000,2727.0,1068,88582,29111680.0,2728.0,11,2726.0,4
rb1805,20170608,20170607,211004000,2727.0,1068,88582,29111680.0,2728.0,11,2726.0,4
rb1805,20170608,20170607,211005500,2727.0,1068,88582,29111680.0,2727.0,1,2726.0,4
rb1805,20170608,20170607,211006000,2726.0,1070,88582,29166200.0,2727.0,2,2726.0,3
rb1805,20170608,20170607,211006500,2726.0,1070,88582,29166200.0,2727.0,3,2726.0,3
rb1805,20170608,20170607,211007500,2726.0,1070,88582,29166200.0,2727.0,3,2726.0,3
rb1805,20170608,20170607,211009000,2727.0,1074,88580,29275280.0,2727.0,1,2726.0,8
rb1805,20170608,20170607,211010500,2727.0,1076,88580,29329820.0,2728.0,11,2726.0,8
rb1805,20170608,20170607,211011500,2727.0,1076,88580,29329820.0,2728.0,11,2727.0,11
rb1805,20170608,20170607,211012000,2727.0,1076,88580,29329820.0,2728.0,10,2727.0,11
rb1805,20170608,20170607,211013000,2727.0,1076,88580,29329820.0,2728.0,10,2727.0,11
rb1805,20170608,20170607,211014000,2727.0,1098,88602,29929760.0,2727.0,9,2726.0,8
rb1805,20170608,20170607,211014500,2727.0,1098,88602,29929760.0,2727.0,9,2726.0,3
rb1805,20170608,20170607,211016000,2727.0,1098,88602,29929760.0,2727.0,9,2726.0,3
rb1805,20170608,20170607,211016500,2727.0,1098,88602,29929760.0,2728.0,10,2726.0,3
rb1805,20170608,20170607,211018000,2727.0,1098,88602,29929760.0,2728.0,12,2726.0,3
rb1805,20170608,20170607,211019000,2727.0,1098,88602,29929760.0,2728.0,12,2726.0,3
rb1805,20170608,20170607,211020000,2727.0,1098,88602,29929760.0,2728.0,12,2726.0,3
rb1805,20170608,20170607,211021500,2727.0,1098,88602,29929760.0,2728.0,12,2726.0,3
rb1805,20170608,20170607,211023000,2727.0,1098,88602,29929760.0,2728.0,12,2726.0,3
rb1805,20170608,20170607,211024500,2727.0,1098,88602,29929760.0,2728.0,12,2726.0,3
rb1805,20170608,20170607,211025000,2727.0,1098,88602,29929760.0,2728.0,12,2726.0,3
rb1805,20170608,20170607,211027000,2727.0,1098,88602,29929760.0,2728.0,12,2726.0,3
rb1805,20170608,20170607,211028500,2728.0,1100,88602,29984320.0,2728.0,11,2726.0,3
rb1805,20170608,20170607,211030000,2728.0,1100,88602,29984320.0,2728.0,11,2726.0,3
rb1805,20170608,20170607,211030500,2728.0,1100,88602,29984320.0,2728.0,11,2726.0,8
rb1805,20170608,20170607,211032000,2728.0,1100,88602,29984320.0,2728.0,11,2726.0,8
rb1805,20170608,20170607,211032500,2728.0,1100,88602,29984320.0,2728.0,11,2726.0,9
rb1805,20170608,20170607,211033000,2728.0,1100,88602,29984320.0,2728.0,11,2726.0,9
rb1805,20170608,20170607,211034500,2728.0,1100,88602,29984320.0,2728.0,11,2727.0,3
rb1805,20170608,20170607,211035500,2728.0,1100,88602,29984320.0,2728.0,11,2726.0,9
rb1805,20170608,20170607,211036000,2728.0,1100,88602,29984320.0,2728.0,11,2726.0,9
rb1805,20170608,20170607,211036500,2728.0,1100,88602,29984320.0,2728.0,11,2726.0,9
rb1805,20170608,20170607,211037500,2728.0,1100,88602,29984320.0,2728.0,11,2726.0,9
rb1805,20170608,20170607,211039500,2728.0,1100,88602,29984320.0,2728.0,11,2726.0,9
rb1805,20170608,20170607,211040500,2728.0,1100,88602,29984320.0,2728.0,11,2726.0,10
rb1805,20170608,20170607,211041000,2728.0,1100,88602,29984320.0,2728.0,11,2726.0,10
rb1805,20170608,20170607,211041500,2728.0,1100,88602,29984320.0,2728.0,11,2726.0,10
rb1805,20170608,20170607,211042500,2728.0,1100,88602,29984320.0,2728.0,11,2726.0,12
rb1805,20170608,20170607,211044500,2728.0,1100,88602,29984320.0,2728.0,11,2727.0,1
rb1805,20170608,20170607,211045000,2728.0,1100,88602,29984320.0,2728.0,11,2727.0,21
rb1805,20170608,20170607,211045500,2728.0,1100,88602,29984320.0,2728.0,11,2727.0,21
rb1805,20170608,20170607,211049500,2728.0,1100,88602,29984320.0,2728.0,9,2727.0,21
rb1805,20170608,20170607,211050000,2728.0,1100,88602,29984320.0,2728.0,9,2727.0,21
rb1805,20170608,20170607,211050500,2728.0,1100,88602,29984320.0,2728.0,9,2727.0,22
rb1805,20170608,20170607,211051000,2728.0,1100,88602,29984320.0,2728.0,10,2727.0,22
rb1805,20170608,20170607,211054000,2727.0,1102,88604,30038860.0,2728.0,10,2727.0,21
rb1805,20170608,20170607,211055000,2727.0,1102,88604,30038860.0,2728.0,10,2727.0,21
rb1805,20170608,20170607,211056500,2727.0,1102,88604,30038860.0,2728.0,10,2727.0,1
rb1805,20170608,20170607,211057000,2727.0,1104,88606,30093400.0,2727.0,1,2726.0,12
rb1805,20170608,20170607,211057500,2727.0,1106,88606,30147940.0,2728.0,10,2727.0,2
rb1805,20170608,20170607,211058000,2727.0,1106,88606,30147940.0,2728.0,10,2726.0,12
rb1805,20170608,20170607,211058500,2727.0,1106,88606,30147940.0,2728.0,10,2727.0,3
rb1805,20170608,20170607,211101000,2727.0,1106,88606,30147940.0,2728.0,10,2727.0,3
rb1805,20170608,20170607,211101500,2727.0,1106,88606,30147940.0,2728.0,10,2727.0,3
rb1805,20170608,20170607,211103000,2727.0,1110,88604,30257020.0,2728.0,9,2727.0,1
rb1805,20170608,20170607,211105500,2727.0,1110,88604,30257020.0,2728.0,9,2727.0,2
rb1805,20170608,20170607,211106500,2727.0,1110,88604,30257020.0,2728.0,9,2727.0,2
rb1805,20170608,20170607,211107000,2727.0,1110,88604,30257020.0,2728.0,9,2727.0,2
rb1805,20170608,20170607,211108500,2727.0,1110,88604,30257020.0,2728.0,9,2727.0,2
rb1805,20170608,20170607,211109000,2727.0,1110,88604,30257020.0,2728.0,9,2727.0,6
rb1805,20170608,20170607,211109500,2727.0,1110,88604,30257020.0,2728.0,9,2727.0,6
rb1805,20170608,20170607,211113000,2727.0,1110,88604,30257020.0,2728.0,9,2727.0,6
rb1805,20170608,20170607,211113500,2727.0,1120,88602,30529720.0,2728.0,9,2727.0,1
rb1805,20170608,20170607,211114000,2728.0,1124,88598,30638840.0,2728.0,7,2727.0,1
rb1805,20170608,20170607,211115500,2728.0,1124,88598,30638840.0,2728.0,7,2727.0,6
rb1805,20170608,20170607,211117000,2728.0,1124,88598,30638840.0,2728.0,8,2727.0,6
rb1805,20170608,20170607,211119000,2728.0,1124,88598,30638840.0,2728.0,8,2727.0,6
rb1805,20170608,20170607,211119500,2728.0,1124,88598,30638840.0,2728.0,8,2727.0,7
rb1805,20170608,20170607,211121000,2728.0,1124,88598,30638840.0,2728.0,8,2727.0,7
rb1805,20170608,20170607,211121500,2728.0,1124,88598,30638840.0,2728.0,8,2727.0,8
rb1805,20170608,20170607,211124500,2728.0,1124,88598,30638840.0,2728.0,7,2727.0,8
rb1805,20170608,20170607,211125000,2728.0,1134,88600,30911640.0,2728.0,2,2727.0,8
rb1805,20170608,20170607,211126500,2728.0,1138,88604,31020760.0,2729.0,52,2728.0,3
rb1805,20170608,20170607,211127000,2728.0,1140,88606,31075320.0,2729.0,52,2727.0,8
rb1805,20170608,20170607,211128000,2728.0,1140,88606,31075320.0,2729.0,53,2727.0,8
rb1805,20170608,20170607,211128500,2728.0,1140,88606,31075320.0,2729.0,53,2727.0,3
rb1805,20170608,20170607,211130500,2728.0,1140,88606,31075320.0,2729.0,55,2727.0,3
rb1805,20170608,20170607,211131000,2728.0,1140,88606,31075320.0,2729.0,55,2728.0,1
rb1805,20170608,20170607,211131500,2728.0,1142,88606,31129880.0,2728.0,3,2727.0,3
rb1805,20170608,20170607,211132000,2728.0,1142,88606,31129880.0,2728.0,1,2727.0,3
rb1805,20170608,20170607,211132500,2728.0,1142,88606,31129880.0,2729.0,54,2727.0,3
rb1805,20170608,20170607,211133000,2728.0,1142,88606,31129880.0,2729.0,55,2727.0,3
rb1805,20170608,20170607,211133500,2728.0,1142,88606,31129880.0,2729.0,55,2727.0,4
rb1805,20170608,20170607,211139500,2728.0,1142,88606,31129880.0,2729.0,55,2727.0,4
rb1805,20170608,20170607,211140000,2728.0,1142,88606,31129880.0,2729.0,52,2727.0,9
rb1805,20170608,20170607,211142000,2728.0,1142,88606,31129880.0,2729.0,52,2727.0,9
rb1805,20170608,20170607,211143500,2728.0,1142,88606,31129880.0,2729.0,52,2727.0,9
rb1805,20170608,20170607,211144500,2728.0,1142,88606,31129880.0,2729.0,52,2727.0,8
rb1805,20170608,20170607,211146000,2728.0,1142,88606,31129880.0,2729.0,52,2728.0,1
rb1805,20170608,20170607,211148500,2728.0,1142,88606,31129880.0,2729.0,52,2728.0,1
rb1805,20170608,20170607,211149500,2728.0,1142,88606,31129880.0,2729.0,52,2728.0,1
rb1805,20170608,20170607,211150000,2728.0,1142,88606,31129880.0,2729.0,52,2728.0,1
rb1805,20170608,20170607,211151000,2728.0,1142,88606,31129880.0,2729.0,52,2728.0,1
rb1805,20170608,20170607,211153000,2728.0,1142,88606,31129880.0,2729.0,52,2728.0,1
rb1805,20170608,20170607,211154000,2728.0,1142,88606,31129880.0,2729.0,52,2728.0,2
rb1805,20170608,20170607,211155000,2729.0,1146,88602,31239040.0,2729.0,50,2728.0,2
rb1805,20170608,20170607,211156000,2729.0,1146,88602,31239040.0,2729.0,50,2728.0,2
rb1805,20170608,20170607,211157500,2729.0,1146,88602,31239040.0,2729.0,50,2728.0,2
rb1805,20170608,20170607,211159000,2729.0,1146,88602,31239040.0,2729.0,50,2728.0,2
rb1805,20170608,20170607,211159500,2729.0,1146,88602,31239040.0,2729.0,50,2728.0,2
rb1805,20170608,20170607,211200000,2729.0,1146,88602,31239040.0,2729.0,50,2728.0,2
rb1805,20170608,20170607,211200500,2729.0,1146,88602,31239040.0,2729.0,50,2728.0,2
rb1805,20170608,20170607,211202000,2729.0,1146,88602,31239040.0,2729.0,50,2728.0,2
rb1805,20170608,20170607,211203000,2729.0,1146,88602,31239040.0,2729.0,51,2728.0,2
rb1805,20170608,20170607,211203500,2728.0,1150,88606,31348160.0,2728.0,4,2727.0,7
rb1805,20170608,20170607,211204000,2728.0,1150,88606,31348160.0,2729.0,51,2727.0,2
rb1805,20170608,20170607,211204500,2728.0,1150,88606,31348160.0,2728.0,2,2727.0,2
rb1805,20170608,20170607,211207000,2728.0,1150,88606,31348160.0,2728.0,3,2727.0,2
rb1805,20170608,20170607,211208000,2728.0,1150,88606,31348160.0,2728.0,3,2727.0,22
rb1805,20170608,20170607,211210000,2728.0,1150,88606,31348160.0,2728.0,3,2727.0,22
rb1805,20170608,20170607,211215000,2728.0,1156,88600,31511840.0,2729.0,51,2727.0,22
rb1805,20170608,20170607,211215500,2728.0,1156,88600,31511840.0,2729.0,51,2727.0,22
rb1805,20170608,20170607,211216000,2728.0,1156,88600,31511840.0,2729.0,51,2727.0,22
rb1805,20170608,20170607,211219500,2728.0,1156,88600,31511840.0,2729.0,51,2727.0,27
rb1805,20170608,20170607,211220000,2728.0,1156,88600,31511840.0,2729.0,50,2727.0,27
rb1805,20170608,20170607,211222000,2728.0,1156,88600,31511840.0,2729.0,50,2727.0,29
rb1805,20170608,20170607,211222500,2728.0,1156,88600,31511840.0,2729.0,50,2728.0,2
rb1805,20170608,20170607,211224500,2728.0,1156,88600,31511840.0,2729.0,50,2727.0,29
rb1805,20170608,20170607,211225000,2728.0,1156,88600,31511840.0,2729.0,53,2727.0,29
rb1805,20170608,20170607,211226000,2728.0,1156,88600,31511840.0,2729.0,53,2727.0,30
rb1805,20170608,20170607,211227000,2728.0,1156,88600,31511840.0,2729.0,53,2728.0,2
rb1805,20170608,20170607,211227500,2728.0,1156,88600,31511840.0,2729.0,52,2728.0,5
rb1805,20170608,20170607,211229000,2728.0,1156,88600,31511840.0,2729.0,52,2728.0,5
rb1805,20170608,20170607,211230500,2728.0,1160,88600,31620960.0,2729.0,52,2728.0,3
rb1805,20170608,20170607,211232000,2728.0,1160,88600,31620960.0,2729.0,52,2728.0,3
rb1805,20170608,20170607,211233500,2729.0,1164,88596,31730120.0,2729.0,50,2728.0,3
rb1805,20170608,20170607,211234000,2729.0,1164,88596,31730120.0,2729.0,50,2728.0,3
rb1805,20170608,20170607,211235500,2728.0,1170,88596,31893800.0,2728.0,7,2727.0,28
rb1805,20170608,20170607,211236000,2728.0,1170,88596,31893800.0,2728.0,7,2727.0,23
rb1805,20170608,20170607,211237000,2728.0,1174,88600,32002920.0,2728.0,5,2727.0,22
rb1805,20170608,20170607,211237500,2728.0,1178,88604,32112040.0,2728.0,3,2727.0,22
rb1805,20170608,20170607,211238500,2728.0,1180,88606,32166600.0,2728.0,2,2727.0,22
rb1805,20170608,20170607,211239000,2728.0,1180,88606,32166600.0,2728.0,2,2727.0,22
rb1805,20170608,20170607,211241500,2728.0,1184,88610,32275720.0,2728.0,1,2727.0,22
rb1805,20170608,20170607,211247500,2727.0,1188,88608,32384800.0,2728.0,1,2727.0,20
rb1805,20170608,20170607,211248500,2727.0,1188,88608,32384800.0,2728.0,1,2727.0,20
rb1805,20170608,20170607,211249000,2727.0,1188,88608,32384800.0,2728.0,1,2727.0,20
rb1805,20170608,20170607,211250000,2727.0,1188,88608,32384800.0,2728.0,2,2727.0,20
rb1805,20170608,20170607,211255500,2727.0,1190,88606,32439340.0,2728.0,2,2727.0,19
rb1805,20170608,20170607,211257000,2727.0,1190,88606,32439340.0,2728.0,3,2727.0,19
rb1805,20170608,20170607,211258500,2727.0,1190,88606,32439340.0,2728.0,3,2727.0,18
rb1805,20170608,20170607,211303000,2728.0,1192,88608,32493900.0,2728.0,2,2727.0,18
rb1805,20170608,20170607,211305500,2728.0,1192,88608,32493900.0,2728.0,2,2727.0,18
rb1805,20170608,20170607,211306000,2728.0,1192,88608,32493900.0,2728.0,2,2727.0,18
rb1805,20170608,20170607,211307000,2728.0,1192,88608,32493900.0,2728.0,3,2727.0,18
rb1805,20170608,20170607,211308500,2728.0,1192,88608,32493900.0,2728.0,4,2727.0,18
rb1805,20170608,20170607,211309000,2728.0,1192,88608,32493900.0,2728.0,5,2727.0,18
rb1805,20170608,20170607,211309500,2728.0,1192,88608,32493900.0,2728.0,6,2727.0,18
rb1805,20170608,20170607,211310500,2728.0,1192,88608,32493900.0,2728.0,6,2727.0,18
rb1805,20170608,20170607,211311000,2728.0,1192,88608,32493900.0,2728.0,5,2727.0,18
rb1805,20170608,20170607,211312500,2728.0,1192,88608,32493900.0,2728.0,5,2727.0,18
rb1805,20170608,20170607,211313500,2728.0,1192,88608,32493900.0,2728.0,5,2727.0,18
rb1805,20170608,20170607,211314500,2728.0,1192,88608,32493900.0,2728.0,5,2727.0,18
rb1805,20170608,20170607,211315000,2728.0,1192,88608,32493900.0,2728.0,5,2727.0,18
rb1805,20170608,20170607,211315500,2728.0,1192,88608,32493900.0,2728.0,5,2727.0,19
rb1805,20170608,20170607,211316500,2728.0,1192,88608,32493900.0,2728.0,5,2727.0,19
rb1805,20170608,20170607,211320000,2728.0,1192,88608,32493900.0,2728.0,5,2727.0,19
rb1805,20170608,20170607,211320500,2728.0,1202,88610,32766700.0,2729.0,50,2728.0,15
rb1805,20170608,20170607,211321000,2728.0,1202,88610,32766700.0,2729.0,50,2728.0,15
rb1805,20170608,20170607,211323500,2728.0,1202,88610,32766700.0,2729.0,50,2728.0,15
rb1805,20170608,20170607,211325000,2728.0,1202,88610,32766700.0,2729.0,50,2728.0,15
rb1805,20170608,20170607,211327500,2728.0,1202,88610,32766700.0,2729.0,50,2728.0,15
rb1805,20170608,20170607,211330000,2728.0,1202,88610,32766700.0,2729.0,50,2728.0,17
rb1805,20170608,20170607,211333500,2728.0,1202,88610,32766700.0,2729.0,50,2728.0,17
rb1805,20170608,20170607,211334500,2728.0,1202,88610,32766700.0,2729.0,50,2728.0,17
rb1805,20170608,20170607,211335500,2728.0,1202,88610,32766700.0,2729.0,50,2728.0,17
rb1805,20170608,20170607,211338000,2728.0,1202,88610,32766700.0,2729.0,50,2728.0,17
rb1805,20170608,20170607,211339000,2729.0,1212,88610,33039600.0,2729.0,45,2728.0,22
rb1805,20170608,20170607,211339500,2729.0,1212,88610,33039600.0,2729.0,46,2728.0,22
rb1805,20170608,20170607,211340500,2729.0,1212,88610,33039600.0,2729.0,46,2728.0,22
rb1805,20170608,20170607,211342000,2729.0,1218,88610,33203340.0,2729.0,43,2728.0,22
rb1805,20170608,20170607,211342500,2729.0,1218,88610,33203340.0,2729.0,43,2728.0,22
rb1805,20170608,20170607,211343000,2729.0,1228,88600,33476240.0,2729.0,38,2728.0,22
rb1805,20170608,20170607,211345000,2729.0,1228,88600,33476240.0,2729.0,38,2728.0,22
rb1805,20170608,20170607,211345500,2729.0,1238,88600,33749140.0,2729.0,33,2728.0,22
rb1805,20170608,20170607,211346500,2729.0,1238,88600,33749140.0,2729.0,33,2728.0,25
rb1805,20170608,20170607,211348000,2729.0,1238,88600,33749140.0,2729.0,33,2728.0,25
rb1805,20170608,20170607,211349000,2729.0,1238,88600,33749140.0,2729.0,33,2728.0,20
rb1805,20170608,20170607,211350000,2729.0,1238,88600,33749140.0,2729.0,38,2728.0,20
rb1805,20170608,20170607,211350500,2728.0,1242,88602,33858260.0,2729.0,38,2728.0,18
rb1805,20170608,20170607,211351500,2728.0,1242,88602,33858260.0,2729.0,38,2728.0,18
rb1805,20170608,20170607,211353000,2728.0,1242,88602,33858260.0,2729.0,38,2728.0,21
rb1805,20170608,20170607,211354500,2728.0,1242,88602,33858260.0,2729.0,38,2728.0,22
rb1805,20170608,20170607,211357000,2728.0,1242,88602,33858260.0,2729.0,33,2728.0,22
rb1805,20170608,20170607,211358500,2729.0,1244,88602,33912840.0,2729.0,33,2728.0,22
rb1805,20170608,20170607,211401500,2729.0,1244,88602,33912840.0,2729.0,33,2728.0,23
rb1805,20170608,20170607,211402000,2729.0,1244,88602,33912840.0,2729.0,33,2728.0,29
rb1805,20170608,20170607,211403000,2729.0,1248,88600,34022000.0,2729.0,31,2728.0,29
rb1805,20170608,20170607,211403500,2729.0,1268,88596,34567800.0,2729.0,21,2728.0,29
rb1805,20170608,20170607,211404000,2729.0,1278,88596,34840700.0,2729.0,16,2728.0,29
rb1805,20170608,20170607,211404500,2729.0,1278,88596,34840700.0,2729.0,16,2728.0,29
rb1805,20170608,20170607,211408000,2729.0,1278,88596,34840700.0,2729.0,16,2728.0,29
rb1805,20170608,20170607,211409000,2729.0,1278,88596,34840700.0,2729.0,16,2728.0,29
rb1805,20170608,20170607,211411000,2729.0,1280,88596,34895280.0,2729.0,15,2728.0,29
rb1805,20170608,20170607,211413000,2729.0,1280,88596,34895280.0,2729.0,15,2728.0,28
rb1805,20170608,20170607,211415000,2729.0,1282,88596,34949860.0,2729.0,14,2728.0,28
rb1805,20170608,20170607,211415500,2729.0,1290,88596,35168180.0,2729.0,10,2728.0,28
rb1805,20170608,20170607,211417000,2729.0,1290,88596,35168180.0,2729.0,10,2728.0,24
rb1805,20170608,20170607,211422500,2729.0,1292,88596,35222760.0,2729.0,9,2728.0,24
rb1805,20170608,20170607,211423500,2728.0,1294,88596,35277320.0,2729.0,14,2728.0,23
rb1805,20170608,20170607,211424000,2728.0,1294,88596,35277320.0,2729.0,15,2728.0,23
rb1805,20170608,20170607,211424500,2728.0,1318,88596,35932040.0,2729.0,15,2728.0,11
rb1805,20170608,20170607,211425000,2728.0,1340,88608,36532200.0,2728.0,2,2727.0,1
rb1805,20170608,20170607,211425500,2728.0,1340,88608,36532200.0,2729.0,16,2727.0,1
rb1805,20170608,20170607,211426000,2728.0,1340,88608,36532200.0,2729.0,15,2727.0,1
rb1805,20170608,20170607,211426500,2728.0,1340,88608,36532200.0,2729.0,15,2727.0,6
rb1805,20170608,20170607,211430000,2728.0,1340,88608,36532200.0,2728.0,10,2727.0,6
rb1805,20170608,20170607,211430500,2728.0,1340,88608,36532200.0,2728.0,10,2727.0,26
rb1805,20170608,20170607,211431000,2728.0,1352,88608,36859560.0,2728.0,4,2727.0,26
rb1805,20170608,20170607,211431500,2728.0,1360,88608,37077800.0,2729.0,15,2727.0,26
rb1805,20170608,20170607,211433000,2728.0,1360,88608,37077800.0,2729.0,12,2727.0,26
rb1805,20170608,20170607,211433500,2728.0,1360,88608,37077800.0,2729.0,12,2727.0,26
rb1805,20170608,20170607,211434000,2728.0,1360,88608,37077800.0,2729.0,12,2728.0,2
rb1805,20170608,20170607,211437000,2728.0,1360,88608,37077800.0,2729.0,12,2728.0,2
rb1805,20170608,20170607,211438000,2728.0,1360,88608,37077800.0,2729.0,12,2728.0,2
rb1805,20170608,20170607,211438500,2728.0,1360,88608,37077800.0,2729.0,12,2728.0,2
rb1805,20170608,20170607,211439500,2728.0,1360,88608,37077800.0,2729.0,12,2728.0,2
rb1805,20170608,20170607,211440000,2728.0,1360,88608,37077800.0,2729.0,12,2728.0,2
rb1805,20170608,20170607,211441000,2729.0,1364,88604,37186960.0,2729.0,10,2728.0,2
rb1805,20170608,20170607,211441500,2729.0,1374,88610,37459860.0,2729.0,5,2728.0,2
rb1805,20170608,20170607,211443000,2729.0,1374,88610,37459860.0,2729.0,5,2728.0,2
rb1805,20170608,20170607,211444500,2729.0,1374,88610,37459860.0,2729.0,5,2728.0,2
rb1805,20170608,20170607,211445000,2729.0,1376,88610,37514440.0,2729.0,4,2728.0,2
rb1805,20170608,20170607,211445500,2729.0,1378,88612,37569020.0,2729.0,3,2728.0,2
rb1805,20170608,20170607,211446000,2729.0,1382,88614,37678180.0,2729.0,1,2728.0,2
rb1805,20170608,20170607,211447000,2729.0,1386,88614,37787340.0,2729.0,4,2728.0,2
rb1805,20170608,20170607,211447500,2729.0,1386,88614,37787340.0,2729.0,4,2728.0,2
rb1805,20170608,20170607,211448500,2729.0,1388,88614,37841920.0,2729.0,3,2728.0,2
rb1805,20170608,20170607,211449000,2729.0,1394,88610,38005660.0,2730.0,6,2729.0,18
rb1805,20170608,20170607,211449500,2729.0,1394,88610,38005660.0,2730.0,6,2729.0,18
rb1805,20170608,20170607,211450500,2729.0,1394,88610,38005660.0,2730.0,6,2728.0,3
rb1805,20170608,20170607,211452000,2729.0,1394,88610,38005660.0,2730.0,6,2728.0,3
rb1805,20170608,20170607,211455500,2729.0,1394,88610,38005660.0,2730.0,6,2728.0,3
rb1805,20170608,20170607,211456500,2728.0,1396,88612,38060220.0,2730.0,6,2728.0,2
rb1805,20170608,20170607,211457500,2728.0,1396,88612,38060220.0,2730.0,6,2728.0,3
rb1805,20170608,20170607,211500500,2728.0,1396,88612,38060220.0,2730.0,6,2728.0,8
rb1805,20170608,20170607,211501000,2728.0,1396,88612,38060220.0,2730.0,6,2728.0,8
rb1805,20170608,20170607,211504500,2730.0,1400,88612,38169420.0,2730.0,4,2728.0,8
rb1805,20170608,20170607,211505000,2730.0,1400,88612,38169420.0,2730.0,4,2728.0,7
rb1805,20170608,20170607,211507500,2730.0,1400,88612,38169420.0,2730.0,4,2728.0,8
rb1805,20170608,20170607,211508000,2730.0,1400,88612,38169420.0,2729.0,1,2728.0,8
rb1805,20170608,20170607,211509500,2730.0,1400,88612,38169420.0,2729.0,1,2728.0,8
rb1805,20170608,20170607,211510500,2730.0,1400,88612,38169420.0,2729.0,1,2728.0,8
rb1805,20170608,20170607,211511000,2730.0,1400,88612,38169420.0,2729.0,1,2728.0,8
rb1805,20170608,20170607,211512000,2730.0,1400,88612,38169420.0,2729.0,1,2728.0,8
rb1805,20170608,20170607,211512500,2729.0,1402,88612,38224000.0,2730.0,6,2728.0,8
rb1805,20170608,20170607,211513500,2729.0,1402,88612,38224000.0,2730.0,6,2729.0,30
rb1805,20170608,20170607,211517500,2729.0,1406,88614,38333160.0,2730.0,11,2729.0,28
rb1805,20170608,20170607,211518000,2730.0,1408,88614,38387760.0,2730.0,10,2729.0,28
rb1805,20170608,20170607,211518500,2730.0,1408,88614,38387760.0,2730.0,10,2729.0,28
rb1805,20170608,20170607,211519500,2730.0,1408,88614,38387760.0,2730.0,10,2729.0,28
rb1805,20170608,20170607,211520000,2730.0,1408,88614,38387760.0,2730.0,10,2729.0,28
rb1805,20170608,20170607,211521000,2730.0,1410,88614,38442360.0,2730.0,9,2729.0,28
rb1805,20170608,20170607,211521500,2730.0,1410,88614,38442360.0,2730.0,4,2729.0,28
rb1805,20170608,20170607,211522000,2730.0,1410,88614,38442360.0,2730.0,4,2729.0,28
rb1805,20170608,20170607,211525500,2729.0,1440,88600,39261060.0,2730.0,4,2729.0,13
rb1805,20170608,20170607,211526000,2730.0,1444,88602,39370260.0,2730.0,2,2729.0,13
rb1805,20170608,20170607,211531000,2730.0,1444,88602,39370260.0,2730.0,2,2729.0,18
rb1805,20170608,20170607,211532000,2730.0,1446,88602,39424860.0,2730.0,1,2729.0,18
rb1805,20170608,20170607,211534500,2729.0,1448,88600,39479440.0,2730.0,1,2729.0,17
rb1805,20170608,20170607,211535000,2729.0,1448,88600,39479440.0,2730.0,1,2729.0,12
rb1805,20170608,20170607,211535500,2729.0,1448,88600,39479440.0,2730.0,1,2729.0,19
rb1805,20170608,20170607,211536500,2729.0,1448,88600,39479440.0,2730.0,1,2729.0,19
rb1805,20170608,20170607,211537500,2729.0,1448,88600,39479440.0,2730.0,1,2729.0,22
rb1805,20170608,20170607,211538500,2729.0,1448,88600,39479440.0,2730.0,2,2729.0,22
rb1805,20170608,20170607,211539000,2729.0,1448,88600,39479440.0,2730.0,3,2729.0,22
rb1805,20170608,20170607,211540500,2729.0,1448,88600,39479440.0,2730.0,3,2729.0,22
rb1805,20170608,20170607,211544500,2730.0,1452,88598,39588640.0,2730.0,1,2729.0,22
rb1805,20170608,20170607,211546000,2730.0,1454,88598,39643240.0,2731.0,8,2730.0,10
rb1805,20170608,20170607,211546500,2730.0,1454,88598,39643240.0,2731.0,8,2730.0,10
rb1805,20170608,20170607,211549000,2730.0,1456,88596,39697840.0,2731.0,8,2730.0,9
rb1805,20170608,20170607,211553000,2730.0,1456,88596,39697840.0,2731.0,8,2730.0,9
rb1805,20170608,20170607,211554000,2730.0,1458,88596,39752440.0,2731.0,8,2730.0,8
rb1805,20170608,20170607,211554500,2730.0,1458,88596,39752440.0,2731.0,8,2730.0,10
rb1805,20170608,20170607,211555000,2730.0,1458,88596,39752440.0,2731.0,8,2730.0,10
rb1805,20170608,20170607,211556500,2730.0,1458,88596,39752440.0,2731.0,8,2730.0,10
rb1805,20170608,20170607,211557500,2730.0,1458,88596,39752440.0,2731.0,8,2730.0,10
rb1805,20170608,20170607,211558000,2730.0,1458,88596,39752440.0,2731.0,8,2730.0,10
rb1805,20170608,20170607,211559000,2731.0,1462,88596,39861680.0,2731.0,6,2730.0,10
rb1805,20170608,20170607,211559500,2731.0,1464,88596,39916300.0,2731.0,5,2730.0,10
rb1805,20170608,20170607,211600500,2731.0,1464,88596,39916300.0,2731.0,5,2730.0,16
rb1805,20170608,20170607,211601500,2731.0,1466,88596,39970920.0,2731.0,4,2730.0,16
rb1805,20170608,20170607,211602500,2733.0,1510,88596,41173080.0,2734.0,26,2730.0,16
rb1805,20170608,20170607,211603000,2734.0,1520,88592,41446480.0,2734.0,14,2731.0,37
rb1805,20170608,20170607,211603500,2734.0,1520,88592,41446480.0,2734.0,14,2731.0,42
rb1805,20170608,20170607,211604000,2734.0,1520,88592,41446480.0,2734.0,14,2731.0,42
rb1805,20170608,20170607,211604500,2734.0,1520,88592,41446480.0,2733.0,1,2731.0,42
rb1805,20170608,20170607,211605000,2734.0,1522,88592,41501160.0,2733.0,5,2731.0,38
rb1805,20170608,20170607,211605500,2734.0,1522,88592,41501160.0,2733.0,5,2731.0,38
rb1805,20170608,20170607,211606000,2734.0,1522,88592,41501160.0,2733.0,6,2731.0,38
rb1805,20170608,20170607,211606500,2734.0,1522,88592,41501160.0,2732.0,2,2731.0,38
rb1805,20170608,20170607,211607000,2733.0,1524,88592,41555820.0,2732.0,7,2731.0,38
rb1805,20170608,20170607,211607500,2731.0,1562,88580,42593600.0,2732.0,7,2731.0,19
rb1805,20170608,20170607,211608000,2732.0,1586,88576,43249180.0,2733.0,5,2732.0,11
rb1805,20170608,20170607,211608500,2732.0,1590,88576,43358460.0,2733.0,7,2732.0,9
rb1805,20170608,20170607,211609500,2732.0,1592,88574,43413100.0,2733.0,2,2732.0,8
rb1805,20170608,20170607,211610000,2732.0,1600,88574,43631660.0,2734.0,15,2732.0,5
rb1805,20170608,20170607,211610500,2732.0,1600,88574,43631660.0,2733.0,3,2732.0,5
rb1805,20170608,20170607,211611000,2732.0,1600,88574,43631660.0,2733.0,1,2732.0,5
rb1805,20170608,20170607,211611500,2732.0,1600,88574,43631660.0,2733.0,1,2732.0,5
rb1805,20170608,20170607,211612000,2732.0,1600,88574,43631660.0,2733.0,2,2732.0,5
rb1805,20170608,20170607,211613000,2733.0,1604,88570,43740980.0,2734.0,15,2733.0,11
rb1805,20170608,20170607,211613500,2733.0,1604,88570,43740980.0,2734.0,17,2733.0,11
rb1805,20170608,20170607,211614000,2733.0,1604,88570,43740980.0,2734.0,17,2733.0,11
rb1805,20170608,20170607,211614500,2733.0,1624,88570,44287580.0,2734.0,12,2733.0,1
rb1805,20170608,20170607,211615000,2733.0,1624,88570,44287580.0,2734.0,10,2733.0,1
rb1805,20170608,20170607,211615500,2733.0,1624,88570,44287580.0,2734.0,12,2733.0,1
rb1805,20170608,20170607,211616000,2733.0,1626,88570,44342240.0,2733.0,2,2732.0,5
rb1805,20170608,20170607,211616500,2733.0,1626,88570,44342240.0,2733.0,2,2732.0,5
rb1805,20170608,20170607,211618000,2733.0,1626,88570,44342240.0,2733.0,2,2732.0,5
rb1805,20170608,20170607,211618500,2733.0,1628,88570,44396900.0,2733.0,1,2732.0,5
rb1805,20170608,20170607,211619000,2733.0,1628,88570,44396900.0,2733.0,1,2732.0,5
rb1805,20170608,20170607,211619500,2732.0,1630,88568,44451540.0,2733.0,11,2732.0,4
rb1805,20170608,20170607,211620000,2733.0,1632,88570,44506200.0,2733.0,10,2732.0,4
rb1805,20170608,20170607,211620500,2733.0,1632,88570,44506200.0,2733.0,10,2732.0,4
rb1805,20170608,20170607,211621500,2732.0,1636,88566,44615480.0,2733.0,10,2732.0,2
rb1805,20170608,20170607,211622000,2732.0,1636,88566,44615480.0,2733.0,11,2732.0,2
rb1805,20170608,20170607,211623000,2732.0,1638,88564,44670120.0,2733.0,11,2731.0,1
rb1805,20170608,20170607,211623500,2732.0,1638,88564,44670120.0,2733.0,12,2731.0,1
rb1805,20170608,20170607,211624500,2732.0,1638,88564,44670120.0,2733.0,13,2731.0,6
rb1805,20170608,20170607,211625500,2732.0,1638,88564,44670120.0,2732.0,1,2731.0,6
rb1805,20170608,20170607,211626000,2732.0,1638,88564,44670120.0,2732.0,1,2731.0,6
rb1805,20170608,20170607,211627000,2732.0,1638,88564,44670120.0,2732.0,1,2731.0,6
rb1805,20170608,20170607,211629000,2732.0,1638,88564,44670120.0,2732.0,1,2731.0,1
rb1805,20170608,20170607,211629500,2732.0,1638,88564,44670120.0,2732.0,1,2731.0,1
rb1805,20170608,20170607,211632000,2732.0,1640,88566,44724760.0,2733.0,34,2731.0,1
rb1805,20170608,20170607,211633000,2732.0,1640,88566,44724760.0,2733.0,34,2731.0,1
rb1805,20170608,20170607,211634500,2732.0,1640,88566,44724760.0,2732.0,1,2731.0,1
rb1805,20170608,20170607,211635000,2732.0,1640,88566,44724760.0,2732.0,1,2731.0,1
rb1805,20170608,20170607,211635500,2732.0,1640,88566,44724760.0,2732.0,1,2731.0,1
rb1805,20170608,20170607,211636500,2732.0,1640,88566,44724760.0,2732.0,2,2731.0,1
rb1805,20170608,20170607,211637000,2732.0,1640,88566,44724760.0,2732.0,3,2731.0,1
rb1805,20170608,20170607,211638500,2732.0,1640,88566,44724760.0,2732.0,3,2731.0,1
rb1805,20170608,20170607,211639000,2731.0,1642,88566,44779380.0,2732.0,3,2730.0,18
rb1805,20170608,20170607,211639500,2731.0,1644,88566,44834000.0,2732.0,3,2730.0,18
rb1805,20170608,20170607,211643000,2731.0,1644,88566,44834000.0,2732.0,13,2730.0,18
rb1805,20170608,20170607,211643500,2731.0,1644,88566,44834000.0,2732.0,13,2730.0,20
rb1805,20170608,20170607,211644000,2731.0,1644,88566,44834000.0,2732.0,14,2730.0,20
rb1805,20170608,20170607,211645000,2731.0,1644,88566,44834000.0,2732.0,14,2730.0,20
rb1805,20170608,20170607,211646000,2731.0,1644,88566,44834000.0,2732.0,14,2730.0,21
rb1805,20170608,20170607,211647000,2731.0,1644,88566,44834000.0,2731.0,1,2730.0,21
rb1805,20170608,20170607,211647500,2731.0,1646,88566,44888620.0,2732.0,14,2730.0,16
rb1805,20170608,20170607,211649000,2731.0,1646,88566,44888620.0,2732.0,15,2730.0,16
rb1805,20170608,20170607,211650500,2731.0,1646,88566,44888620.0,2732.0,15,2730.0,16
rb1805,20170608,20170607,211651500,2731.0,1646,88566,44888620.0,2732.0,15,2730.0,22
rb1805,20170608,20170607,211652000,2732.0,1648,88566,44943260.0,2732.0,14,2730.0,22
rb1805,20170608,20170607,211653500,2732.0,1648,88566,44943260.0,2732.0,14,2731.0,1
rb1805,20170608,20170607,211655000,2731.0,1650,88566,44997880.0,2732.0,14,2730.0,22
rb1805,20170608,20170607,211657000,2731.0,1650,88566,44997880.0,2732.0,14,2730.0,22
rb1805,20170608,20170607,211657500,2731.0,1650,88566,44997880.0,2731.0,1,2730.0,22
rb1805,20170608,20170607,211658000,2731.0,1650,88566,44997880.0,2731.0,1,2730.0,17
rb1805,20170608,20170607,211658500,2732.0,1658,88568,45216420.0,2732.0,11,2730.0,17
rb1805,20170608,20170607,211701500,2732.0,1658,88568,45216420.0,2732.0,11,2730.0,17
rb1805,20170608,20170607,211702500,2732.0,1658,88568,45216420.0,2732.0,11,2730.0,22
rb1805,20170608,20170607,211703500,2732.0,1658,88568,45216420.0,2732.0,11,2730.0,22
rb1805,20170608,20170607,211705000,2732.0,1658,88568,45216420.0,2732.0,11,2730.0,22
rb1805,20170608,20170607,211707000,2732.0,1658,88568,45216420.0,2732.0,11,2730.0,22
rb1805,20170608,20170607,211707500,2732.0,1658,88568,45216420.0,2732.0,11,2730.0,22
rb1805,20170608,20170607,211710500,2732.0,1658,88568,45216420.0,2732.0,11,2730.0,22
rb1805,20170608,20170607,211712000,2732.0,1658,88568,45216420.0,2732.0,11,2730.0,23
rb1805,20170608,20170607,211712500,2732.0,1658,88568,45216420.0,2732.0,11,2731.0,1
rb1805,20170608,20170607,211713000,2732.0,1668,88578,45489620.0,2732.0,6,2731.0,6
rb1805,20170608,20170607,211713500,2732.0,1674,88578,45653540.0,2732.0,3,2731.0,7
rb1805,20170608,20170607,211714000,2732.0,1682,88572,45872100.0,2733.0,4,2732.0,5
rb1805,20170608,20170607,211714500,2732.0,1682,88572,45872100.0,2733.0,4,2731.0,7
rb1805,20170608,20170607,211715000,2732.0,1682,88572,45872100.0,2733.0,4,2732.0,2
rb1805,20170608,20170607,211715500,2732.0,1682,88572,45872100.0,2733.0,4,2732.0,2
rb1805,20170608,20170607,211721000,2732.0,1682,88572,45872100.0,2733.0,4,2732.0,2
rb1805,20170608,20170607,211722000,2732.0,1682,88572,45872100.0,2733.0,4,2732.0,3
rb1805,20170608,20170607,211722500,2732.0,1682,88572,45872100.0,2733.0,4,2732.0,3
rb1805,20170608,20170607,211723500,2732.0,1686,88572,45981380.0,2733.0,4,2732.0,1
rb1805,20170608,20170607,211724000,2732.0,1686,88572,45981380.0,2733.0,4,2732.0,2
rb1805,20170608,20170607,211724500,2732.0,1686,88572,45981380.0,2733.0,9,2732.0,2
rb1805,20170608,20170607,211726500,2732.0,1688,88572,46036020.0,2733.0,9,2732.0,1
rb1805,20170608,20170607,211727000,2732.0,1690,88574,46090660.0,2732.0,1,2731.0,6
rb1805,20170608,20170607,211727500,2732.0,1690,88574,46090660.0,2733.0,8,2731.0,6
rb1805,20170608,20170607,211728000,2732.0,1690,88574,46090660.0,2733.0,8,2731.0,6
rb1805,20170608,20170607,211732000,2732.0,1690,88574,46090660.0,2733.0,8,2731.0,6
rb1805,20170608,20170607,211732500,2732.0,1690,88574,46090660.0,2732.0,1,2731.0,6
rb1805,20170608,20170607,211734000,2732.0,1690,88574,46090660.0,2732.0,1,2731.0,6
rb1805,20170608,20170607,211734500,2732.0,1690,88574,46090660.0,2732.0,1,2731.0,6
rb1805,20170608,20170607,211735500,2732.0,1690,88574,46090660.0,2732.0,1,2731.0,5
rb1805,20170608,20170607,211736500,2732.0,1690,88574,46090660.0,2732.0,1,2731.0,5
rb1805,20170608,20170607,211737500,2732.0,1690,88574,46090660.0,2732.0,1,2731.0,5
rb1805,20170608,20170607,211738000,2732.0,1690,88574,46090660.0,2732.0,1,2731.0,5
rb1805,20170608,20170607,211740500,2732.0,1690,88574,46090660.0,2732.0,1,2731.0,5
rb1805,20170608,20170607,211741500,2732.0,1690,88574,46090660.0,2732.0,1,2731.0,5
rb1805,20170608,20170607,211743000,2732.0,1690,88574,46090660.0,2732.0,51,2731.0,5
rb1805,20170608,20170607,211743500,2732.0,1690,88574,46090660.0,2732.0,51,2731.0,5
rb1805,20170608,20170607,211744000,2732.0,1690,88574,46090660.0,2732.0,51,2730.0,20
rb1805,20170608,20170607,211745500,2732.0,1690,88574,46090660.0,2731.0,5,2730.0,20
rb1805,20170608,20170607,211747000,2732.0,1690,88574,46090660.0,2731.0,5,2730.0,20
rb1805,20170608,20170607,211752000,2732.0,1690,88574,46090660.0,2731.0,5,2730.0,20
rb1805,20170608,20170607,211752500,2732.0,1690,88574,46090660.0,2731.0,5,2730.0,15
rb1805,20170608,20170607,211753500,2732.0,1690,88574,46090660.0,2731.0,5,2730.0,15
rb1805,20170608,20170607,211757000,2730.0,1692,88572,46145260.0,2731.0,5,2730.0,14
rb1805,20170608,20170607,211757500,2730.0,1696,88568,46254460.0,2731.0,5,2730.0,12
rb1805,20170608,20170607,211759500,2730.0,1696,88568,46254460.0,2731.0,5,2730.0,12
rb1805,20170608,20170607,211800500,2730.0,1696,88568,46254460.0,2731.0,10,2730.0,12
rb1805,20170608,20170607,211801000,2730.0,1696,88568,46254460.0,2731.0,11,2730.0,12
rb1805,20170608,20170607,211802000,2730.0,1696,88568,46254460.0,2731.0,21,2730.0,12
rb1805,20170608,20170607,211802500,2730.0,1696,88568,46254460.0,2731.0,26,2730.0,12
rb1805,20170608,20170607,211804000,2730.0,1696,88568,46254460.0,2731.0,21,2730.0,12
rb1805,20170608,20170607,211805500,2730.0,1698,88566,46309060.0,2731.0,21,2730.0,11
rb1805,20170608,20170607,211806500,2730.0,1700,88566,46363660.0,2731.0,20,2730.0,10
rb1805,20170608,20170607,211807000,2730.0,1700,88566,46363660.0,2731.0,20,2730.0,10
rb1805,20170608,20170607,211808000,2730.0,1700,88566,46363660.0,2731.0,20,2730.0,11
rb1805,20170608,20170607,211810000,2730.0,1700,88566,46363660.0,2731.0,20,2730.0,11
rb1805,20170608,20170607,211811000,2730.0,1702,88564,46418260.0,2731.0,20,2730.0,10
rb1805,20170608,20170607,211811500,2730.0,1702,88564,46418260.0,2731.0,20,2730.0,10
rb1805,20170608,20170607,211812000,2730.0,1704,88562,46472860.0,2731.0,20,2730.0,9
rb1805,20170608,20170607,211813500,2730.0,1704,88562,46472860.0,2731.0,20,2730.0,9
rb1805,20170608,20170607,211815000,2730.0,1706,88560,46527460.0,2731.0,20,2730.0,28
rb1805,20170608,20170607,211815500,2730.0,1706,88560,46527460.0,2731.0,25,2730.0,28
rb1805,20170608,20170607,211816000,2730.0,1708,88560,46582060.0,2731.0,25,2730.0,27
rb1805,20170608,20170607,211819500,2730.0,1708,88560,46582060.0,2731.0,25,2730.0,27
rb1805,20170608,20170607,211820000,2730.0,1708,88560,46582060.0,2731.0,25,2730.0,27
rb1805,20170608,20170607,211820500,2730.0,1710,88560,46636660.0,2731.0,25,2730.0,26
rb1805,20170608,20170607,211822500,2730.0,1712,88560,46691260.0,2731.0,25,2730.0,25
rb1805,20170608,20170607,211823000,2730.0,1712,88560,46691260.0,2731.0,25,2730.0,25
rb1805,20170608,20170607,211827000,2730.0,1732,88568,47237260.0,2731.0,20,2729.0,6
rb1805,20170608,20170607,211827500,2730.0,1732,88568,47237260.0,2731.0,20,2729.0,6
rb1805,20170608,20170607,211828000,2730.0,1732,88568,47237260.0,2731.0,20,2729.0,6
rb1805,20170608,20170607,211828500,2730.0,1732,88568,47237260.0,2731.0,20,2729.0,6
rb1805,20170608,20170607,211829000,2730.0,1732,88568,47237260.0,2731.0,20,2729.0,6
rb1805,20170608,20170607,211830000,2730.0,1732,88568,47237260.0,2731.0,20,2729.0,6
rb1805,20170608,20170607,211830500,2730.0,1732,88568,47237260.0,2731.0,20,2729.0,6
rb1805,20170608,20170607,211831000,2730.0,1732,88568,47237260.0,2730.0,1,2729.0,6
rb1805,20170608,20170607,211831500,2730.0,1734,88568,47291860.0,2731.0,20,2730.0,2
rb1805,20170608,20170607,211832000,2730.0,1734,88568,47291860.0,2731.0,20,2729.0,6
rb1805,20170608,20170607,211833000,2730.0,1734,88568,47291860.0,2730.0,1,2729.0,6
rb1805,20170608,20170607,211833500,2730.0,1734,88568,47291860.0,2730.0,1,2729.0,1
rb1805,20170608,20170607,211834000,2730.0,1734,88568,47291860.0,2730.0,1,2729.0,1
rb1805,20170608,20170607,211834500,2730.0,1734,88568,47291860.0,2730.0,1,2729.0,1
rb1805,20170608,20170607,211837000,2730.0,1736,88568,47346460.0,2731.0,21,2730.0,1
rb1805,20170608,20170607,211837500,2730.0,1738,88570,47401060.0,2731.0,21,2729.0,1
rb1805,20170608,20170607,211838000,2729.0,1740,88570,47455640.0,2731.0,21,2728.0,54
rb1805,20170608,20170607,211838500,2729.0,1740,88570,47455640.0,2731.0,26,2729.0,3
rb1805,20170608,20170607,211840500,2731.0,1744,88570,47564880.0,2731.0,24,2729.0,3
rb1805,20170608,20170607,211841000,2731.0,1744,88570,47564880.0,2731.0,24,2729.0,6
rb1805,20170608,20170607,211842500,2731.0,1744,88570,47564880.0,2731.0,24,2729.0,7
rb1805,20170608,20170607,211843000,2731.0,1744,88570,47564880.0,2731.0,24,2729.0,8
rb1805,20170608,20170607,211843500,2731.0,1748,88570,47674120.0,2731.0,22,2729.0,8
rb1805,20170608,20170607,211846000,2731.0,1748,88570,47674120.0,2731.0,22,2729.0,8
rb1805,20170608,20170607,211846500,2731.0,1796,88582,48985000.0,2732.0,53,2731.0,76
rb1805,20170608,20170607,211847000,2731.0,1812,88598,49421960.0,2732.0,53,2731.0,68
rb1805,20170608,20170607,211847500,2731.0,1820,88606,49640440.0,2732.0,54,2731.0,64
rb1805,20170608,20170607,211848000,2731.0,1820,88606,49640440.0,2732.0,54,2731.0,64
rb1805,20170608,20170607,211849000,2731.0,1820,88606,49640440.0,2732.0,54,2731.0,64
rb1805,20170608,20170607,211850500,2731.0,1822,88608,49695060.0,2732.0,54,2731.0,63
rb1805,20170608,20170607,211852500,2732.0,1826,88608,49804340.0,2732.0,52,2731.0,63
rb1805,20170608,20170607,211856500,2732.0,1826,88608,49804340.0,2732.0,52,2731.0,63
rb1805,20170608,20170607,211857500,2731.0,1828,88608,49858960.0,2732.0,52,2731.0,62
rb1805,20170608,20170607,211858500,2731.0,1884,88664,51388320.0,2732.0,54,2731.0,34
rb1805,20170608,20170607,211859500,2731.0,1898,88678,51770660.0,2732.0,54,2731.0,27
rb1805,20170608,20170607,211900000,2731.0,1898,88678,51770660.0,2732.0,53,2731.0,27
rb1805,20170608,20170607,211901500,2731.0,1922,88702,52426100.0,2732.0,54,2731.0,15
rb1805,20170608,20170607,211902000,2731.0,1928,88708,52589960.0,2732.0,53,2731.0,12
rb1805,20170608,20170607,211902500,2731.0,1928,88708,52589960.0,2732.0,53,2731.0,12
rb1805,20170608,20170607,211903500,2731.0,1928,88708,52589960.0,2732.0,54,2731.0,12
rb1805,20170608,20170607,211904000,2731.0,1948,88708,53136160.0,2732.0,54,2731.0,2
rb1805,20170608,20170607,211904500,2731.0,1952,88712,53245400.0,2731.0,8,2729.0,1
rb1805,20170608,20170607,211905000,2731.0,1952,88712,53245400.0,2731.0,8,2729.0,1
rb1805,20170608,20170607,211905500,2731.0,1952,88712,53245400.0,2731.0,10,2729.0,1
rb1805,20170608,20170607,211906000,2731.0,1952,88712,53245400.0,2731.0,11,2729.0,1
rb1805,20170608,20170607,211906500,2731.0,1952,88712,53245400.0,2731.0,12,2729.0,1
rb1805,20170608,20170607,211907000,2731.0,1952,88712,53245400.0,2731.0,11,2729.0,1
rb1805,20170608,20170607,211907500,2731.0,1952,88712,53245400.0,2731.0,11,2729.0,1
rb1805,20170608,20170607,211908000,2731.0,1952,88712,53245400.0,2731.0,11,2729.0,1
rb1805,20170608,20170607,211909000,2731.0,1958,88714,53409180.0,2731.0,10,2728.0,59
rb1805,20170608,20170607,211909500,2731.0,1958,88714,53409180.0,2731.0,11,2729.0,2
rb1805,20170608,20170607,211910000,2731.0,1958,88714,53409180.0,2731.0,10,2729.0,2
rb1805,20170608,20170607,211911500,2731.0,1958,88714,53409180.0,2731.0,10,2729.0,2
rb1805,20170608,20170607,211913000,2731.0,1958,88714,53409180.0,2730.0,9,2729.0,2
rb1805,20170608,20170607,211913500,2731.0,1958,88714,53409180.0,2730.0,9,2729.0,4
rb1805,20170608,20170607,211915500,2731.0,1958,88714,53409180.0,2730.0,9,2729.0,4
rb1805,20170608,20170607,211916000,2731.0,1958,88714,53409180.0,2730.0,9,2729.0,4
rb1805,20170608,20170607,211916500,2731.0,1958,88714,53409180.0,2730.0,9,2729.0,4
rb1805,20170608,20170607,211917000,2731.0,1958,88714,53409180.0,2730.0,9,2729.0,4
rb1805,20170608,20170607,211917500,2729.0,1960,88714,53463760.0,2730.0,9,2729.0,3
rb1805,20170608,20170607,211918500,2729.0,1962,88714,53518340.0,2730.0,9,2729.0,2
rb1805,20170608,20170607,211921000,2729.0,1962,88714,53518340.0,2730.0,9,2729.0,4
rb1805,20170608,20170607,211921500,2729.0,1962,88714,53518340.0,2730.0,9,2729.0,4
rb1805,20170608,20170607,211922000,2729.0,1962,88714,53518340.0,2730.0,9,2729.0,4
rb1805,20170608,20170607,211923000,2729.0,1962,88714,53518340.0,2730.0,9,2729.0,4
rb1805,20170608,20170607,211924000,2729.0,1962,88714,53518340.0,2730.0,9,2729.0,5
rb1805,20170608,20170607,211924500,2729.0,1962,88714,53518340.0,2730.0,9,2729.0,5
rb1805,20170608,20170607,211926000,2729.0,1962,88714,53518340.0,2730.0,9,2729.0,7
rb1805,20170608,20170607,211929500,2729.0,1962,88714,53518340.0,2730.0,9,2729.0,7
rb1805,20170608,20170607,211930000,2729.0,1962,88714,53518340.0,2730.0,9,2729.0,7
rb1805,20170608,20170607,211931500,2729.0,1962,88714,53518340.0,2730.0,14,2729.0,7
rb1805,20170608,20170607,211934000,2729.0,1964,88712,53572920.0,2730.0,14,2729.0,6
rb1805,20170608,20170607,211934500,2729.0,1964,88712,53572920.0,2730.0,14,2729.0,6
rb1805,20170608,20170607,211936000,2729.0,1964,88712,53572920.0,2730.0,14,2729.0,6
rb1805,20170608,20170607,211937000,2729.0,1966,88710,53627500.0,2730.0,14,2729.0,5
rb1805,20170608,20170607,211938500,2729.0,1966,88710,53627500.0,2730.0,14,2729.0,5
rb1805,20170608,20170607,211940000,2729.0,1966,88710,53627500.0,2730.0,14,2729.0,5
rb1805,20170608,20170607,211940500,2729.0,1966,88710,53627500.0,2730.0,14,2729.0,5
rb1805,20170608,20170607,211941500,2729.0,1966,88710,53627500.0,2730.0,15,2729.0,5
rb1805,20170608,20170607,211943000,2729.0,1966,88710,53627500.0,2730.0,16,2729.0,5
rb1805,20170608,20170607,211944500,2729.0,1968,88710,53682080.0,2730.0,16,2729.0,4
rb1805,20170608,20170607,211945500,2729.0,1968,88710,53682080.0,2730.0,16,2729.0,4
rb1805,20170608,20170607,211946000,2729.0,1968,88710,53682080.0,2730.0,16,2729.0,6
rb1805,20170608,20170607,211946500,2729.0,1980,88718,54009560.0,2729.0,1,2728.0,68
rb1805,20170608,20170607,211947000,2729.0,1980,88718,54009560.0,2729.0,1,2728.0,63
rb1805,20170608,20170607,211947500,2729.0,1982,88718,54064140.0,2730.0,16,2729.0,2
rb1805,20170608,20170607,211948000,2729.0,1982,88718,54064140.0,2730.0,16,2728.0,63
rb1805,20170608,20170607,211950500,2729.0,1982,88718,54064140.0,2730.0,16,2729.0,2
rb1805,20170608,20170607,211952500,2729.0,1982,88718,54064140.0,2730.0,16,2729.0,3
rb1805,20170608,20170607,211953000,2729.0,1982,88718,54064140.0,2730.0,16,2729.0,23
rb1805,20170608,20170607,211954000,2730.0,1986,88722,54173340.0,2730.0,14,2729.0,23
rb1805,20170608,20170607,211955000,2730.0,1988,88724,54227940.0,2730.0,13,2729.0,25
rb1805,20170608,20170607,211955500,2730.0,1988,88724,54227940.0,2730.0,13,2729.0,25
rb1805,20170608,20170607,211959000,2730.0,1988,88724,54227940.0,2730.0,13,2729.0,25
rb1805,20170608,20170607,212000000,2730.0,1988,88724,54227940.0,2730.0,13,2729.0,30
rb1805,20170608,20170607,212001000,2730.0,1990,88726,54282540.0,2730.0,12,2729.0,30
rb1805,20170608,20170607,212002000,2730.0,1990,88726,54282540.0,2730.0,12,2729.0,30
rb1805,20170608,20170607,212003000,2730.0,1990,88726,54282540.0,2730.0,12,2729.0,30
rb1805,20170608,20170607,212005000,2730.0,1990,88726,54282540.0,2730.0,12,2729.0,30
rb1805,20170608,20170607,212006500,2730.0,1990,88726,54282540.0,2730.0,12,2729.0,30
rb1805,20170608,20170607,212007500,2730.0,1990,88726,54282540.0,2730.0,12,2729.0,30
rb1805,20170608,20170607,212008500,2730.0,1990,88726,54282540.0,2730.0,12,2729.0,30
rb1805,20170608,20170607,212009500,2730.0,1990,88726,54282540.0,2730.0,12,2729.0,30
rb1805,20170608,20170607,212017500,2730.0,1990,88726,54282540.0,2730.0,12,2729.0,30
rb1805,20170608,20170607,212021000,2730.0,1990,88726,54282540.0,2730.0,13,2729.0,30
rb1805,20170608,20170607,212023000,2730.0,1990,88726,54282540.0,2730.0,13,2729.0,30
rb1805,20170608,20170607,212025500,2730.0,1990,88726,54282540.0,2730.0,13,2729.0,30
rb1805,20170608,20170607,212026000,2730.0,1990,88726,54282540.0,2730.0,13,2729.0,30
rb1805,20170608,20170607,212026500,2730.0,1990,88726,54282540.0,2730.0,13,2729.0,10
rb1805,20170608,20170607,212028000,2729.0,2010,88726,54828340.0,2729.0,2,2728.0,63
rb1805,20170608,20170607,212028500,2729.0,2014,88722,54937500.0,2730.0,13,2729.0,5
rb1805,20170608,20170607,212029000,2729.0,2014,88722,54937500.0,2730.0,13,2728.0,63
rb1805,20170608,20170607,212031500,2729.0,2014,88722,54937500.0,2729.0,6,2728.0,63
rb1805,20170608,20170607,212032000,2729.0,2014,88722,54937500.0,2729.0,7,2728.0,63
rb1805,20170608,20170607,212032500,2729.0,2018,88726,55046660.0,2729.0,5,2728.0,63
rb1805,20170608,20170607,212033500,2729.0,2022,88730,55155820.0,2729.0,3,2728.0,63
rb1805,20170608,20170607,212034000,2729.0,2022,88730,55155820.0,2729.0,4,2728.0,63
rb1805,20170608,20170607,212035500,2729.0,2026,88734,55264980.0,2729.0,2,2728.0,63
rb1805,20170608,20170607,212036500,2729.0,2026,88734,55264980.0,2729.0,2,2728.0,63
rb1805,20170608,20170607,212037000,2729.0,2026,88734,55264980.0,2729.0,2,2728.0,63
rb1805,20170608,20170607,212038000,2729.0,2026,88734,55264980.0,2729.0,4,2728.0,63
rb1805,20170608,20170607,212045000,2729.0,2026,88734,55264980.0,2729.0,4,2728.0,63
rb1805,20170608,20170607,212045500,2729.0,2026,88734,55264980.0,2729.0,4,2728.0,63
rb1805,20170608,20170607,212046500,2729.0,2026,88734,55264980.0,2729.0,4,2728.0,63
rb1805,20170608,20170607,212047500,2729.0,2026,88734,55264980.0,2729.0,4,2728.0,63
rb1805,20170608,20170607,212048000,2729.0,2026,88734,55264980.0,2729.0,5,2728.0,63
rb1805,20170608,20170607,212050000,2729.0,2026,88734,55264980.0,2729.0,3,2728.0,63
rb1805,20170608,20170607,212058500,2728.0,2046,88732,55810580.0,2729.0,3,2728.0,53
rb1805,20170608,20170607,212104500,2728.0,2060,88734,56192500.0,2729.0,3,2728.0,46
rb1805,20170608,20170607,212105000,2728.0,2062,88734,56247060.0,2729.0,3,2728.0,45
rb1805,20170608,20170607,212107500,2728.0,2062,88734,56247060.0,2729.0,4,2728.0,45
rb1805,20170608,20170607,212108500,2728.0,2062,88734,56247060.0,2729.0,4,2728.0,45
rb1805,20170608,20170607,212109000,2729.0,2070,88732,56465380.0,2730.0,15,2729.0,2
rb1805,20170608,20170607,212109500,2729.0,2070,88732,56465380.0,2730.0,15,2728.0,51
rb1805,20170608,20170607,212110000,2729.0,2070,88732,56465380.0,2730.0,15,2728.0,50
rb1805,20170608,20170607,212110500,2729.0,2070,88732,56465380.0,2730.0,15,2728.0,50
rb1805,20170608,20170607,212113500,2729.0,2070,88732,56465380.0,2730.0,15,2729.0,2
rb1805,20170608,20170607,212126500,2729.0,2070,88732,56465380.0,2730.0,15,2729.0,2
rb1805,20170608,20170607,212127500,2729.0,2070,88732,56465380.0,2730.0,15,2729.0,2
rb1805,20170608,20170607,212129000,2729.0,2070,88732,56465380.0,2730.0,15,2729.0,2
rb1805,20170608,20170607,212129500,2729.0,2072,88732,56519960.0,2730.0,15,2729.0,1
rb1805,20170608,20170607,212132500,2729.0,2074,88732,56574540.0,2729.0,19,2728.0,51
rb1805,20170608,20170607,212133000,2729.0,2074,88732,56574540.0,2729.0,19,2728.0,46
rb1805,20170608,20170607,212135500,2729.0,2078,88732,56683700.0,2729.0,17,2728.0,46
rb1805,20170608,20170607,212137000,2729.0,2078,88732,56683700.0,2729.0,17,2728.0,46
rb1805,20170608,20170607,212138500,2729.0,2078,88732,56683700.0,2729.0,17,2728.0,46
rb1805,20170608,20170607,212141500,2729.0,2082,88732,56792860.0,2729.0,25,2728.0,46
rb1805,20170608,20170607,212146000,2729.0,2082,88732,56792860.0,2729.0,25,2728.0,46
rb1805,20170608,20170607,212151000,2729.0,2082,88732,56792860.0,2729.0,25,2728.0,46
rb1805,20170608,20170607,212156500,2729.0,2088,88726,56956600.0,2729.0,22,2728.0,46
rb1805,20170608,20170607,212200500,2729.0,2088,88726,56956600.0,2729.0,22,2728.0,45
rb1805,20170608,20170607,212201500,2729.0,2088,88726,56956600.0,2729.0,22,2728.0,45
rb1805,20170608,20170607,212202000,2729.0,2092,88726,57065760.0,2729.0,20,2728.0,45
rb1805,20170608,20170607,212203500,2729.0,2094,88726,57120340.0,2729.0,19,2728.0,45
rb1805,20170608,20170607,212208500,2729.0,2094,88726,57120340.0,2729.0,19,2728.0,45
rb1805,20170608,20170607,212210000,2729.0,2094,88726,57120340.0,2729.0,19,2728.0,45
rb1805,20170608,20170607,212213000,2729.0,2094,88726,57120340.0,2729.0,20,2728.0,45
rb1805,20170608,20170607,212213500,2729.0,2094,88726,57120340.0,2729.0,21,2728.0,45
rb1805,20170608,20170607,212215500,2729.0,2094,88726,57120340.0,2729.0,21,2728.0,47
rb1805,20170608,20170607,212217000,2729.0,2094,88726,57120340.0,2729.0,22,2728.0,47
rb1805,20170608,20170607,212220000,2729.0,2094,88726,57120340.0,2729.0,22,2728.0,47
rb1805,20170608,20170607,212220500,2729.0,2094,88726,57120340.0,2729.0,22,2728.0,47
rb1805,20170608,20170607,212227000,2729.0,2094,88726,57120340.0,2729.0,23,2728.0,47
rb1805,20170608,20170607,212229500,2728.0,2096,88726,57174900.0,2729.0,23,2728.0,46
rb1805,20170608,20170607,212230000,2728.0,2104,88726,57393140.0,2729.0,23,2728.0,42
rb1805,20170608,20170607,212231500,2728.0,2104,88726,57393140.0,2729.0,23,2728.0,44
rb1805,20170608,20170607,212233500,2728.0,2104,88726,57393140.0,2729.0,23,2728.0,44
rb1805,20170608,20170607,212236500,2728.0,2104,88726,57393140.0,2729.0,23,2728.0,44
rb1805,20170608,20170607,212238000,2728.0,2104,88726,57393140.0,2729.0,23,2728.0,44
rb1805,20170608,20170607,212238500,2728.0,2108,88726,57502260.0,2729.0,23,2728.0,42
rb1805,20170608,20170607,212239000,2728.0,2108,88726,57502260.0,2729.0,23,2728.0,42
rb1805,20170608,20170607,212241000,2728.0,2108,88726,57502260.0,2729.0,23,2728.0,42
rb1805,20170608,20170607,212247500,2728.0,2112,88726,57611380.0,2729.0,23,2728.0,40
rb1805,20170608,20170607,212248000,2728.0,2112,88726,57611380.0,2729.0,23,2728.0,40
rb1805,20170608,20170607,212248500,2728.0,2116,88726,57720500.0,2729.0,23,2728.0,38
rb1805,20170608,20170607,212249000,2728.0,2120,88726,57829620.0,2729.0,23,2728.0,36
rb1805,20170608,20170607,212254000,2728.0,2120,88726,57829620.0,2729.0,23,2728.0,36
