instrument,tradingday,calendarday,time,lastp,volume,openinterest,turnover,ask1,asksz1,bid1,bidsz1
rb1805,20171113,20171110,183336500,3796.0,0,2188334,0.0,0.0,0,0.0,0
rb1805,20171113,20171110,205900500,3810.0,4668,2190032,177850800.0,3810.0,155,3808.0,5
rb1805,20171113,20171110,210000500,3813.0,6168,2189764,235013260.0,3814.0,161,3813.0,56
rb1805,20171113,20171110,210001000,3820.0,17740,2188156,677265440.0,3820.0,5,3814.0,1506
rb1805,20171113,20171110,210001500,3816.0,23652,2187742,903048060.0,3818.0,6,3816.0,26
rb1805,20171113,20171110,210002000,3818.0,25954,2188028,990970940.0,3819.0,4,3818.0,433
rb1805,20171113,20171110,210002500,3819.0,28830,2188702,1101016860.0,3820.0,43,3819.0,155
rb1805,20171113,20171110,210003000,3823.0,31314,2188720,1196118040.0,3834.0,17,3821.0,306
rb1805,20171113,20171110,210003500,3828.0,33320,2189116,1273004620.0,3832.0,26,3828.0,55
rb1805,20171113,20171110,210004000,3829.0,36778,2189354,1405448380.0,3830.0,51,3829.0,190
rb1805,20171113,20171110,210004500,3832.0,38960,2189410,1489016180.0,3832.0,199,3830.0,11
rb1805,20171113,20171110,210005000,3829.0,43124,2190844,1648649260.0,3830.0,30,3829.0,96
rb1805,20171113,20171110,210005500,3830.0,45340,2190908,1733517740.0,3831.0,10,3830.0,85
rb1805,20171113,20171110,210006000,3832.0,46626,2191394,1782782680.0,3834.0,37,3832.0,25
rb1805,20171113,20171110,210006500,3833.0,48018,2191650,1836122040.0,3833.0,176,3831.0,7
rb1805,20171113,20171110,210007000,3832.0,49684,2191964,1899986820.0,3833.0,100,3832.0,48
rb1805,20171113,20171110,210007500,3831.0,50434,2192178,1928723260.0,3832.0,109,3831.0,68
rb1805,20171113,20171110,210008000,3830.0,50922,2192048,1947416780.0,3831.0,46,3830.0,42
rb1805,20171113,20171110,210008500,3830.0,51178,2192008,1957221420.0,3830.0,278,3829.0,9
rb1805,20171113,20171110,210009000,3828.0,52260,2191602,1998656240.0,3829.0,46,3828.0,1
rb1805,20171113,20171110,210009500,3830.0,52684,2191558,2014891300.0,3830.0,116,3828.0,8
rb1805,20171113,20171110,210010000,3828.0,53198,2191408,2034573280.0,3828.0,56,3827.0,7
rb1805,20171113,20171110,210010500,3828.0,53966,2191660,2063974420.0,3829.0,2,3828.0,192
rb1805,20171113,20171110,210011000,3829.0,54372,2191592,2079520560.0,3830.0,110,3829.0,17
rb1805,20171113,20171110,210011500,3828.0,54958,2191494,2101956980.0,3828.0,1,3827.0,232
rb1805,20171113,20171110,210012000,3827.0,55756,2191078,2132499460.0,3828.0,165,3827.0,105
rb1805,20171113,20171110,210012500,3828.0,56124,2190896,2146585420.0,3828.0,311,3827.0,175
rb1805,20171113,20171110,210013000,3828.0,56896,2191058,2176130780.0,3827.0,165,3826.0,528
rb1805,20171113,20171110,210013500,3826.0,57606,2190712,2203300700.0,3827.0,102,3826.0,410
rb1805,20171113,20171110,210014000,3826.0,57868,2190578,2213325520.0,3827.0,124,3826.0,335
rb1805,20171113,20171110,210014500,3824.0,59084,2189720,2259840680.0,3824.0,192,3823.0,88
rb1805,20171113,20171110,210015000,3824.0,60202,2189234,2302586480.0,3825.0,10,3824.0,618
rb1805,20171113,20171110,210015500,3824.0,60740,2189260,2323167180.0,3826.0,301,3824.0,662
rb1805,20171113,20171110,210016000,3824.0,61366,2189042,2347116620.0,3826.0,51,3824.0,761
rb1805,20171113,20171110,210016500,3827.0,62492,2188292,2390181280.0,3827.0,192,3826.0,2
rb1805,20171113,20171110,210017000,3826.0,63436,2188242,2426293980.0,3827.0,205,3826.0,19
rb1805,20171113,20171110,210017500,3826.0,64778,2187554,2477621760.0,3826.0,325,3824.0,33
rb1805,20171113,20171110,210018000,3824.0,65010,2187634,2486494960.0,3826.0,419,3824.0,43
rb1805,20171113,20171110,210018500,3824.0,65104,2187616,2490090260.0,3826.0,508,3824.0,58
rb1805,20171113,20171110,210019000,3826.0,65434,2187568,2502714540.0,3826.0,383,3824.0,229
rb1805,20171113,20171110,210019500,3824.0,65778,2187476,2515871500.0,3826.0,343,3824.0,135
rb1805,20171113,20171110,210020000,3824.0,65958,2187364,2522755880.0,3826.0,352,3824.0,102
rb1805,20171113,20171110,210020500,3825.0,66244,2187246,2533695240.0,3826.0,372,3825.0,249
rb1805,20171113,20171110,210021000,3824.0,66920,2186688,2559551520.0,3825.0,3,3824.0,25
rb1805,20171113,20171110,210021500,3825.0,67026,2186746,2563606180.0,3826.0,387,3825.0,25
rb1805,20171113,20171110,210022000,3825.0,67756,2186398,2591520560.0,3825.0,27,3824.0,10
rb1805,20171113,20171110,210022500,3824.0,68232,2186212,2609721020.0,3824.0,270,3823.0,104
rb1805,20171113,20171110,210023000,3821.0,68986,2185830,2638533900.0,3821.0,442,3820.0,203
rb1805,20171113,20171110,210023500,3821.0,69276,2185756,2649614280.0,3821.0,370,3820.0,182
rb1805,20171113,20171110,210024000,3821.0,69844,2185370,2671316900.0,3821.0,130,3820.0,456
rb1805,20171113,20171110,210024500,3823.0,70286,2185372,2688207280.0,3823.0,91,3821.0,103
rb1805,20171113,20171110,210025000,3822.0,70770,2185170,2706703920.0,3823.0,7,3822.0,20
rb1805,20171113,20171110,210025500,3822.0,71110,2185028,2719697780.0,3823.0,15,3822.0,2
rb1805,20171113,20171110,210026000,3821.0,71396,2184938,2730627940.0,3822.0,3,3821.0,165
rb1805,20171113,20171110,210026500,3822.0,71458,2184932,2732997300.0,3822.0,97,3821.0,154
rb1805,20171113,20171110,210027000,3823.0,72152,2184896,2759521460.0,3824.0,432,3823.0,835
rb1805,20171113,20171110,210027500,3823.0,72626,2185064,2777643660.0,3824.0,371,3823.0,1686
rb1805,20171113,20171110,210028000,3824.0,73978,2185720,2829342700.0,3825.0,307,3824.0,89
rb1805,20171113,20171110,210028500,3825.0,74718,2185424,2857647120.0,3826.0,483,3825.0,283
rb1805,20171113,20171110,210029000,3826.0,75286,2185002,2879374320.0,3826.0,440,3825.0,62
rb1805,20171113,20171110,210029500,3825.0,75598,2185090,2891308360.0,3826.0,431,3825.0,6
rb1805,20171113,20171110,210030000,3825.0,75848,2185090,2900870060.0,3826.0,432,3825.0,18
rb1805,20171113,20171110,210030500,3826.0,76420,2184858,2922753160.0,3825.0,24,3824.0,16
rb1805,20171113,20171110,210031000,3824.0,76842,2184802,2938893140.0,3825.0,31,3824.0,117
rb1805,20171113,20171110,210031500,3825.0,77538,2185000,2965510460.0,3826.0,234,3825.0,41
rb1805,20171113,20171110,210032000,3824.0,77944,2184836,2981038080.0,3824.0,96,3823.0,1621
rb1805,20171113,20171110,210032500,3824.0,78710,2184540,3010328620.0,3825.0,57,3824.0,27
rb1805,20171113,20171110,210033000,3825.0,79030,2184400,3022567620.0,3826.0,368,3825.0,110
rb1805,20171113,20171110,210033500,3824.0,79744,2184312,3049877580.0,3825.0,73,3824.0,10
rb1805,20171113,20171110,210034000,3824.0,79960,2184484,3058139500.0,3825.0,5,3824.0,12
rb1805,20171113,20171110,210034500,3825.0,80188,2184392,3066860080.0,3826.0,306,3825.0,131
rb1805,20171113,20171110,210035000,3825.0,80908,2184338,3094401300.0,3825.0,13,3824.0,187
rb1805,20171113,20171110,210035500,3825.0,81480,2184468,3116281840.0,3826.0,123,3825.0,150
rb1805,20171113,20171110,210036000,3824.0,82506,2183868,3155520240.0,3824.0,58,3823.0,1533
rb1805,20171113,20171110,210036500,3825.0,82674,2183826,3161944780.0,3825.0,265,3824.0,49
rb1805,20171113,20171110,210037000,3824.0,83248,2183716,3183897020.0,3825.0,344,3824.0,109
rb1805,20171113,20171110,210037500,3825.0,83622,2183916,3198202300.0,3825.0,448,3824.0,105
rb1805,20171113,20171110,210038000,3825.0,84556,2183202,3233924740.0,3825.0,172,3824.0,3
rb1805,20171113,20171110,210038500,3825.0,85008,2183204,3251213380.0,3826.0,459,3825.0,72
rb1805,20171113,20171110,210039000,3825.0,85672,2183544,3276610700.0,3826.0,343,3825.0,86
rb1805,20171113,20171110,210039500,3825.0,86368,2183234,3303237220.0,3826.0,125,3825.0,57
rb1805,20171113,20171110,210040000,3824.0,86918,2183164,3324277020.0,3825.0,65,3824.0,924
rb1805,20171113,20171110,210040500,3825.0,87754,2183228,3356249260.0,3827.0,277,3825.0,3
rb1805,20171113,20171110,210041000,3826.0,88642,2183918,3390222200.0,3827.0,136,3826.0,19
rb1805,20171113,20171110,210041500,3826.0,89114,2183684,3408285100.0,3828.0,687,3826.0,87
rb1805,20171113,20171110,210042000,3825.0,89898,2183642,3438272940.0,3825.0,416,3824.0,598
rb1805,20171113,20171110,210042500,3824.0,90832,2182926,3473996120.0,3825.0,84,3824.0,478
rb1805,20171113,20171110,210043000,3825.0,91390,2182988,3495339780.0,3826.0,231,3825.0,207
rb1805,20171113,20171110,210043500,3826.0,91834,2183390,3512323240.0,3826.0,426,3825.0,15
rb1805,20171113,20171110,210044000,3825.0,92294,2183060,3529921020.0,3825.0,1,3824.0,537
rb1805,20171113,20171110,210044500,3824.0,92466,2182942,3536499820.0,3825.0,141,3824.0,530
rb1805,20171113,20171110,210045000,3825.0,92698,2182938,3545373780.0,3825.0,137,3824.0,772
rb1805,20171113,20171110,210045500,3825.0,93278,2182560,3567554740.0,3825.0,66,3824.0,873
rb1805,20171113,20171110,210046000,3825.0,93496,2182718,3575893180.0,3826.0,511,3825.0,40
rb1805,20171113,20171110,210046500,3825.0,93526,2182702,3577040720.0,3826.0,512,3825.0,77
rb1805,20171113,20171110,210047000,3825.0,93822,2182568,3588362740.0,3826.0,418,3825.0,47
rb1805,20171113,20171110,210047500,3826.0,93930,2182568,3592494000.0,3826.0,410,3825.0,218
rb1805,20171113,20171110,210048000,3826.0,94122,2182688,3599838220.0,3826.0,440,3825.0,445
rb1805,20171113,20171110,210048500,3826.0,94626,2182584,3619116380.0,3826.0,461,3825.0,224
rb1805,20171113,20171110,210049000,3825.0,94964,2182632,3632046920.0,3826.0,371,3825.0,168
rb1805,20171113,20171110,210049500,3826.0,95388,2182614,3648266600.0,3826.0,336,3825.0,88
rb1805,20171113,20171110,210050000,3825.0,95580,2182668,3655610620.0,3825.0,36,3824.0,909
rb1805,20171113,20171110,210050500,3825.0,95798,2182626,3663948900.0,3825.0,277,3824.0,926
rb1805,20171113,20171110,210051000,3824.0,95938,2182666,3669302680.0,3825.0,439,3824.0,885
rb1805,20171113,20171110,210051500,3825.0,96212,2182672,3679780660.0,3825.0,480,3824.0,757
rb1805,20171113,20171110,210052000,3824.0,96566,2182596,3693318660.0,3825.0,441,3824.0,633
rb1805,20171113,20171110,210052500,3824.0,96680,2182674,3697678760.0,3825.0,421,3824.0,638
rb1805,20171113,20171110,210053000,3825.0,96870,2182802,3704944760.0,3825.0,442,3824.0,565
rb1805,20171113,20171110,210053500,3824.0,97332,2183038,3722611760.0,3825.0,455,3824.0,363
rb1805,20171113,20171110,210054000,3824.0,97684,2183274,3736072560.0,3825.0,431,3824.0,201
rb1805,20171113,20171110,210054500,3825.0,97856,2183402,3742650020.0,3825.0,426,3824.0,131
rb1805,20171113,20171110,210055000,3825.0,98096,2183498,3751829060.0,3825.0,366,3824.0,84
rb1805,20171113,20171110,210055500,3824.0,98376,2183516,3762536520.0,3824.0,7,3823.0,1568
rb1805,20171113,20171110,210056000,3823.0,98696,2183706,3774773120.0,3824.0,5,3823.0,1569
rb1805,20171113,20171110,210056500,3823.0,98842,2183788,3780355940.0,3824.0,40,3823.0,1566
rb1805,20171113,20171110,210057000,3825.0,99370,2183810,3800548240.0,3825.0,267,3824.0,494
rb1805,20171113,20171110,210057500,3825.0,100436,2183360,3841321020.0,3826.0,338,3825.0,83
rb1805,20171113,20171110,210058000,3825.0,100966,2183620,3861598100.0,3826.0,114,3825.0,166
rb1805,20171113,20171110,210058500,3825.0,101392,2183684,3877894580.0,3826.0,22,3825.0,232
rb1805,20171113,20171110,210059000,3825.0,101836,2183420,3894877640.0,3826.0,16,3825.0,215
rb1805,20171113,20171110,210059500,3825.0,102432,2183388,3917676780.0,3826.0,39,3825.0,34
rb1805,20171113,20171110,210100000,3825.0,102588,2183428,3923643860.0,3825.0,47,3824.0,560
rb1805,20171113,20171110,210100500,3824.0,104822,2182838,4009082220.0,3824.0,91,3823.0,1013
rb1805,20171113,20171110,210101000,3825.0,105274,2182814,4026368840.0,3825.0,82,3824.0,2
rb1805,20171113,20171110,210101500,3824.0,105422,2182852,4032029540.0,3824.0,4,3823.0,1011
rb1805,20171113,20171110,210102000,3824.0,105878,2182808,4049467440.0,3824.0,24,3823.0,937
rb1805,20171113,20171110,210102500,3824.0,106018,2182838,4054820540.0,3824.0,222,3823.0,912
rb1805,20171113,20171110,210103000,3824.0,106124,2182840,4058873520.0,3824.0,209,3823.0,890
rb1805,20171113,20171110,210103500,3823.0,106332,2182884,4066826700.0,3824.0,145,3823.0,853
rb1805,20171113,20171110,210104000,3823.0,106646,2182904,4078831640.0,3824.0,116,3823.0,732
rb1805,20171113,20171110,210104500,3823.0,106938,2182946,4089995200.0,3824.0,107,3823.0,609
rb1805,20171113,20171110,210105000,3824.0,107436,2182942,4109034500.0,3824.0,91,3823.0,401
rb1805,20171113,20171110,210105500,3824.0,108418,2182812,4146578660.0,3825.0,690,3824.0,33
rb1805,20171113,20171110,210106000,3823.0,108558,2182778,4151932020.0,3824.0,856,3823.0,557
rb1805,20171113,20171110,210106500,3823.0,108840,2182816,4162713980.0,3824.0,805,3823.0,475
rb1805,20171113,20171110,210107000,3823.0,109640,2183068,4193299240.0,3824.0,777,3823.0,140
rb1805,20171113,20171110,210107500,3823.0,109966,2183360,4205762180.0,3823.0,608,3822.0,83
rb1805,20171113,20171110,210108000,3822.0,110142,2183428,4212488900.0,3822.0,140,3821.0,451
rb1805,20171113,20171110,210108500,3822.0,110374,2183296,4221354480.0,3822.0,62,3821.0,377
rb1805,20171113,20171110,210109000,3821.0,111144,2182812,4250776360.0,3821.0,93,3820.0,355
rb1805,20171113,20171110,210109500,3821.0,111552,2182778,4266366280.0,3822.0,95,3820.0,325
rb1805,20171113,20171110,210110000,3820.0,111676,2182774,4271103300.0,3821.0,15,3820.0,277
rb1805,20171113,20171110,210110500,3821.0,111988,2182748,4283022140.0,3821.0,30,3820.0,158
rb1805,20171113,20171110,210111000,3818.0,113370,2181998,4335794260.0,3818.0,93,3817.0,91
rb1805,20171113,20171110,210111500,3818.0,114128,2181630,4364726600.0,3818.0,23,3817.0,8
rb1805,20171113,20171110,210112000,3818.0,114428,2181558,4376177740.0,3818.0,46,3817.0,163
rb1805,20171113,20171110,210112500,3818.0,114798,2181572,4390301560.0,3819.0,57,3817.0,154
rb1805,20171113,20171110,210113000,3819.0,114934,2181466,4395494240.0,3819.0,550,3818.0,5
rb1805,20171113,20171110,210113500,3819.0,115362,2181446,4411836580.0,3819.0,491,3818.0,111
rb1805,20171113,20171110,210114000,3817.0,116306,2180862,4447884920.0,3818.0,278,3817.0,600
rb1805,20171113,20171110,210114500,3817.0,116944,2180634,4472241860.0,3818.0,86,3817.0,525
rb1805,20171113,20171110,210115000,3817.0,117294,2180642,4485602400.0,3818.0,30,3817.0,400
rb1805,20171113,20171110,210115500,3818.0,117684,2180524,4500489920.0,3818.0,2,3817.0,289
rb1805,20171113,20171110,210116000,3818.0,117778,2180472,4504078340.0,3818.0,6,3817.0,266
rb1805,20171113,20171110,210116500,3818.0,118094,2180428,4516140500.0,3819.0,154,3817.0,138
rb1805,20171113,20171110,210117000,3818.0,118464,2180154,4530266940.0,3818.0,18,3817.0,136
rb1805,20171113,20171110,210117500,3817.0,118830,2180190,4544237600.0,3817.0,213,3816.0,120
rb1805,20171113,20171110,210118000,3816.0,119158,2180350,4556754580.0,3816.0,23,3815.0,136
rb1805,20171113,20171110,210118500,3816.0,119568,2180120,4572399100.0,3817.0,259,3816.0,5
rb1805,20171113,20171110,210119000,3815.0,119780,2180074,4580488480.0,3815.0,7,3814.0,1120
rb1805,20171113,20171110,210119500,3815.0,120188,2180192,4596058840.0,3817.0,99,3815.0,224
rb1805,20171113,20171110,210120000,3816.0,120272,2180192,4599264280.0,3817.0,95,3816.0,9
rb1805,20171113,20171110,210120500,3817.0,120572,2180118,4610715280.0,3818.0,168,3817.0,1
rb1805,20171113,20171110,210121000,3817.0,120788,2179994,4618959300.0,3817.0,78,3816.0,7
rb1805,20171113,20171110,210121500,3816.0,120852,2179976,4621401820.0,3817.0,175,3816.0,19
rb1805,20171113,20171110,210122000,3816.0,120966,2179978,4625752320.0,3816.0,3,3815.0,211
rb1805,20171113,20171110,210122500,3816.0,121076,2179982,4629950460.0,3817.0,156,3816.0,23
rb1805,20171113,20171110,210123000,3816.0,121302,2180008,4638575820.0,3817.0,102,3816.0,18
rb1805,20171113,20171110,210123500,3817.0,121634,2180058,4651246840.0,3817.0,28,3816.0,179
rb1805,20171113,20171110,210124000,3816.0,122014,2180000,4665751260.0,3818.0,190,3817.0,98
rb1805,20171113,20171110,210124500,3817.0,122362,2180276,4679034060.0,3817.0,63,3816.0,305
rb1805,20171113,20171110,210125000,3817.0,122526,2180328,4685293360.0,3817.0,93,3816.0,333
rb1805,20171113,20171110,210125500,3816.0,122772,2180294,4694681760.0,3817.0,42,3816.0,316
rb1805,20171113,20171110,210126000,3817.0,123414,2180004,4719182260.0,3817.0,30,3816.0,96
rb1805,20171113,20171110,210126500,3818.0,123508,2180002,4722770080.0,3818.0,235,3816.0,93
rb1805,20171113,20171110,210127000,3817.0,123570,2180028,4725136260.0,3818.0,243,3817.0,7
rb1805,20171113,20171110,210127500,3817.0,123670,2180100,4728953480.0,3818.0,243,3817.0,28
rb1805,20171113,20171110,210128000,3818.0,123988,2180256,4741092080.0,3818.0,217,3817.0,7
rb1805,20171113,20171110,210128500,3818.0,124130,2180272,4746512680.0,3818.0,161,3817.0,26
rb1805,20171113,20171110,210129000,3818.0,124250,2180264,4751093260.0,3818.0,147,3817.0,2
rb1805,20171113,20171110,210129500,3817.0,124370,2180206,4755673620.0,3817.0,75,3816.0,153
rb1805,20171113,20171110,210130000,3817.0,124634,2180182,4765750480.0,3817.0,1,3816.0,201
rb1805,20171113,20171110,210130500,3816.0,124732,2180170,4769490980.0,3817.0,14,3816.0,197
rb1805,20171113,20171110,210131000,3817.0,124828,2180210,4773155260.0,3817.0,12,3816.0,198
rb1805,20171113,20171110,210131500,3817.0,124998,2180300,4779642840.0,3817.0,113,3816.0,147
rb1805,20171113,20171110,210132000,3817.0,125168,2180272,4786130680.0,3817.0,136,3816.0,103
rb1805,20171113,20171110,210132500,3817.0,125478,2180314,4797961000.0,3817.0,113,3816.0,23
rb1805,20171113,20171110,210133000,3816.0,125574,2180318,4801624340.0,3816.0,463,3815.0,440
rb1805,20171113,20171110,210133500,3816.0,125600,2180336,4802616440.0,3816.0,527,3815.0,440
rb1805,20171113,20171110,210134000,3816.0,126098,2180330,4821615220.0,3816.0,514,3815.0,180
rb1805,20171113,20171110,210134500,3815.0,126550,2180524,4838859800.0,3815.0,238,3814.0,1197
rb1805,20171113,20171110,210135000,3816.0,127218,2180232,4864345160.0,3816.0,469,3815.0,8
rb1805,20171113,20171110,210135500,3815.0,127316,2180286,4868084460.0,3816.0,445,3815.0,118
rb1805,20171113,20171110,210136000,3816.0,127506,2180238,4875333680.0,3816.0,417,3815.0,73
rb1805,20171113,20171110,210136500,3815.0,128368,2180452,4908227040.0,3816.0,21,3815.0,72
rb1805,20171113,20171110,210137000,3816.0,128790,2180512,4924332780.0,3817.0,112,3816.0,429
rb1805,20171113,20171110,210137500,3817.0,129128,2180618,4937234420.0,3818.0,262,3817.0,236
rb1805,20171113,20171110,210138000,3817.0,129640,2180696,4956782120.0,3818.0,61,3817.0,209
rb1805,20171113,20171110,210138500,3818.0,130714,2180604,4997778880.0,3819.0,209,3818.0,38
rb1805,20171113,20171110,210139000,3817.0,130882,2180658,5004192860.0,3818.0,251,3817.0,34
rb1805,20171113,20171110,210139500,3818.0,130984,2180718,5008086340.0,3818.0,297,3817.0,23
rb1805,20171113,20171110,210140000,3817.0,131106,2180734,5012744080.0,3818.0,261,3817.0,42
rb1805,20171113,20171110,210140500,3817.0,131286,2180784,5019614920.0,3818.0,232,3817.0,13
rb1805,20171113,20171110,210141000,3817.0,131596,2180646,5031446440.0,3817.0,233,3816.0,145
rb1805,20171113,20171110,210141500,3817.0,131636,2180640,5032973200.0,3817.0,399,3816.0,175
rb1805,20171113,20171110,210142000,3817.0,131856,2180434,5041370540.0,3817.0,306,3816.0,180
rb1805,20171113,20171110,210142500,3817.0,131980,2180422,5046103620.0,3817.0,246,3816.0,181
rb1805,20171113,20171110,210143000,3817.0,132220,2180342,5055262420.0,3817.0,228,3816.0,71
rb1805,20171113,20171110,210143500,3816.0,132468,2180296,5064726420.0,3816.0,5,3815.0,274
rb1805,20171113,20171110,210144000,3816.0,132630,2180314,5070908360.0,3816.0,174,3815.0,277
rb1805,20171113,20171110,210144500,3816.0,132794,2180342,5077166580.0,3816.0,129,3815.0,275
rb1805,20171113,20171110,210145000,3816.0,133376,2180592,5099378820.0,3817.0,66,3816.0,21
rb1805,20171113,20171110,210145500,3816.0,134100,2180430,5127000540.0,3817.0,93,3816.0,78
rb1805,20171113,20171110,210146000,3817.0,134224,2180470,5131732960.0,3817.0,84,3816.0,100
rb1805,20171113,20171110,210146500,3817.0,134342,2180514,5136236840.0,3817.0,48,3816.0,433
rb1805,20171113,20171110,210147000,3816.0,134690,2180614,5149517660.0,3818.0,276,3817.0,1
rb1805,20171113,20171110,210147500,3817.0,134752,2180630,5151883880.0,3817.0,7,3816.0,337
rb1805,20171113,20171110,210148000,3817.0,134880,2180648,5156769140.0,3818.0,294,3817.0,36
rb1805,20171113,20171110,210148500,3817.0,134964,2180578,5159976020.0,3818.0,265,3817.0,115
rb1805,20171113,20171110,210149000,3817.0,135608,2180664,5184562700.0,3818.0,31,3817.0,83
rb1805,20171113,20171110,210149500,3818.0,135740,2180652,5189602460.0,3819.0,264,3818.0,146
rb1805,20171113,20171110,210150000,3818.0,135960,2180524,5198003400.0,3819.0,206,3818.0,100
rb1805,20171113,20171110,210150500,3818.0,136106,2180506,5203578380.0,3819.0,175,3818.0,96
rb1805,20171113,20171110,210151000,3818.0,136320,2180628,5211750800.0,3819.0,72,3818.0,105
rb1805,20171113,20171110,210151500,3818.0,136460,2180692,5217097320.0,3819.0,9,3818.0,102
rb1805,20171113,20171110,210152000,3819.0,136512,2180696,5219083000.0,3819.0,124,3818.0,103
rb1805,20171113,20171110,210152500,3819.0,136652,2180600,5224429280.0,3819.0,159,3818.0,93
rb1805,20171113,20171110,210153000,3818.0,136708,2180596,5226567680.0,3819.0,306,3818.0,73
rb1805,20171113,20171110,210153500,3818.0,136946,2180744,5235654580.0,3818.0,3,3817.0,250
rb1805,20171113,20171110,210154000,3818.0,136974,2180748,5236723480.0,3818.0,310,3817.0,207
rb1805,20171113,20171110,210154500,3818.0,137118,2180728,5242221380.0,3818.0,304,3817.0,207
rb1805,20171113,20171110,210155000,3818.0,137234,2180698,5246649600.0,3818.0,389,3817.0,173
rb1805,20171113,20171110,210155500,3818.0,137440,2180630,5254513600.0,3818.0,354,3817.0,120
rb1805,20171113,20171110,210156000,3817.0,137464,2180620,5255429880.0,3818.0,355,3817.0,61
rb1805,20171113,20171110,210156500,3817.0,137668,2180558,5263217120.0,3817.0,105,3816.0,343
rb1805,20171113,20171110,210157000,3817.0,137854,2180512,5270316720.0,3817.0,16,3816.0,346
rb1805,20171113,20171110,210157500,3816.0,137928,2180460,5273141160.0,3817.0,7,3816.0,349
rb1805,20171113,20171110,210158000,3817.0,138030,2180432,5277035120.0,3818.0,316,3816.0,377
rb1805,20171113,20171110,210158500,3817.0,138110,2180370,5280088760.0,3817.0,10,3816.0,369
rb1805,20171113,20171110,210159000,3817.0,138142,2180340,5281309960.0,3817.0,7,3816.0,418
rb1805,20171113,20171110,210159500,3817.0,138420,2180346,5291921580.0,3818.0,287,3817.0,21
rb1805,20171113,20171110,210200000,3817.0,138696,2180200,5302456380.0,3817.0,60,3816.0,386
rb1805,20171113,20171110,210200500,3816.0,138804,2180164,5306578480.0,3817.0,98,3816.0,539
rb1805,20171113,20171110,210201000,3816.0,138898,2180196,5310165880.0,3817.0,84,3816.0,512
rb1805,20171113,20171110,210201500,3817.0,139106,2180174,5318105080.0,3818.0,349,3817.0,76
rb1805,20171113,20171110,210202000,3817.0,139126,2180172,5318868620.0,3818.0,314,3817.0,120
rb1805,20171113,20171110,210202500,3817.0,139246,2180202,5323449520.0,3818.0,317,3817.0,295
rb1805,20171113,20171110,210203000,3817.0,139988,2180368,5351776080.0,3818.0,98,3817.0,227
rb1805,20171113,20171110,210203500,3818.0,140324,2180408,5364603840.0,3819.0,380,3818.0,182
rb1805,20171113,20171110,210204000,3818.0,140494,2180484,5371094920.0,3819.0,394,3818.0,154
rb1805,20171113,20171110,210204500,3818.0,140880,2180584,5385832800.0,3819.0,372,3818.0,2
rb1805,20171113,20171110,210205000,3817.0,140940,2180618,5388123420.0,3818.0,192,3817.0,178
rb1805,20171113,20171110,210205500,3817.0,141416,2180484,5406292640.0,3818.0,119,3816.0,317
rb1805,20171113,20171110,210206000,3818.0,141456,2180484,5407819640.0,3818.0,239,3817.0,40
rb1805,20171113,20171110,210206500,3817.0,141750,2180580,5419041220.0,3817.0,5,3816.0,304
rb1805,20171113,20171110,210207000,3817.0,141834,2180562,5422247440.0,3817.0,258,3816.0,311
rb1805,20171113,20171110,210207500,3817.0,141896,2180518,5424613880.0,3817.0,322,3816.0,308
rb1805,20171113,20171110,210208000,3817.0,142404,2180142,5443999400.0,3817.0,320,3816.0,68
rb1805,20171113,20171110,210208500,3816.0,142578,2180204,5450639240.0,3816.0,492,3815.0,194
rb1805,20171113,20171110,210209000,3815.0,142790,2180144,5458727300.0,3816.0,420,3815.0,102
rb1805,20171113,20171110,210209500,3816.0,143304,2180150,5478337280.0,3815.0,85,3814.0,1185
rb1805,20171113,20171110,210210000,3815.0,143560,2180066,5488103680.0,3815.0,71,3814.0,1195
rb1805,20171113,20171110,210210500,3815.0,144264,2180274,5514963240.0,3816.0,184,3815.0,85
rb1805,20171113,20171110,210211000,3816.0,144304,2180308,5516489540.0,3816.0,169,3815.0,147
rb1805,20171113,20171110,210211500,3815.0,144412,2180316,5520610360.0,3816.0,121,3815.0,132
rb1805,20171113,20171110,210212000,3815.0,144536,2180328,5525341400.0,3816.0,90,3815.0,99
rb1805,20171113,20171110,210212500,3815.0,144544,2180336,5525646620.0,3816.0,101,3815.0,159
rb1805,20171113,20171110,210213000,3815.0,144678,2180306,5530759180.0,3816.0,144,3815.0,149
rb1805,20171113,20171110,210213500,3815.0,144698,2180296,5531522300.0,3816.0,172,3815.0,172
rb1805,20171113,20171110,210214000,3815.0,144766,2180300,5534116640.0,3816.0,167,3815.0,160
rb1805,20171113,20171110,210214500,3816.0,145240,2180296,5552201380.0,3816.0,78,3815.0,19
rb1805,20171113,20171110,210215000,3817.0,145560,2180144,5564413220.0,3817.0,59,3815.0,49
rb1805,20171113,20171110,210215500,3816.0,145594,2180130,5565710660.0,3817.0,78,3816.0,30
rb1805,20171113,20171110,210216000,3816.0,145664,2180156,5568382140.0,3817.0,46,3816.0,112
rb1805,20171113,20171110,210216500,3816.0,145694,2180162,5569527140.0,3817.0,35,3816.0,108
rb1805,20171113,20171110,210217000,3816.0,145728,2180194,5570824620.0,3817.0,34,3816.0,114
rb1805,20171113,20171110,210217500,3817.0,145858,2180182,5575786700.0,3818.0,287,3817.0,60
rb1805,20171113,20171110,210218000,3817.0,146016,2180288,5581817800.0,3817.0,26,3816.0,114
rb1805,20171113,20171110,210218500,3817.0,146124,2180360,5585939320.0,3817.0,18,3816.0,75
rb1805,20171113,20171110,210219000,3817.0,146198,2180428,5588763700.0,3818.0,281,3817.0,19
rb1805,20171113,20171110,210219500,3817.0,146258,2180476,5591053820.0,3817.0,1,3816.0,73
rb1805,20171113,20171110,210220000,3817.0,146288,2180486,5592198780.0,3817.0,9,3816.0,79
rb1805,20171113,20171110,210220500,3817.0,146386,2180554,5595938920.0,3817.0,2,3816.0,37
rb1805,20171113,20171110,210221000,3816.0,146416,2180556,5597083780.0,3817.0,52,3816.0,27
rb1805,20171113,20171110,210221500,3816.0,146610,2180432,5604487200.0,3817.0,54,3816.0,7
rb1805,20171113,20171110,210222000,3817.0,146688,2180428,5607464000.0,3817.0,63,3816.0,123
rb1805,20171113,20171110,210222500,3817.0,146746,2180406,5609677840.0,3817.0,56,3816.0,124
rb1805,20171113,20171110,210223000,3816.0,146798,2180378,5611662600.0,3817.0,260,3816.0,130
rb1805,20171113,20171110,210223500,3817.0,146826,2180380,5612731240.0,3817.0,250,3816.0,150
rb1805,20171113,20171110,210224000,3817.0,146852,2180392,5613723480.0,3817.0,284,3816.0,184
rb1805,20171113,20171110,210224500,3817.0,146870,2180390,5614410480.0,3817.0,285,3816.0,184
rb1805,20171113,20171110,210225000,3817.0,146918,2180428,5616242540.0,3817.0,271,3816.0,213
rb1805,20171113,20171110,210225500,3816.0,146980,2180488,5618608460.0,3817.0,302,3816.0,194
rb1805,20171113,20171110,210226000,3816.0,147112,2180500,5623646740.0,3817.0,245,3816.0,221
rb1805,20171113,20171110,210226500,3817.0,147164,2180500,5625631500.0,3817.0,232,3816.0,238
rb1805,20171113,20171110,210227000,3817.0,147306,2180554,5631050720.0,3817.0,210,3816.0,192
rb1805,20171113,20171110,210227500,3817.0,147378,2180530,5633798780.0,3817.0,195,3816.0,186
rb1805,20171113,20171110,210228000,3816.0,147396,2180532,5634485760.0,3817.0,196,3816.0,215
rb1805,20171113,20171110,210228500,3816.0,147412,2180532,5635096400.0,3817.0,208,3816.0,214
rb1805,20171113,20171110,210229000,3817.0,147436,2180542,5636012320.0,3817.0,209,3816.0,210
rb1805,20171113,20171110,210229500,3816.0,147456,2180538,5636775620.0,3817.0,205,3816.0,207
rb1805,20171113,20171110,210230000,3816.0,147538,2180528,5639905060.0,3817.0,191,3816.0,184
rb1805,20171113,20171110,210230500,3816.0,147606,2180520,5642500060.0,3817.0,185,3816.0,166
rb1805,20171113,20171110,210231000,3817.0,147670,2180508,5644942380.0,3817.0,182,3816.0,156
rb1805,20171113,20171110,210231500,3816.0,147870,2180550,5652575840.0,3817.0,109,3816.0,130
rb1805,20171113,20171110,210232000,3816.0,147948,2180568,5655552360.0,3817.0,115,3816.0,75
rb1805,20171113,20171110,210232500,3816.0,148136,2180606,5662726420.0,3816.0,244,3815.0,452
rb1805,20171113,20171110,210233000,3816.0,148598,2180772,5680352120.0,3816.0,114,3815.0,234
rb1805,20171113,20171110,210233500,3815.0,148826,2180944,5689050980.0,3816.0,91,3815.0,160
rb1805,20171113,20171110,210234000,3815.0,149194,2180886,5703089980.0,3815.0,172,3814.0,1116
rb1805,20171113,20171110,210234500,3815.0,149384,2180798,5710336700.0,3815.0,254,3814.0,1024
rb1805,20171113,20171110,210235000,3814.0,149506,2180744,5714990000.0,3815.0,251,3814.0,976
rb1805,20171113,20171110,210235500,3814.0,150034,2180716,5735128660.0,3815.0,224,3814.0,791
rb1805,20171113,20171110,210236000,3814.0,150194,2180600,5741231220.0,3815.0,162,3814.0,730
rb1805,20171113,20171110,210236500,3815.0,150306,2180550,5745503060.0,3815.0,215,3814.0,707
rb1805,20171113,20171110,210237000,3814.0,150790,2180646,5763962900.0,3815.0,212,3814.0,473
rb1805,20171113,20171110,210237500,3815.0,151154,2180758,5777846840.0,3815.0,165,3814.0,330
rb1805,20171113,20171110,210238000,3814.0,151190,2180786,5779219940.0,3815.0,186,3814.0,324
rb1805,20171113,20171110,210238500,3814.0,151702,2180482,5798747840.0,3815.0,175,3814.0,65
rb1805,20171113,20171110,210239000,3814.0,151870,2180444,5805155360.0,3814.0,250,3813.0,638
rb1805,20171113,20171110,210239500,3814.0,152246,2180450,5819493080.0,3814.0,162,3813.0,492
rb1805,20171113,20171110,210240000,3815.0,152708,2180440,5837113420.0,3815.0,184,3814.0,21
rb1805,20171113,20171110,210240500,3814.0,153422,2181048,5864339460.0,3815.0,188,3814.0,49
rb1805,20171113,20171110,210241000,3814.0,153618,2181010,5871814220.0,3814.0,104,3813.0,142
rb1805,20171113,20171110,210241500,3813.0,153930,2180914,5883711260.0,3814.0,91,3813.0,37
rb1805,20171113,20171110,210242000,3814.0,154112,2180918,5890651960.0,3814.0,55,3813.0,26
rb1805,20171113,20171110,210242500,3813.0,154298,2180934,5897745400.0,3813.0,33,3812.0,457
rb1805,20171113,20171110,210243000,3814.0,154510,2180840,5905828720.0,3813.0,2,3812.0,445
rb1805,20171113,20171110,210243500,3813.0,154712,2180756,5913531400.0,3813.0,21,3812.0,417
rb1805,20171113,20171110,210244000,3813.0,154812,2180766,5917344260.0,3814.0,126,3813.0,3
rb1805,20171113,20171110,210244500,3813.0,155054,2180930,5926570820.0,3813.0,3,3812.0,373
rb1805,20171113,20171110,210245000,3814.0,155144,2180920,5930002540.0,3814.0,124,3813.0,17
rb1805,20171113,20171110,210245500,3812.0,155336,2180850,5937323200.0,3814.0,124,3812.0,407
rb1805,20171113,20171110,210246000,3814.0,155488,2180748,5943117720.0,3814.0,620,3813.0,441
rb1805,20171113,20171110,210246500,3813.0,155514,2180740,5944109120.0,3814.0,628,3813.0,465
rb1805,20171113,20171110,210247000,3814.0,155608,2180730,5947693960.0,3814.0,614,3813.0,486
rb1805,20171113,20171110,210247500,3813.0,155672,2180716,5950134520.0,3814.0,615,3813.0,467
rb1805,20171113,20171110,210248000,3813.0,156134,2180518,5967752880.0,3814.0,565,3813.0,408
rb1805,20171113,20171110,210248500,3813.0,156148,2180506,5968286700.0,3814.0,584,3813.0,404
rb1805,20171113,20171110,210249000,3814.0,156432,2180246,5979115800.0,3814.0,594,3813.0,278
rb1805,20171113,20171110,210249500,3813.0,156502,2180226,5981785140.0,3814.0,618,3813.0,271
rb1805,20171113,20171110,210250000,3813.0,156562,2180202,5984072960.0,3814.0,633,3813.0,242
rb1805,20171113,20171110,210250500,3813.0,157086,2180086,6004053080.0,3813.0,15,3812.0,398
rb1805,20171113,20171110,210251000,3813.0,157148,2180100,6006417140.0,3813.0,23,3812.0,410
rb1805,20171113,20171110,210251500,3813.0,157194,2180120,6008171120.0,3813.0,50,3812.0,411
rb1805,20171113,20171110,210252000,3813.0,157272,2180120,6011144820.0,3813.0,149,3812.0,390
rb1805,20171113,20171110,210252500,3813.0,157304,2180144,6012364980.0,3813.0,136,3812.0,391
rb1805,20171113,20171110,210253000,3812.0,157376,2180212,6015109620.0,3813.0,138,3812.0,362
rb1805,20171113,20171110,210253500,3813.0,157450,2180208,6017931100.0,3813.0,139,3812.0,357
rb1805,20171113,20171110,210254000,3813.0,157526,2180234,6020828520.0,3813.0,130,3812.0,342
rb1805,20171113,20171110,210254500,3813.0,157624,2180260,6024564480.0,3813.0,131,3812.0,356
rb1805,20171113,20171110,210255000,3813.0,157690,2180274,6027080600.0,3813.0,121,3812.0,346
rb1805,20171113,20171110,210255500,3813.0,157770,2180344,6030130900.0,3813.0,89,3812.0,351
rb1805,20171113,20171110,210256000,3813.0,157978,2180304,6038061820.0,3814.0,668,3813.0,156
rb1805,20171113,20171110,210256500,3814.0,158030,2180308,6040044740.0,3814.0,676,3813.0,227
rb1805,20171113,20171110,210257000,3813.0,158104,2180296,6042866360.0,3814.0,677,3813.0,261
rb1805,20171113,20171110,210257500,3813.0,158170,2180304,6045383280.0,3814.0,660,3813.0,266
rb1805,20171113,20171110,210258000,3813.0,158324,2180262,6051255360.0,3814.0,662,3813.0,284
rb1805,20171113,20171110,210258500,3814.0,158340,2180252,6051865460.0,3814.0,662,3813.0,332
rb1805,20171113,20171110,210259000,3813.0,158516,2180222,6058576480.0,3814.0,655,3813.0,269
rb1805,20171113,20171110,210259500,3814.0,158608,2180252,6062084700.0,3814.0,675,3813.0,236
rb1805,20171113,20171110,210300000,3813.0,159144,2180566,6082522600.0,3813.0,10,3812.0,397
rb1805,20171113,20171110,210300500,3813.0,159342,2180658,6090073760.0,3814.0,597,3813.0,184
rb1805,20171113,20171110,210301000,3814.0,159712,2180536,6104182000.0,3814.0,602,3813.0,225
rb1805,20171113,20171110,210301500,3814.0,159778,2180582,6106698640.0,3814.0,609,3813.0,229
rb1805,20171113,20171110,210302000,3814.0,159806,2180600,6107766460.0,3814.0,611,3813.0,235
rb1805,20171113,20171110,210302500,3814.0,159840,2180610,6109063060.0,3814.0,601,3813.0,238
rb1805,20171113,20171110,210303000,3814.0,160192,2180836,6122486920.0,3814.0,523,3813.0,171
rb1805,20171113,20171110,210303500,3814.0,160570,2181116,6136900320.0,3814.0,513,3813.0,4
rb1805,20171113,20171110,210304000,3813.0,160802,2181008,6145746460.0,3813.0,143,3812.0,466
rb1805,20171113,20171110,210304500,3812.0,160850,2180976,6147576660.0,3813.0,243,3812.0,479
rb1805,20171113,20171110,210305000,3813.0,161368,2180530,6167328000.0,3813.0,33,3812.0,504
rb1805,20171113,20171110,210305500,3813.0,161794,2180448,6183571540.0,3813.0,120,3812.0,504
rb1805,20171113,20171110,210306000,3813.0,162174,2180376,6198059500.0,3813.0,37,3812.0,432
rb1805,20171113,20171110,210306500,3813.0,162284,2180416,6202252960.0,3813.0,33,3812.0,378
rb1805,20171113,20171110,210307000,3813.0,162378,2180342,6205836440.0,3813.0,31,3812.0,341
rb1805,20171113,20171110,210307500,3813.0,163138,2180574,6234809900.0,3813.0,28,3812.0,76
rb1805,20171113,20171110,210308000,3812.0,163542,2180726,6250212660.0,3812.0,2,3811.0,272
rb1805,20171113,20171110,210308500,3812.0,163602,2180740,6252499800.0,3812.0,36,3811.0,279
rb1805,20171113,20171110,210309000,3811.0,163718,2180772,6256921380.0,3812.0,50,3811.0,264
rb1805,20171113,20171110,210309500,3812.0,164292,2180562,6278796300.0,3812.0,78,3810.0,1151
rb1805,20171113,20171110,210310000,3812.0,164640,2180774,6292056920.0,3811.0,1,3810.0,1023
rb1805,20171113,20171110,210310500,3811.0,164924,2180888,6302881380.0,3811.0,139,3810.0,1012
rb1805,20171113,20171110,210311000,3811.0,165452,2181066,6322998460.0,3811.0,150,3810.0,755
rb1805,20171113,20171110,210311500,3810.0,165630,2181076,6329780600.0,3811.0,152,3810.0,683
rb1805,20171113,20171110,210312000,3811.0,166292,2181034,6355003580.0,3811.0,116,3810.0,486
rb1805,20171113,20171110,210312500,3811.0,166388,2181040,6358661340.0,3811.0,132,3810.0,495
rb1805,20171113,20171110,210313000,3811.0,166552,2181014,6364909940.0,3811.0,120,3810.0,425
rb1805,20171113,20171110,210313500,3811.0,166592,2181018,6366434020.0,3811.0,136,3810.0,413
rb1805,20171113,20171110,210314000,3810.0,166706,2181024,6370777980.0,3811.0,132,3810.0,385
rb1805,20171113,20171110,210314500,3812.0,167046,2180928,6383735040.0,3812.0,45,3810.0,376
rb1805,20171113,20171110,210315000,3810.0,167652,2180836,6406823740.0,3811.0,84,3810.0,100
rb1805,20171113,20171110,210315500,3810.0,167944,2180778,6417949440.0,3810.0,107,3809.0,209
rb1805,20171113,20171110,210316000,3810.0,168062,2180708,6422444400.0,3810.0,105,3809.0,209
rb1805,20171113,20171110,210316500,3810.0,168222,2180632,6428539860.0,3810.0,88,3809.0,173
rb1805,20171113,20171110,210317000,3809.0,168346,2180552,6433263520.0,3810.0,239,3809.0,149
rb1805,20171113,20171110,210317500,3809.0,169274,2179782,6468605600.0,3809.0,323,3808.0,507
rb1805,20171113,20171110,210318000,3808.0,170496,2179152,6515138680.0,3808.0,59,3807.0,559
rb1805,20171113,20171110,210318500,3809.0,171086,2178882,6537605140.0,3809.0,344,3807.0,488
rb1805,20171113,20171110,210319000,3807.0,171256,2178736,6544077220.0,3808.0,13,3807.0,433
rb1805,20171113,20171110,210319500,3808.0,171640,2178458,6558697200.0,3809.0,349,3808.0,232
rb1805,20171113,20171110,210320000,3809.0,171878,2178302,6567760600.0,3809.0,868,3808.0,141
rb1805,20171113,20171110,210320500,3809.0,172610,2177872,6595633480.0,3809.0,866,3808.0,14
rb1805,20171113,20171110,210321000,3808.0,172798,2177910,6602792280.0,3808.0,495,3807.0,212
rb1805,20171113,20171110,210321500,3807.0,173300,2177894,6621903880.0,3807.0,17,3806.0,280
rb1805,20171113,20171110,210322000,3806.0,173630,2177922,6634467320.0,3807.0,5,3806.0,259
rb1805,20171113,20171110,210322500,3807.0,174108,2177772,6652662440.0,3807.0,85,3806.0,122
rb1805,20171113,20171110,210323000,3806.0,174554,2177724,6669640480.0,3807.0,12,3806.0,95
rb1805,20171113,20171110,210323500,3807.0,174694,2177690,6674970120.0,3808.0,454,3807.0,5
rb1805,20171113,20171110,210324000,3806.0,174820,2177718,6679766060.0,3807.0,77,3806.0,232
rb1805,20171113,20171110,210324500,3807.0,175130,2177708,6691568520.0,3808.0,368,3807.0,71
rb1805,20171113,20171110,210325000,3807.0,176020,2177702,6725449680.0,3808.0,262,3807.0,9
rb1805,20171113,20171110,210325500,3807.0,176290,2177794,6735728480.0,3807.0,169,3806.0,81
rb1805,20171113,20171110,210326000,3807.0,176674,2177946,6750346120.0,3807.0,52,3806.0,26
rb1805,20171113,20171110,210326500,3807.0,176912,2177842,6759406900.0,3808.0,267,3807.0,304
rb1805,20171113,20171110,210327000,3807.0,177084,2177796,6765955260.0,3808.0,269,3807.0,250
rb1805,20171113,20171110,210327500,3808.0,177212,2177768,6770828840.0,3808.0,238,3807.0,241
rb1805,20171113,20171110,210328000,3807.0,177856,2177566,6795345980.0,3807.0,337,3806.0,272
rb1805,20171113,20171110,210328500,3807.0,178172,2177394,6807375960.0,3807.0,447,3806.0,328
rb1805,20171113,20171110,210329000,3807.0,178276,2177326,6811334980.0,3807.0,419,3806.0,323
rb1805,20171113,20171110,210329500,3807.0,178402,2177262,6816131240.0,3807.0,524,3806.0,347
rb1805,20171113,20171110,210330000,3806.0,178508,2177226,6820166100.0,3807.0,512,3806.0,340
rb1805,20171113,20171110,210330500,3807.0,178622,2177198,6824506000.0,3807.0,475,3806.0,364
rb1805,20171113,20171110,210331000,3807.0,178864,2177174,6833717680.0,3807.0,418,3806.0,301
rb1805,20171113,20171110,210331500,3806.0,178936,2177160,6836458440.0,3807.0,401,3806.0,308
rb1805,20171113,20171110,210332000,3807.0,179064,2177158,6841330540.0,3807.0,383,3806.0,281
rb1805,20171113,20171110,210332500,3807.0,179256,2177064,6848639760.0,3807.0,310,3806.0,309
rb1805,20171113,20171110,210333000,3806.0,179432,2176992,6855338800.0,3807.0,293,3806.0,270
rb1805,20171113,20171110,210333500,3806.0,179536,2176948,6859297820.0,3807.0,256,3806.0,265
rb1805,20171113,20171110,210334000,3807.0,179618,2176922,6862418900.0,3807.0,282,3806.0,275
rb1805,20171113,20171110,210334500,3807.0,179722,2176922,6866378140.0,3807.0,233,3806.0,367
rb1805,20171113,20171110,210335000,3807.0,180030,2176896,6878103300.0,3807.0,107,3806.0,357
rb1805,20171113,20171110,210335500,3807.0,180192,2176908,6884270320.0,3807.0,57,3806.0,348
rb1805,20171113,20171110,210336000,3807.0,180376,2176922,6891274620.0,3808.0,280,3807.0,98
rb1805,20171113,20171110,210336500,3807.0,180412,2176942,6892645360.0,3808.0,268,3807.0,152
rb1805,20171113,20171110,210337000,3808.0,180692,2176998,6903306760.0,3808.0,175,3807.0,158
rb1805,20171113,20171110,210337500,3807.0,181160,2176894,6921123600.0,3807.0,319,3806.0,370
rb1805,20171113,20171110,210338000,3807.0,181416,2176864,6930869180.0,3807.0,213,3806.0,369
rb1805,20171113,20171110,210338500,3806.0,181716,2176676,6942289860.0,3807.0,97,3806.0,410
rb1805,20171113,20171110,210339000,3808.0,182002,2176480,6953178080.0,3808.0,145,3807.0,475
rb1805,20171113,20171110,210339500,3807.0,182406,2176678,6968561180.0,3808.0,6,3807.0,483
rb1805,20171113,20171110,210340000,3807.0,182592,2176688,6975643000.0,3808.0,6,3807.0,484
rb1805,20171113,20171110,210340500,3807.0,182634,2176678,6977242320.0,3808.0,113,3807.0,485
rb1805,20171113,20171110,210341000,3807.0,182878,2176772,6986531760.0,3808.0,148,3807.0,399
rb1805,20171113,20171110,210341500,3808.0,182942,2176754,6988968660.0,3808.0,138,3807.0,401
rb1805,20171113,20171110,210342000,3808.0,183130,2176700,6996127540.0,3808.0,89,3807.0,428
rb1805,20171113,20171110,210342500,3807.0,183758,2176370,7020036340.0,3808.0,55,3807.0,163
rb1805,20171113,20171110,210343000,3808.0,183894,2176344,7025215020.0,3808.0,2,3807.0,257
rb1805,20171113,20171110,210343500,3808.0,183970,2176356,7028109080.0,3809.0,883,3808.0,3
rb1805,20171113,20171110,210344000,3808.0,184044,2176338,7030927040.0,3809.0,903,3808.0,152
rb1805,20171113,20171110,210344500,3808.0,184122,2176342,7033897320.0,3809.0,901,3808.0,243
rb1805,20171113,20171110,210345000,3808.0,184170,2176386,7035725200.0,3809.0,899,3808.0,238
rb1805,20171113,20171110,210345500,3809.0,185370,2176474,7081432660.0,3809.0,327,3808.0,241
rb1805,20171113,20171110,210346000,3809.0,186032,2176364,7106648240.0,3810.0,228,3809.0,432
rb1805,20171113,20171110,210346500,3809.0,186512,2176500,7124936100.0,3810.0,1,3809.0,178
rb1805,20171113,20171110,210347000,3811.0,186694,2176420,7131870220.0,3811.0,106,3809.0,100
rb1805,20171113,20171110,210347500,3811.0,186848,2176388,7137739080.0,3811.0,75,3810.0,6
rb1805,20171113,20171110,210348000,3811.0,186884,2176358,7139111020.0,3811.0,67,3810.0,10
rb1805,20171113,20171110,210348500,3810.0,187084,2176372,7146731340.0,3810.0,173,3809.0,136
rb1805,20171113,20171110,210349000,3809.0,187198,2176288,7151074560.0,3810.0,127,3809.0,136
rb1805,20171113,20171110,210349500,3810.0,187410,2176236,7159151740.0,3810.0,24,3809.0,139
rb1805,20171113,20171110,210350000,3811.0,187574,2176278,7165400180.0,3811.0,113,3810.0,30
rb1805,20171113,20171110,210350500,3810.0,187618,2176286,7167076620.0,3811.0,120,3810.0,58
rb1805,20171113,20171110,210351000,3810.0,187862,2176288,7176374500.0,3811.0,60,3810.0,56
rb1805,20171113,20171110,210351500,3812.0,188064,2176384,7184073120.0,3812.0,156,3811.0,22
rb1805,20171113,20171110,210352000,3811.0,188300,2176554,7193069180.0,3812.0,110,3811.0,44
rb1805,20171113,20171110,210352500,3812.0,188466,2176606,7199396280.0,3812.0,88,3811.0,78
rb1805,20171113,20171110,210353000,3811.0,188496,2176612,7200539600.0,3812.0,81,3811.0,77
rb1805,20171113,20171110,210353500,3812.0,188550,2176604,7202597980.0,3812.0,61,3811.0,78
rb1805,20171113,20171110,210354000,3812.0,188698,2176614,7208238900.0,3812.0,57,3811.0,270
rb1805,20171113,20171110,210354500,3811.0,188908,2176654,7216244060.0,3812.0,4,3811.0,566
rb1805,20171113,20171110,210355000,3812.0,189080,2176606,7222800220.0,3813.0,180,3811.0,543
rb1805,20171113,20171110,210355500,3813.0,189666,2176544,7245133480.0,3813.0,189,3812.0,136
rb1805,20171113,20171110,210356000,3812.0,190154,2176318,7263737460.0,3812.0,24,3811.0,305
rb1805,20171113,20171110,210356500,3812.0,190210,2176320,7265872180.0,3813.0,136,3812.0,76
rb1805,20171113,20171110,210357000,3813.0,190276,2176370,7268388700.0,3813.0,106,3812.0,86
rb1805,20171113,20171110,210357500,3812.0,190402,2176366,7273192420.0,3813.0,179,3812.0,80
rb1805,20171113,20171110,210358000,3812.0,190514,2176378,7277462320.0,3813.0,160,3812.0,66
rb1805,20171113,20171110,210358500,3813.0,190606,2176386,7280970020.0,3813.0,231,3812.0,136
rb1805,20171113,20171110,210359000,3813.0,190660,2176390,7283029000.0,3813.0,212,3812.0,140
rb1805,20171113,20171110,210359500,3812.0,191720,2175428,7323446360.0,3814.0,386,3813.0,11
rb1805,20171113,20171110,210400000,3813.0,191772,2175408,7325429140.0,3814.0,433,3813.0,6
rb1805,20171113,20171110,210400500,3813.0,191840,2175386,7328021820.0,3813.0,26,3812.0,153
rb1805,20171113,20171110,210401000,3813.0,191940,2175380,7331834060.0,3813.0,242,3812.0,115
rb1805,20171113,20171110,210401500,3813.0,191990,2175382,7333740100.0,3813.0,305,3812.0,94
rb1805,20171113,20171110,210402000,3813.0,192168,2175438,7340526560.0,3813.0,353,3812.0,60
rb1805,20171113,20171110,210402500,3812.0,192616,2175474,7357604580.0,3812.0,96,3811.0,363
rb1805,20171113,20171110,210403000,3812.0,192652,2175470,7358976880.0,3812.0,170,3811.0,374
rb1805,20171113,20171110,210403500,3811.0,192876,2175406,7367515720.0,3812.0,71,3811.0,375
rb1805,20171113,20171110,210404000,3812.0,192992,2175422,7371937420.0,3812.0,38,3811.0,365
rb1805,20171113,20171110,210404500,3812.0,193046,2175426,7373995400.0,3812.0,36,3811.0,339
rb1805,20171113,20171110,210405000,3812.0,193074,2175422,7375062680.0,3812.0,29,3811.0,335
rb1805,20171113,20171110,210405500,3811.0,193136,2175446,7377426060.0,3812.0,3,3811.0,332
rb1805,20171113,20171110,210406000,3813.0,193206,2175442,7380094640.0,3813.0,292,3812.0,12
rb1805,20171113,20171110,210406500,3812.0,193400,2175596,7387490120.0,3813.0,275,3812.0,84
rb1805,20171113,20171110,210407000,3813.0,193826,2175378,7403733080.0,3813.0,90,3812.0,91
rb1805,20171113,20171110,210407500,3813.0,193976,2175428,7409452480.0,3813.0,23,3812.0,150
rb1805,20171113,20171110,210408000,3813.0,194042,2175416,7411968940.0,3814.0,485,3813.0,283
rb1805,20171113,20171110,210408500,3813.0,194606,2174876,7433474260.0,3814.0,487,3813.0,26
rb1805,20171113,20171110,210409000,3812.0,194676,2174876,7436143240.0,3813.0,146,3812.0,263
rb1805,20171113,20171110,210409500,3813.0,194796,2174930,7440718780.0,3813.0,76,3812.0,295
rb1805,20171113,20171110,210410000,3813.0,194824,2174940,7441786340.0,3813.0,35,3812.0,296
rb1805,20171113,20171110,210410500,3813.0,194924,2174940,7445599520.0,3813.0,6,3812.0,329
rb1805,20171113,20171110,210411000,3813.0,194950,2174962,7446590900.0,3814.0,478,3813.0,8
rb1805,20171113,20171110,210411500,3814.0,195088,2174950,7451852880.0,3814.0,486,3813.0,26
rb1805,20171113,20171110,210412000,3812.0,195206,2174908,7456352140.0,3813.0,201,3812.0,271
rb1805,20171113,20171110,210412500,3813.0,195358,2174832,7462147860.0,3813.0,129,3812.0,301
rb1805,20171113,20171110,210413000,3813.0,195408,2174814,7464054300.0,3813.0,110,3812.0,295
rb1805,20171113,20171110,210413500,3813.0,195450,2174806,7465655660.0,3813.0,124,3812.0,340
rb1805,20171113,20171110,210414000,3813.0,195566,2174800,7470078660.0,3813.0,167,3812.0,340
rb1805,20171113,20171110,210414500,3813.0,195594,2174778,7471146300.0,3813.0,155,3812.0,344
rb1805,20171113,20171110,210415000,3813.0,195634,2174772,7472671500.0,3813.0,236,3812.0,332
rb1805,20171113,20171110,210415500,3813.0,195766,2174734,7477704420.0,3813.0,274,3812.0,346
rb1805,20171113,20171110,210416000,3812.0,196008,2174848,7486930820.0,3813.0,226,3812.0,280
rb1805,20171113,20171110,210416500,3813.0,196250,2175032,7496158220.0,3813.0,116,3812.0,285
rb1805,20171113,20171110,210417000,3813.0,196464,2175154,7504317980.0,3813.0,58,3812.0,290
rb1805,20171113,20171110,210417500,3813.0,196610,2175152,7509884840.0,3813.0,58,3812.0,291
rb1805,20171113,20171110,210418000,3813.0,196708,2175196,7513621520.0,3813.0,17,3812.0,285
rb1805,20171113,20171110,210418500,3813.0,196764,2175200,7515756800.0,3814.0,502,3813.0,80
rb1805,20171113,20171110,210419000,3813.0,196834,2175194,7518425940.0,3814.0,510,3813.0,67
rb1805,20171113,20171110,210419500,3813.0,196896,2175210,7520790040.0,3814.0,514,3813.0,49
rb1805,20171113,20171110,210420000,3813.0,197020,2175206,7525518080.0,3813.0,28,3812.0,323
rb1805,20171113,20171110,210420500,3813.0,197050,2175218,7526661940.0,3813.0,41,3812.0,321
rb1805,20171113,20171110,210421000,3813.0,197088,2175242,7528110880.0,3813.0,49,3812.0,325
rb1805,20171113,20171110,210421500,3813.0,197134,2175242,7529864660.0,3813.0,96,3812.0,316
rb1805,20171113,20171110,210422000,3813.0,197174,2175236,7531389860.0,3813.0,103,3812.0,318
rb1805,20171113,20171110,210422500,3813.0,197218,2175248,7533067560.0,3813.0,91,3812.0,356
rb1805,20171113,20171110,210423000,3813.0,197254,2175242,7534440240.0,3813.0,99,3812.0,345
rb1805,20171113,20171110,210423500,3812.0,197274,2175242,7535202820.0,3813.0,103,3812.0,347
rb1805,20171113,20171110,210424000,3813.0,197294,2175252,7535965420.0,3813.0,124,3812.0,351
rb1805,20171113,20171110,210424500,3812.0,197322,2175270,7537032900.0,3813.0,128,3812.0,341
rb1805,20171113,20171110,210425000,3813.0,197410,2175344,7540387920.0,3813.0,107,3812.0,323
rb1805,20171113,20171110,210425500,3812.0,197578,2175446,7546792340.0,3813.0,105,3812.0,254
rb1805,20171113,20171110,210426000,3812.0,197598,2175442,7547554860.0,3813.0,127,3812.0,253
rb1805,20171113,20171110,210426500,3813.0,197942,2175214,7560671580.0,3814.0,540,3813.0,57
rb1805,20171113,20171110,210427000,3813.0,197998,2175200,7562806880.0,3814.0,553,3813.0,313
rb1805,20171113,20171110,210427500,3813.0,198026,2175218,7563874520.0,3814.0,554,3813.0,299
rb1805,20171113,20171110,210428000,3813.0,198210,2175188,7570890440.0,3814.0,554,3813.0,232
rb1805,20171113,20171110,210428500,3814.0,198706,2174930,7589803140.0,3814.0,544,3813.0,3
rb1805,20171113,20171110,210429000,3813.0,198944,2174986,7598877860.0,3813.0,72,3812.0,258
rb1805,20171113,20171110,210429500,3813.0,198956,2174980,7599335360.0,3813.0,83,3812.0,254
rb1805,20171113,20171110,210430000,3813.0,198964,2174980,7599640380.0,3813.0,91,3812.0,256
rb1805,20171113,20171110,210430500,3813.0,199028,2175004,7602080700.0,3813.0,61,3812.0,267
rb1805,20171113,20171110,210431000,3813.0,199054,2175020,7603072040.0,3813.0,75,3812.0,354
rb1805,20171113,20171110,210431500,3813.0,199212,2174918,7609096580.0,3814.0,535,3813.0,11
rb1805,20171113,20171110,210432000,3814.0,199222,2174920,7609477900.0,3814.0,570,3813.0,59
rb1805,20171113,20171110,210432500,3814.0,199244,2174936,7610316820.0,3814.0,567,3813.0,61
rb1805,20171113,20171110,210433000,3813.0,199252,2174938,7610621860.0,3814.0,581,3813.0,119
rb1805,20171113,20171110,210433500,3813.0,199990,2174510,7638768940.0,3814.0,225,3813.0,110
rb1805,20171113,20171110,210434000,3814.0,200520,2174650,7658983100.0,3815.0,481,3814.0,181
rb1805,20171113,20171110,210434500,3814.0,200544,2174664,7659898460.0,3815.0,503,3814.0,298
rb1805,20171113,20171110,210435000,3815.0,200610,2174666,7662416200.0,3815.0,478,3814.0,280
rb1805,20171113,20171110,210435500,3814.0,200840,2174602,7671190440.0,3815.0,387,3814.0,299
rb1805,20171113,20171110,210436000,3815.0,201316,2174694,7689349480.0,3815.0,176,3814.0,282
rb1805,20171113,20171110,210436500,3815.0,201368,2174724,7691333160.0,3815.0,159,3814.0,284
rb1805,20171113,20171110,210437000,3815.0,201396,2174744,7692401260.0,3815.0,159,3814.0,282
rb1805,20171113,20171110,210437500,3815.0,201436,2174772,7693927200.0,3815.0,142,3814.0,289
rb1805,20171113,20171110,210438000,3815.0,201808,2174862,7708118920.0,3816.0,267,3815.0,53
rb1805,20171113,20171110,210438500,3815.0,201964,2174864,7714071400.0,3816.0,233,3815.0,123
rb1805,20171113,20171110,210439000,3815.0,202024,2174880,7716360460.0,3816.0,230,3815.0,221
rb1805,20171113,20171110,210439500,3815.0,202306,2174826,7727121460.0,3816.0,95,3815.0,275
rb1805,20171113,20171110,210440000,3816.0,202546,2174830,7736279860.0,3817.0,307,3816.0,434
rb1805,20171113,20171110,210440500,3816.0,202830,2174974,7747119780.0,3817.0,211,3816.0,424
rb1805,20171113,20171110,210441000,3817.0,203404,2175076,7769027960.0,3818.0,261,3817.0,19
rb1805,20171113,20171110,210441500,3818.0,203584,2175050,7775899400.0,3818.0,216,3817.0,111
rb1805,20171113,20171110,210442000,3818.0,203908,2175110,7788269440.0,3818.0,90,3817.0,149
rb1805,20171113,20171110,210442500,3819.0,204190,2175082,7799036060.0,3819.0,525,3818.0,66
rb1805,20171113,20171110,210443000,3818.0,204660,2175212,7816984820.0,3819.0,321,3818.0,114
rb1805,20171113,20171110,210443500,3818.0,205452,2175612,7847226380.0,3819.0,174,3818.0,5
rb1805,20171113,20171110,210444000,3819.0,205650,2175710,7854787660.0,3819.0,171,3818.0,15
rb1805,20171113,20171110,210444500,3819.0,205846,2175762,7862271260.0,3819.0,238,3818.0,5
rb1805,20171113,20171110,210445000,3818.0,206452,2175432,7885411820.0,3819.0,129,3818.0,17
rb1805,20171113,20171110,210445500,3819.0,206560,2175392,7889535720.0,3819.0,113,3818.0,65
rb1805,20171113,20171110,210446000,3819.0,206662,2175376,7893430940.0,3819.0,82,3818.0,71
rb1805,20171113,20171110,210446500,3819.0,206808,2175424,7899006020.0,3819.0,93,3818.0,185
rb1805,20171113,20171110,210447000,3818.0,206946,2175412,7904275620.0,3819.0,147,3818.0,214
rb1805,20171113,20171110,210447500,3818.0,207024,2175454,7907253980.0,3819.0,166,3818.0,203
rb1805,20171113,20171110,210448000,3819.0,207396,2175396,7921457820.0,3819.0,146,3818.0,123
rb1805,20171113,20171110,210448500,3818.0,208012,2175572,7944979700.0,3818.0,34,3817.0,183
rb1805,20171113,20171110,210449000,3818.0,208264,2175694,7954601880.0,3818.0,5,3817.0,178
rb1805,20171113,20171110,210449500,3818.0,208574,2175798,7966437460.0,3818.0,15,3817.0,161
rb1805,20171113,20171110,210450000,3818.0,208726,2175862,7972241700.0,3818.0,3,3817.0,197
rb1805,20171113,20171110,210450500,3818.0,208752,2175872,7973234380.0,3819.0,43,3818.0,29
rb1805,20171113,20171110,210451000,3818.0,208866,2175930,7977587240.0,3819.0,52,3818.0,108
rb1805,20171113,20171110,210451500,3818.0,208884,2175938,7978274560.0,3819.0,80,3818.0,183
rb1805,20171113,20171110,210452000,3818.0,209122,2175846,7987361420.0,3819.0,83,3818.0,73
rb1805,20171113,20171110,210452500,3818.0,209356,2175992,7996295460.0,3818.0,102,3817.0,196
rb1805,20171113,20171110,210453000,3818.0,209538,2176068,8003244180.0,3818.0,18,3817.0,303
rb1805,20171113,20171110,210453500,3819.0,209684,2176080,8008819060.0,3819.0,60,3818.0,52
rb1805,20171113,20171110,210454000,3819.0,209756,2176102,8011568460.0,3819.0,53,3818.0,199
rb1805,20171113,20171110,210454500,3819.0,209918,2176176,8017754660.0,3819.0,32,3818.0,176
rb1805,20171113,20171110,210455000,3819.0,209980,2176146,8020121940.0,3819.0,84,3818.0,228
rb1805,20171113,20171110,210455500,3819.0,210104,2176150,8024857300.0,3819.0,50,3818.0,222
rb1805,20171113,20171110,210456000,3818.0,210164,2176152,8027148400.0,3819.0,84,3818.0,211
rb1805,20171113,20171110,210456500,3818.0,210298,2176140,8032265260.0,3819.0,54,3818.0,219
rb1805,20171113,20171110,210457000,3819.0,211416,2175124,8074960200.0,3820.0,618,3819.0,20
rb1805,20171113,20171110,210457500,3818.0,211618,2174978,8082673060.0,3819.0,247,3818.0,93
rb1805,20171113,20171110,210458000,3818.0,211716,2174922,8086414840.0,3819.0,235,3818.0,108
rb1805,20171113,20171110,210458500,3818.0,211762,2174956,8088171540.0,3819.0,220,3818.0,219
rb1805,20171113,20171110,210459000,3818.0,211792,2174954,8089317140.0,3819.0,137,3818.0,388
rb1805,20171113,20171110,210459500,3819.0,211824,2174934,8090539020.0,3819.0,115,3818.0,480
rb1805,20171113,20171110,210500000,3819.0,211866,2174954,8092142940.0,3819.0,104,3818.0,471
rb1805,20171113,20171110,210500500,3819.0,212588,2175330,8119719940.0,3820.0,450,3819.0,86
rb1805,20171113,20171110,210501000,3819.0,212850,2175404,8129726200.0,3820.0,428,3819.0,12
rb1805,20171113,20171110,210501500,3819.0,212916,2175402,8132247260.0,3820.0,415,3819.0,67
rb1805,20171113,20171110,210502000,3819.0,213028,2175422,8136524600.0,3820.0,417,3819.0,17
rb1805,20171113,20171110,210502500,3819.0,213108,2175422,8139579800.0,3820.0,440,3819.0,88
rb1805,20171113,20171110,210503000,3820.0,213196,2175388,8142940620.0,3820.0,444,3819.0,155
rb1805,20171113,20171110,210503500,3819.0,213530,2175516,8155698420.0,3820.0,350,3819.0,130
rb1805,20171113,20171110,210504000,3820.0,214334,2175262,8186407900.0,3820.0,114,3819.0,59
rb1805,20171113,20171110,210504500,3820.0,214856,2175562,8206350920.0,3821.0,532,3820.0,20
rb1805,20171113,20171110,210505000,3819.0,214996,2175564,8211698680.0,3820.0,8,3819.0,49
rb1805,20171113,20171110,210505500,3820.0,215098,2175556,8215594940.0,3821.0,584,3820.0,14
rb1805,20171113,20171110,210506000,3820.0,215176,2175600,8218574520.0,3820.0,128,3819.0,77
rb1805,20171113,20171110,210506500,3819.0,215254,2175584,8221553580.0,3820.0,82,3819.0,50
rb1805,20171113,20171110,210507000,3820.0,215340,2175552,8224838620.0,3820.0,102,3819.0,42
rb1805,20171113,20171110,210507500,3820.0,215388,2175544,8226672020.0,3820.0,200,3819.0,51
rb1805,20171113,20171110,210508000,3820.0,215456,2175568,8229269580.0,3820.0,219,3819.0,56
rb1805,20171113,20171110,210508500,3819.0,215700,2175692,8238588520.0,3819.0,236,3818.0,312
rb1805,20171113,20171110,210509000,3819.0,215768,2175748,8241185420.0,3819.0,224,3818.0,245
rb1805,20171113,20171110,210509500,3818.0,215994,2175852,8249815220.0,3819.0,176,3818.0,191
rb1805,20171113,20171110,210510000,3819.0,216024,2175872,8250960860.0,3819.0,170,3818.0,194
rb1805,20171113,20171110,210510500,3818.0,216064,2175882,8252488380.0,3819.0,200,3818.0,250
rb1805,20171113,20171110,210511000,3818.0,216124,2175882,8254779500.0,3819.0,190,3818.0,236
rb1805,20171113,20171110,210511500,3819.0,216200,2175906,8257681820.0,3819.0,166,3818.0,232
rb1805,20171113,20171110,210512000,3818.0,216288,2175912,8261041880.0,3819.0,162,3818.0,199
rb1805,20171113,20171110,210512500,3818.0,216342,2175962,8263104080.0,3819.0,239,3818.0,203
rb1805,20171113,20171110,210513000,3819.0,216380,2175970,8264555220.0,3819.0,225,3818.0,212
rb1805,20171113,20171110,210513500,3818.0,216608,2176116,8273262120.0,3819.0,143,3818.0,194
rb1805,20171113,20171110,210514000,3818.0,216778,2176212,8279753840.0,3819.0,90,3818.0,269
rb1805,20171113,20171110,210514500,3819.0,217152,2176354,8294035400.0,3820.0,342,3819.0,4
rb1805,20171113,20171110,210515000,3819.0,217230,2176354,8297014620.0,3820.0,335,3819.0,53
rb1805,20171113,20171110,210515500,3819.0,217292,2176394,8299382400.0,3820.0,337,3819.0,50
rb1805,20171113,20171110,210516000,3819.0,217402,2176396,8303583300.0,3820.0,339,3819.0,5
rb1805,20171113,20171110,210516500,3818.0,217432,2176388,8304728980.0,3819.0,11,3818.0,198
rb1805,20171113,20171110,210517000,3819.0,217492,2176384,8307020400.0,3820.0,344,3819.0,6
rb1805,20171113,20171110,210517500,3819.0,217586,2176396,8310610200.0,3820.0,358,3819.0,59
rb1805,20171113,20171110,210518000,3819.0,217618,2176390,8311832360.0,3820.0,362,3819.0,95
rb1805,20171113,20171110,210518500,3819.0,217686,2176378,8314429520.0,3820.0,363,3819.0,92
rb1805,20171113,20171110,210519000,3818.0,217892,2176290,8322296640.0,3819.0,6,3818.0,229
rb1805,20171113,20171110,210519500,3819.0,217908,2176298,8322907660.0,3819.0,24,3818.0,228
rb1805,20171113,20171110,210520000,3819.0,217950,2176312,8324511640.0,3819.0,11,3818.0,225
rb1805,20171113,20171110,210520500,3819.0,218096,2176336,8330086380.0,3819.0,17,3818.0,176
rb1805,20171113,20171110,210521000,3819.0,218156,2176382,8332377780.0,3819.0,58,3818.0,176
rb1805,20171113,20171110,210521500,3819.0,218214,2176382,8334592540.0,3819.0,60,3818.0,166
rb1805,20171113,20171110,210522000,3819.0,218346,2176306,8339632660.0,3819.0,49,3818.0,117
rb1805,20171113,20171110,210522500,3819.0,218394,2176304,8341465720.0,3819.0,46,3818.0,116
rb1805,20171113,20171110,210523000,3820.0,218554,2176290,8347575780.0,3820.0,433,3818.0,75
rb1805,20171113,20171110,210523500,3818.0,218744,2176338,8354829960.0,3818.0,32,3817.0,219
rb1805,20171113,20171110,210524000,3818.0,218964,2176410,8363230480.0,3819.0,5,3818.0,28
rb1805,20171113,20171110,210524500,3819.0,218976,2176408,8363688760.0,3820.0,469,3819.0,5
rb1805,20171113,20171110,210525000,3818.0,219044,2176390,8366285460.0,3819.0,29,3818.0,61
rb1805,20171113,20171110,210525500,3818.0,219090,2176432,8368042160.0,3819.0,149,3818.0,115
rb1805,20171113,20171110,210526000,3819.0,219322,2176476,8376901040.0,3819.0,117,3818.0,63
rb1805,20171113,20171110,210526500,3819.0,219580,2176320,8386753000.0,3819.0,103,3818.0,230
rb1805,20171113,20171110,210527000,3819.0,219692,2176328,8391030140.0,3819.0,73,3818.0,236
rb1805,20171113,20171110,210527500,3819.0,219870,2176358,8397828000.0,3819.0,4,3818.0,239
rb1805,20171113,20171110,210528000,3818.0,220096,2176486,8406457500.0,3819.0,17,3818.0,244
rb1805,20171113,20171110,210528500,3819.0,220278,2176468,8413408060.0,3820.0,493,3819.0,25
rb1805,20171113,20171110,210529000,3819.0,220396,2176484,8417914500.0,3820.0,487,3819.0,67
rb1805,20171113,20171110,210529500,3819.0,220402,2176490,8418143640.0,3820.0,490,3819.0,140
rb1805,20171113,20171110,210530000,3819.0,220438,2176526,8419518480.0,3820.0,492,3819.0,142
rb1805,20171113,20171110,210530500,3819.0,220594,2176586,8425477160.0,3820.0,443,3819.0,137
rb1805,20171113,20171110,210531000,3819.0,220642,2176580,8427310300.0,3820.0,471,3819.0,116
rb1805,20171113,20171110,210531500,3819.0,220768,2176658,8432123260.0,3820.0,429,3819.0,120
rb1805,20171113,20171110,210532000,3819.0,220786,2176666,8432810680.0,3820.0,435,3819.0,118
rb1805,20171113,20171110,210532500,3820.0,221094,2176896,8444575780.0,3820.0,408,3819.0,196
rb1805,20171113,20171110,210533000,3820.0,221460,2177108,8458556840.0,3820.0,235,3819.0,190
rb1805,20171113,20171110,210533500,3820.0,221856,2177206,8473683760.0,3820.0,54,3819.0,177
rb1805,20171113,20171110,210534000,3820.0,221980,2177230,8478420560.0,3821.0,671,3820.0,190
rb1805,20171113,20171110,210534500,3820.0,222014,2177254,8479719380.0,3821.0,682,3820.0,714
rb1805,20171113,20171110,210535000,3821.0,222148,2177314,8484838600.0,3821.0,623,3820.0,683
rb1805,20171113,20171110,210535500,3821.0,222308,2177402,8490951400.0,3821.0,597,3820.0,662
rb1805,20171113,20171110,210536000,3821.0,222418,2177472,8495154260.0,3821.0,546,3820.0,676
rb1805,20171113,20171110,210536500,3820.0,222562,2177486,8500655360.0,3821.0,531,3820.0,944
rb1805,20171113,20171110,210537000,3821.0,222668,2177502,8504704840.0,3821.0,518,3820.0,923
rb1805,20171113,20171110,210537500,3821.0,223278,2177228,8528012820.0,3821.0,252,3820.0,1106
rb1805,20171113,20171110,210538000,3821.0,223820,2177242,8548723380.0,3822.0,266,3821.0,16
rb1805,20171113,20171110,210538500,3822.0,224432,2177516,8572113640.0,3823.0,113,3822.0,113
rb1805,20171113,20171110,210539000,3823.0,224976,2177852,8592907080.0,3823.0,47,3822.0,1
rb1805,20171113,20171110,210539500,3823.0,225072,2177830,8596576980.0,3823.0,37,3821.0,18
rb1805,20171113,20171110,210540000,3823.0,225132,2177830,8598870060.0,3823.0,41,3821.0,7
rb1805,20171113,20171110,210540500,3823.0,225230,2177820,8602616380.0,3823.0,59,3822.0,3
rb1805,20171113,20171110,210541000,3821.0,225312,2177798,8605749920.0,3821.0,8,3820.0,1173
rb1805,20171113,20171110,210541500,3822.0,225470,2177862,8611787980.0,3822.0,52,3821.0,153
rb1805,20171113,20171110,210542000,3822.0,225826,2177792,8625393180.0,3822.0,36,3821.0,180
rb1805,20171113,20171110,210542500,3822.0,226158,2177970,8638080780.0,3823.0,171,3822.0,18
rb1805,20171113,20171110,210543000,3822.0,226434,2178066,8648629440.0,3822.0,111,3821.0,122
rb1805,20171113,20171110,210543500,3822.0,226520,2178078,8651915960.0,3822.0,99,3821.0,108
rb1805,20171113,20171110,210544000,3822.0,226580,2178066,8654208700.0,3822.0,147,3821.0,84
rb1805,20171113,20171110,210544500,3821.0,226814,2178230,8663149820.0,3821.0,196,3820.0,1289
rb1805,20171113,20171110,210545000,3821.0,226926,2178240,8667429160.0,3821.0,155,3820.0,1272
rb1805,20171113,20171110,210545500,3821.0,227126,2178186,8675071040.0,3821.0,140,3820.0,1266
rb1805,20171113,20171110,210546000,3821.0,227436,2178208,8686916260.0,3822.0,203,3821.0,17
rb1805,20171113,20171110,210546500,3821.0,227966,2178106,8707167540.0,3821.0,98,3820.0,1262
rb1805,20171113,20171110,210547000,3821.0,228008,2178090,8708772260.0,3821.0,96,3820.0,1258
rb1805,20171113,20171110,210547500,3821.0,228180,2178090,8715343560.0,3821.0,77,3820.0,1227
rb1805,20171113,20171110,210548000,3821.0,228254,2178102,8718171080.0,3821.0,41,3820.0,1226
rb1805,20171113,20171110,210548500,3821.0,228312,2178086,8720387240.0,3821.0,23,3820.0,1226
rb1805,20171113,20171110,210549000,3822.0,228388,2178104,8723291320.0,3822.0,290,3821.0,109
rb1805,20171113,20171110,210549500,3821.0,228418,2178118,8724437640.0,3822.0,292,3821.0,179
rb1805,20171113,20171110,210550000,3821.0,228532,2178092,8728794460.0,3822.0,216,3821.0,254
rb1805,20171113,20171110,210550500,3821.0,228952,2178330,8744842680.0,3822.0,219,3821.0,76
rb1805,20171113,20171110,210551000,3822.0,229026,2178312,8747670280.0,3822.0,203,3821.0,83
rb1805,20171113,20171110,210551500,3821.0,229052,2178324,8748663740.0,3822.0,204,3821.0,78
rb1805,20171113,20171110,210552000,3821.0,229090,2178348,8750115780.0,3822.0,243,3821.0,67
rb1805,20171113,20171110,210552500,3821.0,229284,2178390,8757528740.0,3822.0,239,3821.0,46
rb1805,20171113,20171110,210553000,3821.0,229440,2178414,8763489560.0,3822.0,238,3821.0,10
rb1805,20171113,20171110,210553500,3821.0,229512,2178432,8766240940.0,3822.0,229,3821.0,72
rb1805,20171113,20171110,210554000,3821.0,229564,2178458,8768228040.0,3822.0,229,3821.0,80
rb1805,20171113,20171110,210554500,3822.0,230058,2178744,8787108500.0,3823.0,297,3822.0,71
rb1805,20171113,20171110,210555000,3822.0,230238,2178884,8793988360.0,3823.0,276,3821.0,90
rb1805,20171113,20171110,210555500,3821.0,230476,2178764,8803082880.0,3821.0,11,3820.0,1317
rb1805,20171113,20171110,210556000,3821.0,230566,2178778,8806522280.0,3822.0,24,3821.0,45
rb1805,20171113,20171110,210556500,3821.0,230676,2178752,8810725660.0,3822.0,27,3821.0,45
rb1805,20171113,20171110,210557000,3821.0,230684,2178754,8811031360.0,3822.0,162,3821.0,72
rb1805,20171113,20171110,210557500,3822.0,230716,2178738,8812254380.0,3822.0,159,3821.0,123
rb1805,20171113,20171110,210558000,3822.0,230772,2178724,8814394400.0,3822.0,157,3821.0,152
rb1805,20171113,20171110,210558500,3822.0,230784,2178736,8814853000.0,3822.0,154,3821.0,177
rb1805,20171113,20171110,210559000,3821.0,230800,2178748,8815464420.0,3822.0,153,3821.0,210
rb1805,20171113,20171110,210559500,3821.0,230818,2178750,8816152320.0,3822.0,149,3821.0,220
rb1805,20171113,20171110,210600000,3821.0,230870,2178774,8818139540.0,3822.0,142,3821.0,212
rb1805,20171113,20171110,210600500,3822.0,231064,2178886,8825554160.0,3822.0,52,3821.0,211
rb1805,20171113,20171110,210601000,3822.0,231226,2178982,8831745820.0,3823.0,340,3822.0,12
rb1805,20171113,20171110,210601500,3822.0,231286,2178994,8834039200.0,3823.0,354,3822.0,54
rb1805,20171113,20171110,210602000,3822.0,231404,2179020,8838549660.0,3823.0,317,3822.0,26
rb1805,20171113,20171110,210602500,3823.0,231474,2179068,8841225400.0,3823.0,301,3822.0,14
rb1805,20171113,20171110,210603000,3822.0,231694,2178894,8849633820.0,3823.0,317,3822.0,74
rb1805,20171113,20171110,210603500,3822.0,231768,2178868,8852462280.0,3823.0,309,3822.0,60
rb1805,20171113,20171110,210604000,3822.0,231874,2178898,8856514200.0,3823.0,280,3822.0,45
rb1805,20171113,20171110,210604500,3822.0,232024,2178984,8862248360.0,3823.0,222,3822.0,45
rb1805,20171113,20171110,210605000,3823.0,232080,2178968,8864389140.0,3823.0,199,3822.0,45
rb1805,20171113,20171110,210605500,3823.0,232342,2179042,8874405200.0,3823.0,150,3822.0,47
rb1805,20171113,20171110,210606000,3822.0,232496,2179104,8880291300.0,3822.0,38,3821.0,469
rb1805,20171113,20171110,210606500,3821.0,232620,2179182,8885030720.0,3822.0,13,3821.0,470
rb1805,20171113,20171110,210607000,3821.0,232890,2179112,8895350920.0,3822.0,1,3821.0,376
rb1805,20171113,20171110,210607500,3823.0,232934,2179130,8897032700.0,3823.0,46,3822.0,8
rb1805,20171113,20171110,210608000,3823.0,232986,2179138,8899020320.0,3823.0,48,3822.0,7
rb1805,20171113,20171110,210608500,3822.0,233064,2179178,8902001740.0,3823.0,37,3822.0,14
rb1805,20171113,20171110,210609000,3822.0,233118,2179198,8904065880.0,3823.0,47,3822.0,86
rb1805,20171113,20171110,210609500,3823.0,233224,2179150,8908117840.0,3823.0,67,3822.0,73
rb1805,20171113,20171110,210610000,3823.0,233390,2179124,8914463740.0,3824.0,266,3823.0,453
rb1805,20171113,20171110,210610500,3823.0,233532,2179116,8919892420.0,3824.0,265,3823.0,384
rb1805,20171113,20171110,210611000,3823.0,233844,2179152,8931822980.0,3824.0,130,3823.0,395
rb1805,20171113,20171110,210611500,3824.0,234102,2179076,8941688060.0,3824.0,49,3823.0,369
rb1805,20171113,20171110,210612000,3823.0,234234,2179130,8946735580.0,3824.0,31,3823.0,372
rb1805,20171113,20171110,210612500,3824.0,234328,2179078,8950329940.0,3825.0,1232,3824.0,19
rb1805,20171113,20171110,210613000,3824.0,234438,2179028,8954536220.0,3824.0,425,3823.0,383
rb1805,20171113,20171110,210613500,3824.0,234776,2178720,8967458900.0,3824.0,468,3823.0,286
rb1805,20171113,20171110,210614000,3824.0,235102,2178654,8979923800.0,3824.0,391,3823.0,223
rb1805,20171113,20171110,210614500,3824.0,235666,2178782,9001486680.0,3824.0,372,3822.0,153
rb1805,20171113,20171110,210615000,3822.0,235734,2178730,9004086740.0,3823.0,5,3822.0,285
rb1805,20171113,20171110,210615500,3822.0,235792,2178694,9006303800.0,3823.0,13,3822.0,322
rb1805,20171113,20171110,210616000,3823.0,235910,2178688,9010814740.0,3823.0,99,3822.0,440
rb1805,20171113,20171110,210616500,3823.0,236236,2178546,9023275640.0,3823.0,46,3822.0,386
rb1805,20171113,20171110,210617000,3823.0,236312,2178498,9026180980.0,3823.0,25,3822.0,383
rb1805,20171113,20171110,210617500,3823.0,236376,2178502,9028627680.0,3823.0,3,3822.0,393
rb1805,20171113,20171110,210618000,3823.0,236400,2178512,9029545220.0,3824.0,475,3823.0,37
rb1805,20171113,20171110,210618500,3823.0,236938,2178904,9050116840.0,3823.0,46,3822.0,388
rb1805,20171113,20171110,210619000,3822.0,237090,2178932,9055926700.0,3823.0,27,3822.0,358
rb1805,20171113,20171110,210619500,3823.0,237118,2178916,9056997120.0,3823.0,106,3822.0,299
rb1805,20171113,20171110,210620000,3823.0,237194,2178952,9059902080.0,3823.0,199,3822.0,282
rb1805,20171113,20171110,210620500,3823.0,237274,2178912,9062960360.0,3823.0,200,3822.0,282
rb1805,20171113,20171110,210621000,3823.0,237378,2178888,9066936220.0,3823.0,165,3822.0,281
rb1805,20171113,20171110,210621500,3823.0,237670,2178758,9078099240.0,3824.0,171,3823.0,71
rb1805,20171113,20171110,210622000,3823.0,237702,2178782,9079322660.0,3824.0,173,3823.0,201
rb1805,20171113,20171110,210622500,3823.0,237738,2178792,9080699000.0,3824.0,194,3823.0,188
rb1805,20171113,20171110,210623000,3823.0,238000,2178850,9090715380.0,3824.0,201,3823.0,79
rb1805,20171113,20171110,210623500,3822.0,238250,2178990,9100273000.0,3823.0,134,3822.0,282
rb1805,20171113,20171110,210624000,3823.0,238330,2179020,9103331360.0,3823.0,113,3822.0,281
rb1805,20171113,20171110,210624500,3823.0,238454,2179114,9108071880.0,3823.0,228,3822.0,287
rb1805,20171113,20171110,210625000,3822.0,238700,2179158,9117474460.0,3823.0,214,3822.0,203
rb1805,20171113,20171110,210625500,3823.0,238786,2179212,9120762120.0,3823.0,191,3822.0,200
rb1805,20171113,20171110,210626000,3823.0,239260,2179264,9138880640.0,3823.0,80,3822.0,81
rb1805,20171113,20171110,210626500,3823.0,239422,2179326,9145073500.0,3823.0,18,3822.0,78
rb1805,20171113,20171110,210627000,3823.0,239484,2179334,9147443740.0,3824.0,260,3823.0,96
rb1805,20171113,20171110,210627500,3824.0,239706,2179464,9155932860.0,3824.0,156,3823.0,119
rb1805,20171113,20171110,210628000,3824.0,240210,2179414,9175200980.0,3824.0,164,3823.0,7
rb1805,20171113,20171110,210628500,3822.0,240358,2179390,9180859200.0,3824.0,152,3822.0,39
rb1805,20171113,20171110,210629000,3823.0,240428,2179388,9183535920.0,3824.0,125,3823.0,13
rb1805,20171113,20171110,210629500,3823.0,240546,2179374,9188047740.0,3823.0,139,3822.0,54
rb1805,20171113,20171110,210630000,3823.0,240560,2179384,9188582920.0,3823.0,186,3822.0,87
rb1805,20171113,20171110,210630500,3822.0,241022,2179230,9206245200.0,3824.0,82,3822.0,66
rb1805,20171113,20171110,210631000,3823.0,241198,2179176,9212973640.0,3824.0,154,3823.0,36
rb1805,20171113,20171110,210631500,3823.0,241394,2179124,9220467540.0,3824.0,144,3823.0,223
rb1805,20171113,20171110,210632000,3823.0,241476,2179180,9223602440.0,3824.0,148,3823.0,189
rb1805,20171113,20171110,210632500,3824.0,241496,2179174,9224367200.0,3824.0,130,3823.0,200
rb1805,20171113,20171110,210633000,3823.0,241532,2179182,9225743580.0,3824.0,164,3823.0,202
rb1805,20171113,20171110,210633500,3824.0,241578,2179186,9227502500.0,3824.0,160,3823.0,197
rb1805,20171113,20171110,210634000,3823.0,241614,2179198,9228878860.0,3824.0,166,3823.0,345
rb1805,20171113,20171110,210634500,3823.0,241684,2179214,9231555420.0,3824.0,151,3823.0,333
rb1805,20171113,20171110,210635000,3824.0,241730,2179230,9233314360.0,3824.0,137,3823.0,349
rb1805,20171113,20171110,210635500,3824.0,241808,2179212,9236296840.0,3824.0,117,3823.0,341
rb1805,20171113,20171110,210636000,3824.0,242318,2179174,9255796560.0,3824.0,11,3823.0,211
rb1805,20171113,20171110,210636500,3823.0,242404,2179186,9259084560.0,3824.0,57,3823.0,180
rb1805,20171113,20171110,210637000,3824.0,242480,2179160,9261990740.0,3824.0,91,3823.0,177
rb1805,20171113,20171110,210637500,3823.0,242708,2179146,9270709420.0,3824.0,15,3823.0,175
rb1805,20171113,20171110,210638000,3824.0,242722,2179144,9271244740.0,3824.0,42,3823.0,173
rb1805,20171113,20171110,210638500,3823.0,242994,2179258,9281643560.0,3824.0,65,3823.0,54
rb1805,20171113,20171110,210639000,3823.0,243326,2179398,9294336560.0,3823.0,27,3822.0,90
rb1805,20171113,20171110,210639500,3823.0,243382,2179392,9296477400.0,3823.0,16,3822.0,97
rb1805,20171113,20171110,210640000,3823.0,243392,2179398,9296859700.0,3823.0,11,3822.0,142
rb1805,20171113,20171110,210640500,3823.0,243544,2179330,9302670500.0,3824.0,113,3823.0,10
rb1805,20171113,20171110,210641000,3823.0,243600,2179334,9304811900.0,3824.0,76,3823.0,160
rb1805,20171113,20171110,210641500,3823.0,243656,2179342,9306952920.0,3824.0,72,3823.0,257
rb1805,20171113,20171110,210642000,3824.0,243764,2179328,9311082800.0,3824.0,18,3823.0,195
rb1805,20171113,20171110,210642500,3824.0,243854,2179290,9314524420.0,3824.0,11,3823.0,189
rb1805,20171113,20171110,210643000,3823.0,243870,2179302,9315136180.0,3824.0,13,3823.0,198
rb1805,20171113,20171110,210643500,3823.0,243898,2179304,9316206680.0,3824.0,13,3823.0,192
rb1805,20171113,20171110,210644000,3823.0,243902,2179308,9316359600.0,3824.0,23,3823.0,195
rb1805,20171113,20171110,210644500,3823.0,243948,2179280,9318118300.0,3824.0,82,3823.0,173
rb1805,20171113,20171110,210645000,3824.0,244014,2179308,9320641960.0,3824.0,81,3823.0,272
rb1805,20171113,20171110,210645500,3824.0,244200,2179282,9327754280.0,3824.0,32,3823.0,258
rb1805,20171113,20171110,210646000,3824.0,244350,2179208,9333490200.0,3825.0,1392,3824.0,106
rb1805,20171113,20171110,210646500,3824.0,244382,2179214,9334713880.0,3825.0,1320,3824.0,111
rb1805,20171113,20171110,210647000,3824.0,244454,2179278,9337467180.0,3825.0,1317,3824.0,89
rb1805,20171113,20171110,210647500,3824.0,244552,2179248,9341215200.0,3825.0,1293,3824.0,205
rb1805,20171113,20171110,210648000,3824.0,244882,2179216,9353835420.0,3825.0,1242,3824.0,181
rb1805,20171113,20171110,210648500,3824.0,245034,2179214,9359648020.0,3825.0,1237,3824.0,171
rb1805,20171113,20171110,210649000,3824.0,246058,2179178,9398815940.0,3825.0,743,3824.0,180
rb1805,20171113,20171110,210649500,3825.0,246276,2179216,9407154040.0,3825.0,658,3824.0,181
rb1805,20171113,20171110,210650000,3824.0,246752,2179338,9425360700.0,3825.0,443,3824.0,206
rb1805,20171113,20171110,210650500,3825.0,247570,2179506,9456648600.0,3825.0,66,3824.0,179
rb1805,20171113,20171110,210651000,3825.0,247950,2179586,9471185480.0,3826.0,509,3825.0,23
rb1805,20171113,20171110,210651500,3825.0,248014,2179594,9473633560.0,3826.0,492,3825.0,178
rb1805,20171113,20171110,210652000,3825.0,248044,2179580,9474781160.0,3826.0,488,3825.0,226
rb1805,20171113,20171110,210652500,3825.0,248164,2179614,9479372060.0,3826.0,443,3825.0,213
rb1805,20171113,20171110,210653000,3825.0,248266,2179600,9483274380.0,3826.0,463,3825.0,206
rb1805,20171113,20171110,210653500,3826.0,248344,2179654,9486258460.0,3826.0,441,3825.0,208
rb1805,20171113,20171110,210654000,3825.0,248876,2179832,9506610540.0,3826.0,293,3825.0,151
rb1805,20171113,20171110,210654500,3825.0,249084,2179828,9514568420.0,3826.0,268,3825.0,148
rb1805,20171113,20171110,210655000,3825.0,249366,2179856,9525357480.0,3826.0,260,3825.0,150
rb1805,20171113,20171110,210655500,3825.0,249392,2179868,9526352060.0,3826.0,269,3825.0,141
rb1805,20171113,20171110,210656000,3825.0,249436,2179882,9528035260.0,3826.0,289,3825.0,138
rb1805,20171113,20171110,210656500,3825.0,249668,2179812,9536909380.0,3826.0,276,3825.0,31
rb1805,20171113,20171110,210657000,3825.0,249780,2179868,9541193360.0,3825.0,651,3824.0,178
rb1805,20171113,20171110,210657500,3824.0,250164,2179738,9555877520.0,3825.0,730,3824.0,2
rb1805,20171113,20171110,210658000,3824.0,250310,2179758,9561460560.0,3824.0,195,3823.0,169
rb1805,20171113,20171110,210658500,3824.0,250536,2179682,9570102780.0,3824.0,234,3823.0,174
rb1805,20171113,20171110,210659000,3824.0,250760,2179606,9578668220.0,3824.0,180,3823.0,154
rb1805,20171113,20171110,210659500,3824.0,250776,2179612,9579280040.0,3824.0,175,3823.0,153
rb1805,20171113,20171110,210700000,3824.0,250808,2179644,9580503680.0,3824.0,162,3823.0,169
rb1805,20171113,20171110,210700500,3824.0,250926,2179714,9585015820.0,3824.0,114,3823.0,162
rb1805,20171113,20171110,210701000,3824.0,251002,2179780,9587922040.0,3824.0,96,3823.0,159
rb1805,20171113,20171110,210701500,3823.0,251166,2179714,9594193300.0,3824.0,225,3823.0,167
rb1805,20171113,20171110,210702000,3824.0,251396,2179718,9602988060.0,3824.0,308,3823.0,144
rb1805,20171113,20171110,210702500,3824.0,251500,2179660,9606964980.0,3824.0,370,3823.0,151
rb1805,20171113,20171110,210703000,3824.0,251826,2179772,9619428360.0,3824.0,358,3823.0,4
rb1805,20171113,20171110,210703500,3823.0,251964,2179808,9624704100.0,3823.0,201,3822.0,319
rb1805,20171113,20171110,210704000,3823.0,252336,2179662,9638925600.0,3823.0,71,3822.0,317
rb1805,20171113,20171110,210704500,3823.0,252572,2179662,9647947940.0,3824.0,222,3823.0,43
rb1805,20171113,20171110,210705000,3824.0,252650,2179624,9650929940.0,3824.0,219,3823.0,28
rb1805,20171113,20171110,210705500,3824.0,252976,2179494,9663395580.0,3824.0,89,3823.0,20
rb1805,20171113,20171110,210706000,3823.0,253068,2179542,9666912780.0,3824.0,127,3823.0,30
rb1805,20171113,20171110,210706500,3823.0,253172,2179608,9670888700.0,3823.0,161,3822.0,268
rb1805,20171113,20171110,210707000,3822.0,253198,2179626,9671882500.0,3823.0,170,3822.0,265
rb1805,20171113,20171110,210707500,3822.0,253228,2179614,9673029180.0,3823.0,250,3822.0,265
rb1805,20171113,20171110,210708000,3822.0,253330,2179614,9676927840.0,3823.0,281,3822.0,246
rb1805,20171113,20171110,210708500,3822.0,253994,2179568,9702306860.0,3822.0,269,3821.0,655
rb1805,20171113,20171110,210709000,3822.0,254338,2179462,9715451900.0,3822.0,291,3821.0,524
rb1805,20171113,20171110,210709500,3821.0,254662,2179708,9727832080.0,3822.0,138,3821.0,370
rb1805,20171113,20171110,210710000,3821.0,255010,2179520,9741129520.0,3822.0,191,3821.0,218
rb1805,20171113,20171110,210710500,3821.0,255482,2179604,9759164440.0,3821.0,321,3820.0,1000
rb1805,20171113,20171110,210711000,3820.0,255526,2179600,9760845280.0,3821.0,344,3820.0,981
rb1805,20171113,20171110,210711500,3820.0,255656,2179524,9765811340.0,3821.0,361,3820.0,885
rb1805,20171113,20171110,210712000,3821.0,255840,2179476,9772840260.0,3821.0,127,3820.0,799
rb1805,20171113,20171110,210712500,3821.0,256186,2179284,9786060040.0,3822.0,194,3821.0,21
rb1805,20171113,20171110,210713000,3820.0,256386,2179140,9793700520.0,3821.0,17,3820.0,630
rb1805,20171113,20171110,210713500,3821.0,256562,2179150,9800425120.0,3821.0,25,3820.0,622
rb1805,20171113,20171110,210714000,3820.0,256604,2179128,9802029700.0,3821.0,19,3820.0,611
rb1805,20171113,20171110,210714500,3821.0,256648,2179090,9803710760.0,3821.0,41,3820.0,615
rb1805,20171113,20171110,210715000,3820.0,256692,2179084,9805391600.0,3821.0,46,3820.0,600
rb1805,20171113,20171110,210715500,3821.0,256808,2179008,9809823240.0,3821.0,216,3820.0,553
rb1805,20171113,20171110,210716000,3820.0,257116,2178756,9821589260.0,3821.0,397,3820.0,426
rb1805,20171113,20171110,210716500,3820.0,257648,2178726,9841915060.0,3821.0,245,3820.0,321
rb1805,20171113,20171110,210717000,3820.0,257910,2178716,9851923880.0,3821.0,226,3820.0,226
rb1805,20171113,20171110,210717500,3820.0,257954,2178740,9853604760.0,3821.0,226,3820.0,211
rb1805,20171113,20171110,210718000,3820.0,258126,2178804,9860175480.0,3821.0,212,3820.0,205
rb1805,20171113,20171110,210718500,3820.0,258292,2178858,9866516860.0,3821.0,209,3820.0,228
rb1805,20171113,20171110,210719000,3820.0,258430,2178854,9871788460.0,3821.0,229,3820.0,167
rb1805,20171113,20171110,210719500,3820.0,258504,2178878,9874615260.0,3821.0,333,3820.0,184
rb1805,20171113,20171110,210720000,3820.0,258734,2178894,9883401280.0,3821.0,332,3820.0,77
rb1805,20171113,20171110,210720500,3820.0,258802,2178864,9885999020.0,3821.0,327,3820.0,82
rb1805,20171113,20171110,210721000,3820.0,258968,2178900,9892340240.0,3821.0,334,3820.0,109
rb1805,20171113,20171110,210721500,3820.0,259010,2178890,9893944640.0,3821.0,338,3820.0,120
rb1805,20171113,20171110,210722000,3820.0,259058,2178852,9895778240.0,3821.0,341,3820.0,108
rb1805,20171113,20171110,210722500,3820.0,259148,2178766,9899216240.0,3821.0,346,3820.0,71
rb1805,20171113,20171110,210723000,3820.0,259278,2178698,9904182400.0,3821.0,340,3820.0,41
rb1805,20171113,20171110,210723500,3820.0,259338,2178704,9906474400.0,3821.0,341,3820.0,12
rb1805,20171113,20171110,210724000,3820.0,259452,2178634,9910829380.0,3820.0,7,3819.0,381
rb1805,20171113,20171110,210724500,3820.0,259520,2178600,9913426980.0,3821.0,335,3820.0,89
rb1805,20171113,20171110,210725000,3820.0,259618,2178576,9917171220.0,3821.0,305,3820.0,74
rb1805,20171113,20171110,210725500,3820.0,259810,2178554,9924506220.0,3821.0,279,3820.0,236
rb1805,20171113,20171110,210726000,3821.0,259906,2178562,9928174140.0,3821.0,245,3820.0,297
rb1805,20171113,20171110,210726500,3821.0,260004,2178574,9931918440.0,3821.0,220,3820.0,304
rb1805,20171113,20171110,210727000,3821.0,260560,2178274,9953163200.0,3821.0,14,3820.0,404
rb1805,20171113,20171110,210727500,3821.0,260708,2178232,9958818480.0,3822.0,248,3821.0,286
rb1805,20171113,20171110,210728000,3821.0,261172,2178136,9976547960.0,3822.0,232,3821.0,14
rb1805,20171113,20171110,210728500,3820.0,261242,2178142,9979222380.0,3821.0,81,3820.0,571
rb1805,20171113,20171110,210729000,3820.0,261296,2178150,9981285240.0,3821.0,82,3820.0,535
rb1805,20171113,20171110,210729500,3821.0,261328,2178152,9982507940.0,3821.0,99,3820.0,478
rb1805,20171113,20171110,210730000,3820.0,261330,2178152,9982584340.0,3821.0,114,3820.0,502
rb1805,20171113,20171110,210730500,3820.0,261356,2178154,9983577760.0,3821.0,138,3820.0,584
rb1805,20171113,20171110,210731000,3821.0,261418,2178162,9985946360.0,3821.0,329,3820.0,569
rb1805,20171113,20171110,210731500,3821.0,261448,2178186,9987092480.0,3821.0,366,3820.0,564
rb1805,20171113,20171110,210732000,3820.0,261454,2178190,9987321680.0,3821.0,391,3820.0,547
rb1805,20171113,20171110,210732500,3820.0,261482,2178214,9988391300.0,3821.0,392,3820.0,571
rb1805,20171113,20171110,210733000,3820.0,261496,2178228,9988926140.0,3821.0,396,3820.0,568
rb1805,20171113,20171110,210733500,3821.0,261566,2178278,9991600280.0,3821.0,390,3820.0,540
rb1805,20171113,20171110,210734000,3820.0,262388,2178898,10023008680.0,3822.0,199,3820.0,530
rb1805,20171113,20171110,210734500,3822.0,262498,2178858,10027212200.0,3822.0,177,3821.0,105
rb1805,20171113,20171110,210735000,3821.0,262506,2178852,10027517880.0,3822.0,182,3821.0,101
rb1805,20171113,20171110,210735500,3821.0,262530,2178848,10028434920.0,3822.0,184,3821.0,123
rb1805,20171113,20171110,210736000,3821.0,262654,2178840,10033172960.0,3822.0,185,3821.0,62
rb1805,20171113,20171110,210736500,3821.0,262672,2178834,10033860760.0,3822.0,187,3821.0,75
rb1805,20171113,20171110,210737000,3821.0,262732,2178808,10036153360.0,3822.0,199,3821.0,52
rb1805,20171113,20171110,210737500,3821.0,262764,2178794,10037376080.0,3822.0,200,3821.0,50
rb1805,20171113,20171110,210738000,3821.0,262842,2178852,10040357060.0,3822.0,170,3821.0,60
rb1805,20171113,20171110,210738500,3821.0,262870,2178840,10041427040.0,3822.0,165,3821.0,63
rb1805,20171113,20171110,210739000,3822.0,262878,2178838,10041732740.0,3822.0,183,3821.0,120
rb1805,20171113,20171110,210739500,3821.0,262906,2178830,10042802820.0,3822.0,175,3821.0,217
rb1805,20171113,20171110,210740000,3821.0,263026,2178816,10047388020.0,3822.0,180,3821.0,269
rb1805,20171113,20171110,210740500,3821.0,263028,2178816,10047464440.0,3822.0,225,3821.0,274
rb1805,20171113,20171110,210741000,3821.0,263062,2178844,10048763860.0,3822.0,211,3821.0,284
rb1805,20171113,20171110,210741500,3822.0,263122,2178874,10051056680.0,3822.0,200,3821.0,273
rb1805,20171113,20171110,210742000,3821.0,263362,2178914,10060227080.0,3822.0,200,3821.0,155
rb1805,20171113,20171110,210742500,3821.0,263388,2178888,10061220580.0,3822.0,198,3821.0,144
rb1805,20171113,20171110,210743000,3822.0,263442,2178880,10063283960.0,3822.0,197,3821.0,125
rb1805,20171113,20171110,210743500,3822.0,263452,2178876,10063666080.0,3822.0,199,3821.0,122
rb1805,20171113,20171110,210744000,3821.0,263474,2178876,10064506700.0,3822.0,204,3821.0,114
rb1805,20171113,20171110,210744500,3821.0,263488,2178876,10065041660.0,3822.0,204,3821.0,108
rb1805,20171113,20171110,210745000,3821.0,263490,2178876,10065118080.0,3822.0,207,3821.0,111
rb1805,20171113,20171110,210745500,3821.0,263536,2178876,10066875760.0,3822.0,207,3821.0,90
rb1805,20171113,20171110,210746000,3822.0,263612,2178806,10069779820.0,3822.0,212,3821.0,60
rb1805,20171113,20171110,210746500,3821.0,263752,2178746,10075129240.0,3821.0,46,3820.0,536
rb1805,20171113,20171110,210747000,3821.0,263758,2178744,10075358500.0,3821.0,101,3820.0,536
rb1805,20171113,20171110,210747500,3821.0,263886,2178660,10080249320.0,3821.0,74,3820.0,476
rb1805,20171113,20171110,210748000,3821.0,263994,2178746,10084376000.0,3821.0,31,3820.0,476
rb1805,20171113,20171110,210748500,3820.0,264052,2178742,10086592000.0,3821.0,36,3820.0,470
rb1805,20171113,20171110,210749000,3821.0,264076,2178732,10087508820.0,3821.0,40,3820.0,459
rb1805,20171113,20171110,210749500,3821.0,264176,2178800,10091329700.0,3822.0,239,3821.0,62
rb1805,20171113,20171110,210750000,3821.0,264186,2178808,10091711800.0,3822.0,239,3821.0,88
rb1805,20171113,20171110,210750500,3821.0,264194,2178816,10092017480.0,3822.0,240,3821.0,125
rb1805,20171113,20171110,210751000,3821.0,264262,2178826,10094616160.0,3822.0,225,3821.0,123
rb1805,20171113,20171110,210751500,3821.0,264266,2178828,10094769000.0,3822.0,233,3821.0,123
rb1805,20171113,20171110,210752000,3821.0,264352,2178844,10098055060.0,3822.0,245,3821.0,83
rb1805,20171113,20171110,210752500,3822.0,264844,2178734,10116859280.0,3822.0,1,3821.0,87
rb1805,20171113,20171110,210753000,3821.0,265174,2178912,10129469720.0,3821.0,97,3820.0,467
rb1805,20171113,20171110,210753500,3821.0,265398,2179114,10138028760.0,3823.0,404,3821.0,204
rb1805,20171113,20171110,210754000,3821.0,265442,2179144,10139710080.0,3822.0,1,3821.0,237
rb1805,20171113,20171110,210754500,3821.0,265572,2179150,10144678600.0,3822.0,140,3821.0,333
rb1805,20171113,20171110,210755000,3821.0,265660,2179152,10148041580.0,3822.0,115,3821.0,353
rb1805,20171113,20171110,210755500,3821.0,265682,2179152,10148882220.0,3822.0,115,3821.0,346
rb1805,20171113,20171110,210756000,3822.0,265720,2179176,10150334300.0,3822.0,112,3821.0,312
rb1805,20171113,20171110,210756500,3821.0,265846,2179240,10155148760.0,3822.0,121,3821.0,263
rb1805,20171113,20171110,210757000,3821.0,265854,2179238,10155454440.0,3822.0,122,3821.0,216
rb1805,20171113,20171110,210757500,3821.0,265884,2179238,10156600980.0,3822.0,114,3821.0,214
rb1805,20171113,20171110,210758000,3821.0,265920,2179216,10157976660.0,3822.0,111,3821.0,202
rb1805,20171113,20171110,210758500,3821.0,265926,2179216,10158205940.0,3822.0,116,3821.0,202
rb1805,20171113,20171110,210759000,3821.0,265942,2179224,10158817300.0,3822.0,123,3821.0,194
rb1805,20171113,20171110,210759500,3821.0,266096,2179226,10164703160.0,3822.0,52,3821.0,193
rb1805,20171113,20171110,210800000,3821.0,266110,2179224,10165238200.0,3822.0,90,3821.0,199
rb1805,20171113,20171110,210800500,3822.0,266250,2179288,10170588800.0,3822.0,33,3821.0,199
rb1805,20171113,20171110,210801000,3821.0,266490,2179314,10179761200.0,3823.0,449,3822.0,89
rb1805,20171113,20171110,210801500,3822.0,266658,2179206,10186182160.0,3823.0,450,3822.0,26
rb1805,20171113,20171110,210802000,3822.0,266862,2179240,10193978920.0,3822.0,31,3821.0,199
rb1805,20171113,20171110,210802500,3822.0,267324,2179552,10211632700.0,3822.0,7,3821.0,8
rb1805,20171113,20171110,210803000,3821.0,267420,2179512,10215301280.0,3822.0,14,3821.0,49
rb1805,20171113,20171110,210803500,3822.0,267512,2179536,10218817360.0,3822.0,12,3821.0,79
rb1805,20171113,20171110,210804000,3822.0,267630,2179510,10223326460.0,3823.0,432,3822.0,34
rb1805,20171113,20171110,210804500,3823.0,267650,2179490,10224090920.0,3823.0,429,3822.0,40
rb1805,20171113,20171110,210805000,3822.0,267664,2179488,10224626000.0,3823.0,429,3822.0,56
rb1805,20171113,20171110,210805500,3822.0,267712,2179456,10226460560.0,3823.0,430,3822.0,89
rb1805,20171113,20171110,210806000,3823.0,267952,2179368,10235634480.0,3823.0,373,3822.0,48
rb1805,20171113,20171110,210806500,3823.0,267978,2179366,10236628340.0,3823.0,367,3822.0,60
rb1805,20171113,20171110,210807000,3822.0,268088,2179296,10240832700.0,3823.0,372,3822.0,16
rb1805,20171113,20171110,210807500,3823.0,268092,2179294,10240985600.0,3823.0,372,3822.0,33
rb1805,20171113,20171110,210808000,3823.0,268128,2179288,10242361700.0,3823.0,373,3822.0,30
rb1805,20171113,20171110,210808500,3823.0,268148,2179282,10243126300.0,3823.0,389,3822.0,33
rb1805,20171113,20171110,210809000,3822.0,268164,2179278,10243737920.0,3823.0,388,3822.0,35
rb1805,20171113,20171110,210809500,3822.0,268270,2179302,10247789760.0,3823.0,363,3822.0,7
rb1805,20171113,20171110,210810000,3822.0,268294,2179296,10248707040.0,3822.0,31,3821.0,64
rb1805,20171113,20171110,210810500,3822.0,268444,2179294,10254440080.0,3822.0,29,3821.0,110
rb1805,20171113,20171110,210811000,3821.0,268450,2179292,10254669360.0,3822.0,53,3821.0,109
rb1805,20171113,20171110,210811500,3822.0,268476,2179272,10255663080.0,3822.0,56,3821.0,110
rb1805,20171113,20171110,210812000,3822.0,268496,2179264,10256427480.0,3822.0,52,3821.0,112
rb1805,20171113,20171110,210812500,3822.0,268610,2179306,10260784560.0,3823.0,391,3822.0,495
rb1805,20171113,20171110,210813000,3822.0,268672,2179264,10263154320.0,3823.0,387,3822.0,476
rb1805,20171113,20171110,210813500,3822.0,268684,2179260,10263612980.0,3823.0,386,3822.0,507
rb1805,20171113,20171110,210814000,3822.0,268710,2179256,10264606720.0,3823.0,386,3822.0,501
rb1805,20171113,20171110,210814500,3822.0,268724,2179252,10265141880.0,3823.0,385,3822.0,509
rb1805,20171113,20171110,210815000,3823.0,268982,2179262,10275003200.0,3823.0,358,3822.0,479
rb1805,20171113,20171110,210815500,3822.0,269002,2179262,10275767760.0,3823.0,350,3822.0,477
rb1805,20171113,20171110,210816000,3822.0,269108,2179172,10279819260.0,3823.0,341,3822.0,436
rb1805,20171113,20171110,210816500,3822.0,269122,2179168,10280354460.0,3823.0,335,3822.0,445
rb1805,20171113,20171110,210817000,3823.0,269130,2179166,10280660240.0,3823.0,336,3822.0,435
rb1805,20171113,20171110,210817500,3823.0,269142,2179170,10281118920.0,3823.0,346,3822.0,432
rb1805,20171113,20171110,210818000,3822.0,269668,2179190,10301222860.0,3823.0,428,3822.0,181
rb1805,20171113,20171110,210818500,3823.0,270142,2179300,10319340160.0,3823.0,387,3821.0,147
rb1805,20171113,20171110,210819000,3822.0,270360,2179182,10327673300.0,3822.0,21,3821.0,149
rb1805,20171113,20171110,210819500,3822.0,270416,2179150,10329813700.0,3823.0,334,3822.0,43
rb1805,20171113,20171110,210820000,3823.0,270446,2179134,10330960520.0,3823.0,325,3822.0,78
rb1805,20171113,20171110,210820500,3823.0,270488,2179114,10332566120.0,3823.0,309,3822.0,137
rb1805,20171113,20171110,210821000,3822.0,270604,2179028,10337000640.0,3823.0,259,3822.0,129
rb1805,20171113,20171110,210821500,3822.0,270638,2179016,10338300320.0,3823.0,250,3822.0,124
rb1805,20171113,20171110,210822000,3823.0,270770,2178942,10343346680.0,3823.0,184,3822.0,144
rb1805,20171113,20171110,210822500,3823.0,270812,2178950,10344952100.0,3823.0,176,3822.0,134
rb1805,20171113,20171110,210823000,3822.0,271112,2178774,10356418160.0,3822.0,58,3821.0,256
rb1805,20171113,20171110,210823500,3822.0,271254,2178658,10361845400.0,3822.0,13,3821.0,199
rb1805,20171113,20171110,210824000,3821.0,271282,2178658,10362915420.0,3822.0,7,3821.0,294
rb1805,20171113,20171110,210824500,3823.0,271488,2178720,10370789620.0,3823.0,153,3822.0,61
rb1805,20171113,20171110,210825000,3823.0,271616,2178686,10375681800.0,3823.0,153,3822.0,13
rb1805,20171113,20171110,210825500,3823.0,271616,2178686,10375681800.0,3823.0,154,3822.0,48
rb1805,20171113,20171110,210826000,3822.0,271656,2178714,10377210800.0,3823.0,146,3822.0,372
rb1805,20171113,20171110,210826500,3822.0,271846,2178824,10384474400.0,3823.0,66,3822.0,478
rb1805,20171113,20171110,210827000,3823.0,272000,2178912,10390361820.0,3824.0,239,3823.0,75
rb1805,20171113,20171110,210827500,3823.0,272178,2178836,10397166780.0,3824.0,215,3823.0,76
rb1805,20171113,20171110,210828000,3823.0,272216,2178838,10398619600.0,3824.0,210,3823.0,67
rb1805,20171113,20171110,210828500,3823.0,272296,2178798,10401678060.0,3824.0,207,3823.0,54
rb1805,20171113,20171110,210829000,3824.0,272666,2178714,10415826460.0,3824.0,61,3823.0,57
rb1805,20171113,20171110,210829500,3824.0,272712,2178724,10417585440.0,3824.0,41,3823.0,76
rb1805,20171113,20171110,210830000,3824.0,272730,2178726,10418273700.0,3824.0,35,3823.0,126
rb1805,20171113,20171110,210830500,3825.0,273208,2179132,10436555860.0,3825.0,683,3824.0,18
rb1805,20171113,20171110,210831000,3823.0,273420,2179244,10444663980.0,3825.0,617,3823.0,75
rb1805,20171113,20171110,210831500,3824.0,273910,2179664,10463406340.0,3825.0,378,3824.0,8
rb1805,20171113,20171110,210832000,3824.0,273978,2179686,10466007280.0,3825.0,351,3824.0,26
rb1805,20171113,20171110,210832500,3824.0,273986,2179688,10466313220.0,3825.0,358,3824.0,28
rb1805,20171113,20171110,210833000,3825.0,274452,2179628,10484136840.0,3825.0,170,3824.0,109
rb1805,20171113,20171110,210833500,3824.0,274540,2179654,10487502780.0,3825.0,130,3824.0,113
rb1805,20171113,20171110,210834000,3824.0,274608,2179698,10490103700.0,3825.0,140,3824.0,141
rb1805,20171113,20171110,210834500,3825.0,274710,2179732,10494004740.0,3825.0,119,3824.0,119
rb1805,20171113,20171110,210835000,3825.0,274788,2179758,10496988100.0,3825.0,93,3824.0,113
rb1805,20171113,20171110,210835500,3825.0,274808,2179768,10497753000.0,3825.0,89,3824.0,108
rb1805,20171113,20171110,210836000,3824.0,275580,2180152,10527287500.0,3826.0,291,3825.0,1
rb1805,20171113,20171110,210836500,3825.0,275916,2180126,10540142380.0,3826.0,148,3825.0,4
rb1805,20171113,20171110,210837000,3825.0,276104,2180002,10547333380.0,3825.0,120,3824.0,119
rb1805,20171113,20171110,210837500,3825.0,276370,2179934,10557507880.0,3826.0,152,3825.0,14
rb1805,20171113,20171110,210838000,3825.0,276438,2179906,10560109360.0,3826.0,128,3825.0,73
rb1805,20171113,20171110,210838500,3825.0,276562,2179822,10564853440.0,3826.0,80,3825.0,105
rb1805,20171113,20171110,210839000,3826.0,276590,2179826,10565924500.0,3826.0,78,3825.0,240
rb1805,20171113,20171110,210839500,3826.0,276862,2179786,10576332060.0,3827.0,286,3826.0,37
rb1805,20171113,20171110,210840000,3825.0,277420,2179468,10597680520.0,3826.0,10,3825.0,202
rb1805,20171113,20171110,210840500,3826.0,277516,2179490,10601353520.0,3827.0,267,3826.0,65
rb1805,20171113,20171110,210841000,3826.0,277582,2179534,10603878740.0,3827.0,265,3826.0,55
rb1805,20171113,20171110,210841500,3826.0,277792,2179668,10611913160.0,3826.0,32,3825.0,215
rb1805,20171113,20171110,210842000,3826.0,277916,2179672,10616657240.0,3827.0,265,3826.0,25
rb1805,20171113,20171110,210842500,3826.0,278030,2179668,10621018860.0,3826.0,34,3825.0,211
rb1805,20171113,20171110,210843000,3826.0,278188,2179668,10627062980.0,3826.0,79,3825.0,168
rb1805,20171113,20171110,210843500,3826.0,278376,2179582,10634255620.0,3826.0,88,3825.0,159
rb1805,20171113,20171110,210844000,3826.0,278520,2179676,10639764100.0,3826.0,145,3825.0,111
rb1805,20171113,20171110,210844500,3825.0,278830,2179606,10651621600.0,3825.0,195,3824.0,122
rb1805,20171113,20171110,210845000,3826.0,279730,2179676,10686044900.0,3826.0,354,3825.0,93
rb1805,20171113,20171110,210845500,3826.0,279998,2179846,10696297200.0,3826.0,288,3825.0,67
rb1805,20171113,20171110,210846000,3825.0,280196,2179708,10703870700.0,3825.0,119,3824.0,3
rb1805,20171113,20171110,210846500,3825.0,280218,2179722,10704712120.0,3825.0,146,3823.0,321
rb1805,20171113,20171110,210847000,3825.0,280280,2179746,10707083120.0,3825.0,165,3823.0,318
rb1805,20171113,20171110,210847500,3825.0,280348,2179742,10709684120.0,3825.0,133,3824.0,1
rb1805,20171113,20171110,210848000,3824.0,280382,2179770,10710984220.0,3824.0,181,3823.0,418
rb1805,20171113,20171110,210848500,3823.0,280438,2179806,10713125580.0,3824.0,159,3823.0,409
rb1805,20171113,20171110,210849000,3824.0,280860,2179784,10729262500.0,3825.0,241,3823.0,383
rb1805,20171113,20171110,210849500,3825.0,280912,2179786,10731251480.0,3825.0,217,3824.0,6
rb1805,20171113,20171110,210850000,3824.0,280928,2179786,10731863380.0,3825.0,220,3824.0,32
rb1805,20171113,20171110,210850500,3824.0,281116,2179880,10739054280.0,3825.0,63,3824.0,54
rb1805,20171113,20171110,210851000,3825.0,281230,2179942,10743414620.0,3825.0,38,3824.0,61
rb1805,20171113,20171110,210851500,3824.0,281318,2179964,10746780520.0,3825.0,15,3824.0,66
rb1805,20171113,20171110,210852000,3825.0,281364,2179930,10748540060.0,3826.0,821,3825.0,158
rb1805,20171113,20171110,210852500,3825.0,281522,2180036,10754583560.0,3826.0,831,3825.0,88
rb1805,20171113,20171110,210853000,3825.0,281744,2180172,10763075020.0,3825.0,293,3824.0,90
rb1805,20171113,20171110,210853500,3824.0,283044,2179606,10812775700.0,3824.0,26,3822.0,81
rb1805,20171113,20171110,210854000,3824.0,283224,2179684,10819658860.0,3824.0,24,3823.0,43
rb1805,20171113,20171110,210854500,3824.0,283324,2179710,10823482160.0,3825.0,469,3824.0,10
rb1805,20171113,20171110,210855000,3823.0,283406,2179650,10826617820.0,3824.0,13,3823.0,18
rb1805,20171113,20171110,210855500,3823.0,283466,2179594,10828912200.0,3824.0,146,3823.0,32
rb1805,20171113,20171110,210856000,3824.0,283494,2179590,10829982820.0,3824.0,152,3823.0,44
rb1805,20171113,20171110,210856500,3824.0,283600,2179590,10834036120.0,3824.0,112,3823.0,37
rb1805,20171113,20171110,210857000,3824.0,283628,2179566,10835106740.0,3824.0,128,3823.0,67
rb1805,20171113,20171110,210857500,3824.0,283970,2179570,10848183560.0,3824.0,23,3823.0,22
rb1805,20171113,20171110,210858000,3824.0,284196,2179482,10856826980.0,3825.0,432,3824.0,36
rb1805,20171113,20171110,210858500,3823.0,284418,2179346,10865314940.0,3824.0,22,3823.0,3
rb1805,20171113,20171110,210859000,3824.0,284472,2179338,10867379400.0,3824.0,39,3823.0,6
rb1805,20171113,20171110,210859500,3824.0,284600,2179254,10872273880.0,3824.0,4,3823.0,23
rb1805,20171113,20171110,210900000,3824.0,284686,2179204,10875562800.0,3825.0,437,3824.0,73
rb1805,20171113,20171110,210900500,3825.0,284836,2179170,10881299120.0,3825.0,426,3824.0,55
rb1805,20171113,20171110,210901000,3824.0,284982,2179114,10886882020.0,3825.0,423,3824.0,49
rb1805,20171113,20171110,210901500,3824.0,285110,2179120,10891776940.0,3824.0,46,3823.0,87
rb1805,20171113,20171110,210902000,3824.0,285140,2179124,10892924100.0,3824.0,144,3823.0,93
rb1805,20171113,20171110,210902500,3824.0,285214,2179066,10895753860.0,3824.0,135,3823.0,61
rb1805,20171113,20171110,210903000,3824.0,285362,2178966,10901413200.0,3824.0,81,3823.0,47
rb1805,20171113,20171110,210903500,3824.0,285584,2179008,10909902140.0,3825.0,489,3824.0,15
rb1805,20171113,20171110,210904000,3825.0,285844,2179020,10919844940.0,3824.0,21,3823.0,36
rb1805,20171113,20171110,210904500,3824.0,286098,2179036,10929557120.0,3824.0,191,3823.0,13
rb1805,20171113,20171110,210905000,3823.0,286150,2179044,10931545080.0,3823.0,35,3822.0,196
rb1805,20171113,20171110,210905500,3823.0,286234,2179112,10934756400.0,3823.0,4,3822.0,196
rb1805,20171113,20171110,210906000,3823.0,286244,2179118,10935138700.0,3823.0,6,3822.0,196
