instrument,tradingday,calendarday,time,lastp,volume,openinterest,turnover,ask1,asksz1,bid1,bidsz1
rb1805,20170829,20170828,182841500,3801.0,0,280650,0.0,0.0,0,0.0,0
rb1805,20170829,20170828,205900500,3801.0,664,280094,25238640.0,3804.0,1,3800.0,19
rb1805,20170829,20170828,210000500,3804.0,766,280092,29117520.0,3804.0,5,3802.0,2
rb1805,20170829,20170828,210001000,3804.0,908,280090,34520560.0,3804.0,1,3803.0,2
rb1805,20170829,20170828,210001500,3807.0,1000,280088,38022360.0,3807.0,7,3806.0,1
rb1805,20170829,20170828,210002000,3794.0,1678,279948,63785240.0,3794.0,12,3793.0,12
rb1805,20170829,20170828,210002500,3808.0,1880,280012,71468940.0,3808.0,64,3807.0,22
rb1805,20170829,20170828,210003000,3808.0,2116,280126,80455700.0,3810.0,17,3808.0,27
rb1805,20170829,20170828,210003500,3814.0,2282,280096,86782040.0,3815.0,15,3812.0,1
rb1805,20170829,20170828,210004000,3815.0,2796,280014,106388220.0,3816.0,1,3813.0,3
rb1805,20170829,20170828,210004500,3819.0,3056,279972,116309860.0,3819.0,3,3816.0,41
rb1805,20170829,20170828,210005000,3816.0,3300,279912,125622380.0,3816.0,38,3814.0,8
rb1805,20170829,20170828,210005500,3813.0,3400,279846,129433640.0,3814.0,2,3811.0,1
rb1805,20170829,20170828,210006000,3814.0,3772,280006,143626480.0,3813.0,1,3812.0,6
rb1805,20170829,20170828,210006500,3818.0,3814,280026,145229200.0,3816.0,21,3815.0,1
rb1805,20170829,20170828,210007000,3816.0,3884,280058,147900480.0,3820.0,108,3816.0,9
rb1805,20170829,20170828,210007500,3816.0,4036,280104,153704660.0,3818.0,2,3816.0,8
rb1805,20170829,20170828,210008000,3816.0,4074,280134,155154500.0,3817.0,14,3813.0,4
rb1805,20170829,20170828,210008500,3812.0,4104,280118,156298580.0,3812.0,5,3811.0,1
rb1805,20170829,20170828,210009000,3811.0,4136,280108,157518300.0,3811.0,13,3810.0,3
rb1805,20170829,20170828,210009500,3809.0,4150,280112,158051680.0,3810.0,42,3808.0,22
rb1805,20170829,20170828,210010000,3808.0,4222,280164,160793700.0,3808.0,15,3807.0,3
rb1805,20170829,20170828,210010500,3810.0,4324,280138,164678660.0,3810.0,14,3808.0,3
rb1805,20170829,20170828,210011000,3808.0,4350,280152,165668740.0,3808.0,4,3807.0,3
rb1805,20170829,20170828,210011500,3809.0,4418,280138,168258640.0,3810.0,22,3809.0,3
rb1805,20170829,20170828,210012000,3809.0,4466,280134,170086920.0,3810.0,26,3809.0,29
rb1805,20170829,20170828,210012500,3809.0,4540,280132,172905580.0,3809.0,1,3808.0,2
rb1805,20170829,20170828,210013000,3809.0,4558,280132,173591080.0,3809.0,9,3808.0,13
rb1805,20170829,20170828,210013500,3809.0,4592,280122,174885860.0,3809.0,12,3808.0,1
rb1805,20170829,20170828,210014000,3808.0,4646,280124,176942020.0,3808.0,8,3806.0,3
rb1805,20170829,20170828,210014500,3807.0,4680,280120,178236880.0,3809.0,27,3807.0,1
rb1805,20170829,20170828,210015000,3808.0,4708,280130,179302980.0,3808.0,21,3806.0,2
rb1805,20170829,20170828,210015500,3808.0,4728,280132,180064420.0,3808.0,14,3807.0,33
rb1805,20170829,20170828,210016000,3805.0,4850,280172,184708100.0,3805.0,17,3804.0,7
rb1805,20170829,20170828,210016500,3804.0,4910,280184,186991040.0,3806.0,1,3804.0,8
rb1805,20170829,20170828,210017000,3806.0,4912,280186,187067160.0,3807.0,2,3805.0,1
rb1805,20170829,20170828,210017500,3806.0,4938,280186,188056560.0,3806.0,14,3805.0,1
rb1805,20170829,20170828,210018000,3805.0,4960,280188,188893660.0,3805.0,9,3803.0,5
rb1805,20170829,20170828,210018500,3808.0,5164,280276,196659580.0,3808.0,9,3806.0,1
rb1805,20170829,20170828,210019000,3806.0,5190,280284,197649080.0,3806.0,7,3805.0,40
rb1805,20170829,20170828,210019500,3808.0,5200,280292,198029800.0,3808.0,22,3805.0,40
rb1805,20170829,20170828,210020000,3807.0,5282,280214,201149940.0,3808.0,22,3807.0,1
rb1805,20170829,20170828,210020500,3805.0,5396,280178,205488660.0,3807.0,6,3805.0,9
rb1805,20170829,20170828,210021000,3807.0,5464,280164,208077160.0,3808.0,9,3807.0,7
rb1805,20170829,20170828,210021500,3808.0,5488,280168,208991040.0,3809.0,26,3808.0,23
rb1805,20170829,20170828,210022000,3809.0,5492,280168,209143400.0,3809.0,24,3808.0,23
rb1805,20170829,20170828,210022500,3808.0,5500,280174,209448040.0,3809.0,24,3808.0,20
rb1805,20170829,20170828,210023000,3809.0,5504,280172,209600400.0,3809.0,23,3808.0,51
rb1805,20170829,20170828,210023500,3809.0,5512,280172,209905100.0,3809.0,22,3808.0,52
rb1805,20170829,20170828,210024000,3809.0,5520,280176,210209780.0,3809.0,23,3808.0,50
rb1805,20170829,20170828,210024500,3808.0,5522,280178,210285940.0,3809.0,23,3808.0,54
rb1805,20170829,20170828,210025000,3809.0,5538,280178,210895300.0,3809.0,19,3808.0,51
rb1805,20170829,20170828,210025500,3808.0,5550,280172,211352340.0,3809.0,16,3808.0,49
rb1805,20170829,20170828,210026000,3809.0,5670,280178,215922160.0,3809.0,16,3807.0,7
rb1805,20170829,20170828,210026500,3808.0,5676,280182,216150640.0,3808.0,7,3807.0,3
rb1805,20170829,20170828,210027000,3808.0,5684,280188,216455280.0,3808.0,23,3807.0,4
rb1805,20170829,20170828,210027500,3808.0,5696,280194,216912240.0,3808.0,17,3807.0,4
rb1805,20170829,20170828,210028000,3806.0,5746,280198,218815840.0,3807.0,2,3806.0,16
rb1805,20170829,20170828,210028500,3809.0,5792,280166,220567820.0,3808.0,7,3807.0,15
rb1805,20170829,20170828,210029000,3807.0,5838,280144,222319340.0,3810.0,50,3807.0,5
rb1805,20170829,20170828,210029500,3807.0,5838,280144,222319340.0,3809.0,1,3808.0,13
rb1805,20170829,20170828,210030000,3809.0,5844,280148,222547820.0,3810.0,61,3808.0,11
rb1805,20170829,20170828,210030500,3809.0,5856,280146,223004900.0,3809.0,4,3808.0,11
rb1805,20170829,20170828,210031000,3808.0,5858,280148,223081060.0,3809.0,15,3808.0,11
rb1805,20170829,20170828,210031500,3808.0,5860,280148,223157220.0,3809.0,15,3808.0,10
rb1805,20170829,20170828,210032000,3808.0,5866,280144,223385740.0,3809.0,13,3808.0,9
rb1805,20170829,20170828,210032500,3809.0,5870,280142,223538100.0,3809.0,26,3808.0,10
rb1805,20170829,20170828,210033000,3808.0,5956,280130,226813720.0,3809.0,3,3808.0,133
rb1805,20170829,20170828,210033500,3809.0,5970,280126,227346980.0,3810.0,53,3809.0,29
rb1805,20170829,20170828,210034000,3809.0,6144,280182,233975520.0,3809.0,15,3808.0,129
rb1805,20170829,20170828,210034500,3809.0,6194,280172,235880020.0,3810.0,13,3809.0,52
rb1805,20170829,20170828,210035000,3809.0,6234,280148,237403880.0,3811.0,9,3809.0,16
rb1805,20170829,20170828,210035500,3811.0,6258,280148,238318160.0,3811.0,13,3809.0,9
rb1805,20170829,20170828,210036000,3809.0,6280,280162,239156160.0,3811.0,14,3809.0,1
rb1805,20170829,20170828,210036500,3809.0,6286,280164,239384760.0,3810.0,1,3809.0,17
rb1805,20170829,20170828,210037000,3810.0,6288,280164,239460960.0,3811.0,13,3810.0,3
rb1805,20170829,20170828,210037500,3811.0,6296,280166,239765820.0,3811.0,10,3810.0,1
rb1805,20170829,20170828,210038000,3811.0,6300,280168,239918240.0,3811.0,10,3809.0,19
rb1805,20170829,20170828,210038500,3810.0,6350,280202,241823720.0,3810.0,4,3809.0,21
rb1805,20170829,20170828,210039000,3810.0,6360,280204,242204720.0,3811.0,3,3810.0,10
rb1805,20170829,20170828,210039500,3811.0,6378,280202,242890720.0,3811.0,1,3810.0,10
rb1805,20170829,20170828,210040000,3810.0,6436,280238,245101600.0,3813.0,1,3810.0,2
rb1805,20170829,20170828,210040500,3812.0,6440,280242,245254100.0,3813.0,11,3811.0,85
rb1805,20170829,20170828,210041000,3811.0,6448,280234,245558980.0,3813.0,11,3812.0,9
rb1805,20170829,20170828,210041500,3813.0,6494,280232,247312920.0,3814.0,16,3813.0,99
rb1805,20170829,20170828,210042000,3813.0,6510,280236,247923020.0,3814.0,19,3813.0,99
rb1805,20170829,20170828,210042500,3814.0,6564,280244,249982540.0,3815.0,21,3814.0,8
rb1805,20170829,20170828,210043000,3814.0,6700,280238,255169060.0,3814.0,8,3813.0,136
rb1805,20170829,20170828,210043500,3814.0,6714,280240,255703000.0,3814.0,4,3813.0,136
rb1805,20170829,20170828,210044000,3814.0,6730,280238,256313260.0,3815.0,20,3814.0,44
rb1805,20170829,20170828,210044500,3815.0,6776,280252,258068160.0,3816.0,24,3814.0,56
rb1805,20170829,20170828,210045000,3814.0,6840,280250,260509340.0,3816.0,31,3814.0,26
rb1805,20170829,20170828,210045500,3814.0,6850,280248,260890780.0,3815.0,12,3814.0,23
rb1805,20170829,20170828,210046000,3814.0,6898,280248,262721500.0,3815.0,18,3814.0,11
rb1805,20170829,20170828,210046500,3815.0,6904,280246,262950380.0,3815.0,25,3814.0,18
rb1805,20170829,20170828,210047000,3815.0,6930,280230,263942100.0,3815.0,29,3814.0,6
rb1805,20170829,20170828,210047500,3814.0,6980,280240,265849100.0,3814.0,85,3813.0,131
rb1805,20170829,20170828,210048000,3814.0,6984,280240,266001660.0,3814.0,91,3813.0,131
rb1805,20170829,20170828,210048500,3814.0,7074,280250,269433860.0,3814.0,58,3813.0,115
rb1805,20170829,20170828,210049000,3813.0,7084,280250,269815180.0,3814.0,52,3813.0,117
rb1805,20170829,20170828,210049500,3814.0,7086,280250,269891460.0,3814.0,52,3813.0,117
rb1805,20170829,20170828,210050000,3814.0,7108,280270,270730340.0,3814.0,56,3813.0,107
rb1805,20170829,20170828,210050500,3814.0,7162,280270,272789860.0,3814.0,31,3813.0,105
rb1805,20170829,20170828,210051000,3813.0,7174,280280,273247420.0,3814.0,33,3813.0,99
rb1805,20170829,20170828,210051500,3814.0,7176,280280,273323700.0,3814.0,34,3813.0,93
rb1805,20170829,20170828,210052000,3813.0,7228,280314,275306540.0,3814.0,30,3813.0,71
rb1805,20170829,20170828,210052500,3813.0,7260,280322,276526780.0,3814.0,27,3813.0,60
rb1805,20170829,20170828,210053000,3813.0,7298,280326,277975780.0,3814.0,28,3813.0,44
rb1805,20170829,20170828,210053500,3813.0,7314,280336,278585860.0,3814.0,28,3813.0,36
rb1805,20170829,20170828,210054000,3813.0,7338,280344,279501060.0,3814.0,24,3813.0,44
rb1805,20170829,20170828,210054500,3813.0,7364,280354,280492620.0,3814.0,16,3813.0,54
rb1805,20170829,20170828,210055000,3813.0,7372,280360,280797680.0,3814.0,18,3813.0,52
rb1805,20170829,20170828,210055500,3813.0,7406,280386,282094100.0,3814.0,20,3813.0,35
rb1805,20170829,20170828,210056000,3814.0,7412,280388,282322920.0,3814.0,28,3813.0,34
rb1805,20170829,20170828,210056500,3814.0,7414,280388,282399200.0,3814.0,39,3813.0,24
rb1805,20170829,20170828,210057000,3814.0,7576,280486,288577020.0,3815.0,52,3814.0,1
rb1805,20170829,20170828,210057500,3814.0,7578,280488,288653300.0,3814.0,13,3812.0,14
rb1805,20170829,20170828,210058000,3814.0,7598,280500,289416100.0,3814.0,1,3813.0,1
rb1805,20170829,20170828,210058500,3814.0,7598,280500,289416100.0,3814.0,4,3813.0,7
rb1805,20170829,20170828,210059000,3814.0,7616,280514,290102640.0,3815.0,53,3814.0,4
rb1805,20170829,20170828,210059500,3814.0,7628,280512,290560320.0,3814.0,4,3813.0,17
rb1805,20170829,20170828,210100000,3815.0,7638,280510,290941740.0,3815.0,45,3814.0,4
rb1805,20170829,20170828,210100500,3813.0,7714,280502,293840140.0,3813.0,8,3812.0,27
rb1805,20170829,20170828,210101000,3814.0,7758,280512,295518160.0,3815.0,41,3814.0,2
rb1805,20170829,20170828,210101500,3815.0,7810,280550,297501760.0,3815.0,22,3814.0,2
rb1805,20170829,20170828,210102000,3814.0,7824,280554,298035720.0,3815.0,63,3814.0,3
rb1805,20170829,20170828,210102500,3814.0,7876,280582,300018960.0,3814.0,6,3813.0,6
rb1805,20170829,20170828,210103000,3813.0,7900,280562,300934020.0,3813.0,6,3812.0,25
rb1805,20170829,20170828,210103500,3813.0,7904,280562,301086540.0,3813.0,7,3812.0,19
rb1805,20170829,20170828,210104000,3812.0,7968,280534,303526340.0,3812.0,12,3811.0,23
rb1805,20170829,20170828,210104500,3812.0,8034,280524,306041800.0,3812.0,23,3810.0,43
rb1805,20170829,20170828,210105000,3810.0,8068,280530,307337300.0,3811.0,3,3810.0,31
rb1805,20170829,20170828,210105500,3811.0,8082,280528,307870740.0,3811.0,28,3810.0,26
rb1805,20170829,20170828,210106000,3811.0,8090,280530,308175560.0,3811.0,27,3810.0,23
rb1805,20170829,20170828,210106500,3810.0,8100,280538,308556580.0,3811.0,27,3810.0,20
rb1805,20170829,20170828,210107000,3810.0,8122,280560,309394780.0,3811.0,28,3810.0,9
rb1805,20170829,20170828,210107500,3810.0,8126,280562,309547180.0,3811.0,28,3810.0,7
rb1805,20170829,20170828,210108000,3811.0,8152,280586,310537960.0,3811.0,19,3810.0,11
rb1805,20170829,20170828,210108500,3811.0,8254,280678,314425760.0,3811.0,9,3810.0,16
rb1805,20170829,20170828,210109000,3813.0,8330,280740,317322380.0,3813.0,33,3811.0,1
rb1805,20170829,20170828,210109500,3811.0,8332,280742,317398600.0,3812.0,6,3811.0,2
rb1805,20170829,20170828,210110000,3811.0,8366,280764,318694500.0,3813.0,53,3811.0,2
rb1805,20170829,20170828,210110500,3813.0,8388,280784,319533280.0,3813.0,45,3811.0,21
rb1805,20170829,20170828,210111000,3813.0,8438,280800,321439580.0,3813.0,29,3811.0,22
rb1805,20170829,20170828,210111500,3812.0,8448,280806,321820800.0,3812.0,18,3811.0,21
rb1805,20170829,20170828,210112000,3812.0,8450,280806,321897040.0,3812.0,21,3811.0,25
rb1805,20170829,20170828,210112500,3812.0,8452,280808,321973280.0,3812.0,24,3811.0,27
rb1805,20170829,20170828,210113000,3812.0,8548,280844,325632220.0,3812.0,7,3811.0,7
rb1805,20170829,20170828,210113500,3811.0,8550,280842,325708440.0,3812.0,36,3811.0,6
rb1805,20170829,20170828,210114000,3811.0,8604,280840,327766520.0,3812.0,12,3811.0,1
rb1805,20170829,20170828,210114500,3812.0,8626,280826,328605160.0,3813.0,28,3812.0,28
rb1805,20170829,20170828,210115000,3812.0,8684,280788,330816120.0,3812.0,6,3811.0,33
rb1805,20170829,20170828,210115500,3812.0,8702,280794,331502280.0,3812.0,21,3811.0,7
rb1805,20170829,20170828,210116000,3811.0,8706,280794,331654720.0,3811.0,9,3810.0,15
rb1805,20170829,20170828,210116500,3811.0,8716,280792,332035760.0,3811.0,19,3810.0,12
rb1805,20170829,20170828,210117000,3810.0,8742,280810,333026360.0,3810.0,25,3809.0,43
rb1805,20170829,20170828,210117500,3810.0,8746,280810,333178740.0,3811.0,50,3809.0,22
rb1805,20170829,20170828,210118000,3809.0,8830,280874,336379840.0,3810.0,1,3809.0,20
rb1805,20170829,20170828,210118500,3809.0,8844,280882,336913120.0,3811.0,13,3809.0,19
rb1805,20170829,20170828,210119000,3809.0,8848,280886,337065520.0,3811.0,22,3809.0,19
rb1805,20170829,20170828,210119500,3809.0,8854,280886,337294100.0,3811.0,26,3809.0,17
rb1805,20170829,20170828,210120000,3809.0,8854,280886,337294100.0,3810.0,3,3809.0,17
rb1805,20170829,20170828,210120500,3810.0,8856,280888,337370300.0,3810.0,26,3809.0,17
rb1805,20170829,20170828,210121000,3809.0,8862,280886,337598840.0,3810.0,40,3809.0,15
rb1805,20170829,20170828,210121500,3810.0,8894,280896,338817740.0,3810.0,39,3809.0,1
rb1805,20170829,20170828,210122000,3809.0,8914,280908,339579520.0,3809.0,14,3808.0,34
rb1805,20170829,20170828,210122500,3808.0,8938,280918,340493640.0,3810.0,53,3808.0,32
rb1805,20170829,20170828,210123000,3809.0,9010,280974,343235440.0,3809.0,48,3807.0,38
rb1805,20170829,20170828,210123500,3807.0,9014,280974,343387760.0,3808.0,4,3807.0,37
rb1805,20170829,20170828,210124000,3807.0,9028,280970,343920780.0,3808.0,2,3807.0,32
rb1805,20170829,20170828,210124500,3807.0,9038,280974,344301520.0,3808.0,24,3807.0,30
rb1805,20170829,20170828,210125000,3807.0,9040,280972,344377660.0,3808.0,24,3807.0,29
rb1805,20170829,20170828,210125500,3807.0,9052,280972,344834500.0,3808.0,24,3807.0,23
rb1805,20170829,20170828,210126000,3808.0,9068,280982,345443720.0,3808.0,21,3807.0,20
rb1805,20170829,20170828,210126500,3807.0,9104,280976,346814260.0,3808.0,20,3807.0,6
rb1805,20170829,20170828,210127000,3807.0,9110,280978,347042680.0,3808.0,19,3807.0,24
rb1805,20170829,20170828,210127500,3808.0,9114,280976,347194980.0,3808.0,19,3807.0,19
rb1805,20170829,20170828,210128000,3808.0,9136,280970,348032600.0,3808.0,18,3807.0,17
rb1805,20170829,20170828,210128500,3807.0,9194,280974,350240580.0,3807.0,45,3806.0,19
rb1805,20170829,20170828,210129000,3808.0,9328,280962,355342380.0,3807.0,3,3806.0,21
rb1805,20170829,20170828,210129500,3807.0,9340,280958,355799280.0,3808.0,3,3807.0,40
rb1805,20170829,20170828,210130000,3807.0,9354,280956,356332320.0,3808.0,14,3807.0,30
rb1805,20170829,20170828,210130500,3808.0,9360,280950,356560780.0,3808.0,12,3807.0,26
rb1805,20170829,20170828,210131000,3808.0,9368,280950,356865360.0,3808.0,16,3807.0,23
rb1805,20170829,20170828,210131500,3807.0,9374,280948,357093800.0,3808.0,16,3807.0,22
rb1805,20170829,20170828,210132000,3807.0,9434,280918,359378000.0,3807.0,6,3806.0,47
rb1805,20170829,20170828,210132500,3806.0,9440,280918,359606360.0,3807.0,18,3806.0,31
rb1805,20170829,20170828,210133000,3807.0,9464,280918,360520060.0,3808.0,33,3807.0,12
rb1805,20170829,20170828,210133500,3807.0,9534,280890,363185300.0,3808.0,3,3807.0,14
rb1805,20170829,20170828,210134000,3808.0,9550,280894,363794580.0,3809.0,64,3808.0,8
rb1805,20170829,20170828,210134500,3808.0,9552,280896,363870740.0,3809.0,64,3808.0,12
rb1805,20170829,20170828,210135000,3808.0,9572,280908,364632500.0,3809.0,58,3808.0,61
rb1805,20170829,20170828,210135500,3809.0,9594,280928,365470480.0,3809.0,47,3808.0,72
rb1805,20170829,20170828,210136000,3809.0,9698,280970,369431840.0,3810.0,36,3809.0,1
rb1805,20170829,20170828,210136500,3809.0,9702,280966,369584200.0,3810.0,12,3809.0,119
rb1805,20170829,20170828,210137000,3810.0,9730,280956,370651000.0,3811.0,20,3810.0,24
rb1805,20170829,20170828,210137500,3811.0,9748,280962,371336840.0,3811.0,20,3810.0,8
rb1805,20170829,20170828,210138000,3810.0,9756,280962,371641640.0,3811.0,14,3810.0,20
rb1805,20170829,20170828,210138500,3810.0,9756,280962,371641640.0,3811.0,14,3810.0,25
rb1805,20170829,20170828,210139000,3810.0,9758,280964,371717840.0,3811.0,9,3810.0,25
rb1805,20170829,20170828,210139500,3811.0,9772,280970,372251360.0,3811.0,4,3810.0,25
rb1805,20170829,20170828,210140000,3810.0,9782,280964,372632360.0,3811.0,4,3810.0,20
rb1805,20170829,20170828,210140500,3810.0,9784,280962,372708560.0,3811.0,4,3810.0,23
rb1805,20170829,20170828,210141000,3810.0,9784,280962,372708560.0,3811.0,7,3810.0,26
rb1805,20170829,20170828,210141500,3811.0,9812,280966,373775640.0,3812.0,46,3811.0,4
rb1805,20170829,20170828,210142000,3811.0,9820,280968,374080520.0,3811.0,9,3810.0,26
rb1805,20170829,20170828,210142500,3810.0,9822,280968,374156720.0,3811.0,14,3810.0,25
rb1805,20170829,20170828,210143000,3811.0,9824,280968,374232940.0,3811.0,15,3810.0,23
rb1805,20170829,20170828,210143500,3810.0,9840,280968,374842540.0,3811.0,54,3810.0,14
rb1805,20170829,20170828,210144000,3811.0,9888,280960,376671360.0,3811.0,59,3809.0,119
rb1805,20170829,20170828,210144500,3811.0,9888,280960,376671360.0,3810.0,5,3809.0,119
rb1805,20170829,20170828,210145000,3810.0,9892,280956,376823760.0,3810.0,3,3809.0,119
rb1805,20170829,20170828,210145500,3810.0,9904,280950,377280960.0,3810.0,12,3809.0,119
rb1805,20170829,20170828,210146000,3810.0,9930,280954,378271560.0,3811.0,47,3810.0,4
rb1805,20170829,20170828,210146500,3810.0,9932,280954,378347760.0,3811.0,47,3810.0,3
rb1805,20170829,20170828,210147000,3810.0,9938,280948,378576360.0,3811.0,50,3809.0,111
rb1805,20170829,20170828,210147500,3811.0,9960,280926,379414620.0,3810.0,5,3809.0,30
rb1805,20170829,20170828,210148000,3810.0,9976,280920,380024200.0,3810.0,11,3809.0,29
rb1805,20170829,20170828,210148500,3810.0,10016,280932,381548140.0,3810.0,24,3809.0,23
rb1805,20170829,20170828,210149000,3809.0,10018,280932,381624320.0,3810.0,15,3809.0,22
rb1805,20170829,20170828,210149500,3809.0,10022,280932,381776700.0,3810.0,14,3809.0,21
rb1805,20170829,20170828,210150000,3810.0,10034,280936,382233820.0,3810.0,1,3809.0,29
rb1805,20170829,20170828,210150500,3809.0,10052,280936,382919440.0,3810.0,7,3809.0,10
rb1805,20170829,20170828,210151000,3809.0,10074,280934,383757420.0,3809.0,9,3808.0,71
rb1805,20170829,20170828,210151500,3809.0,10076,280936,383833600.0,3809.0,14,3808.0,64
rb1805,20170829,20170828,210152000,3809.0,10076,280936,383833600.0,3809.0,14,3808.0,64
rb1805,20170829,20170828,210152500,3809.0,10084,280928,384138320.0,3809.0,11,3808.0,64
rb1805,20170829,20170828,210153000,3808.0,10108,280928,385052280.0,3809.0,6,3808.0,56
rb1805,20170829,20170828,210153500,3808.0,10108,280928,385052280.0,3809.0,9,3808.0,56
rb1805,20170829,20170828,210154000,3808.0,10112,280930,385204600.0,3809.0,12,3808.0,54
rb1805,20170829,20170828,210154500,3808.0,10116,280932,385356940.0,3809.0,13,3808.0,54
rb1805,20170829,20170828,210155000,3808.0,10180,280952,387794060.0,3809.0,19,3808.0,22
rb1805,20170829,20170828,210155500,3807.0,10244,280996,390231260.0,3808.0,1,3807.0,80
rb1805,20170829,20170828,210156000,3808.0,10248,280998,390383580.0,3808.0,9,3807.0,85
rb1805,20170829,20170828,210156500,3807.0,10250,280998,390459720.0,3808.0,9,3807.0,84
rb1805,20170829,20170828,210157000,3807.0,10268,280980,391144980.0,3808.0,10,3807.0,78
rb1805,20170829,20170828,210157500,3808.0,10272,280980,391297300.0,3808.0,4,3807.0,79
rb1805,20170829,20170828,210158000,3809.0,10282,280982,391678120.0,3809.0,37,3808.0,14
rb1805,20170829,20170828,210158500,3809.0,10282,280982,391678120.0,3809.0,11,3808.0,16
rb1805,20170829,20170828,210159000,3808.0,10302,280982,392439720.0,3809.0,15,3808.0,8
rb1805,20170829,20170828,210159500,3808.0,10304,280984,392515880.0,3809.0,21,3808.0,8
rb1805,20170829,20170828,210200000,3808.0,10304,280984,392515880.0,3809.0,22,3808.0,13
rb1805,20170829,20170828,210200500,3808.0,10304,280984,392515880.0,3809.0,22,3808.0,13
rb1805,20170829,20170828,210201000,3808.0,10330,280976,393505960.0,3809.0,21,3808.0,11
rb1805,20170829,20170828,210201500,3808.0,10364,280980,394800620.0,3808.0,12,3807.0,80
rb1805,20170829,20170828,210202000,3808.0,10364,280980,394800620.0,3808.0,20,3807.0,70
rb1805,20170829,20170828,210202500,3808.0,10404,280994,396323780.0,3808.0,2,3807.0,78
rb1805,20170829,20170828,210203000,3808.0,10408,280994,396476100.0,3809.0,40,3808.0,1
rb1805,20170829,20170828,210203500,3808.0,10420,280988,396933040.0,3808.0,26,3807.0,76
rb1805,20170829,20170828,210204000,3808.0,10424,280988,397085360.0,3808.0,28,3807.0,76
rb1805,20170829,20170828,210204500,3808.0,10468,281010,398760480.0,3808.0,26,3807.0,54
rb1805,20170829,20170828,210205000,3807.0,10496,280986,399826440.0,3808.0,35,3807.0,30
rb1805,20170829,20170828,210205500,3807.0,10576,281064,402872040.0,3807.0,51,3806.0,27
rb1805,20170829,20170828,210206000,3806.0,10674,281082,406601640.0,3806.0,33,3805.0,25
rb1805,20170829,20170828,210206500,3806.0,10736,281076,408960660.0,3806.0,18,3804.0,21
rb1805,20170829,20170828,210207000,3804.0,10740,281072,409112820.0,3805.0,7,3804.0,35
rb1805,20170829,20170828,210207500,3805.0,10782,281054,410710620.0,3805.0,3,3804.0,20
rb1805,20170829,20170828,210208000,3804.0,10822,281024,412232220.0,3804.0,2,3803.0,62
rb1805,20170829,20170828,210208500,3805.0,10872,281024,414134280.0,3805.0,16,3804.0,30
rb1805,20170829,20170828,210209000,3804.0,10904,280998,415351580.0,3805.0,16,3804.0,15
rb1805,20170829,20170828,210209500,3804.0,10904,280998,415351580.0,3805.0,16,3804.0,15
rb1805,20170829,20170828,210210000,3804.0,10934,280972,416492800.0,3805.0,11,3804.0,1
rb1805,20170829,20170828,210210500,3804.0,10938,280974,416644960.0,3805.0,11,3804.0,1
rb1805,20170829,20170828,210211000,3805.0,10978,280948,418166400.0,3805.0,9,3803.0,51
rb1805,20170829,20170828,210211500,3804.0,10984,280952,418394620.0,3804.0,10,3803.0,51
rb1805,20170829,20170828,210212000,3803.0,10992,280944,418698860.0,3804.0,11,3803.0,49
rb1805,20170829,20170828,210212500,3803.0,11002,280938,419079160.0,3804.0,13,3803.0,44
rb1805,20170829,20170828,210213000,3803.0,11002,280938,419079160.0,3804.0,14,3803.0,45
rb1805,20170829,20170828,210213500,3803.0,11054,280896,421057040.0,3805.0,18,3803.0,35
rb1805,20170829,20170828,210214000,3803.0,11076,280894,421893860.0,3805.0,9,3804.0,6
rb1805,20170829,20170828,210214500,3805.0,11120,280914,423568060.0,3806.0,17,3805.0,8
rb1805,20170829,20170828,210215000,3806.0,11158,280910,425014340.0,3807.0,23,3806.0,38
rb1805,20170829,20170828,210215500,3806.0,11230,280920,427755360.0,3807.0,5,3806.0,18
rb1805,20170829,20170828,210216000,3807.0,11246,280910,428364480.0,3808.0,64,3807.0,5
rb1805,20170829,20170828,210216500,3807.0,11260,280896,428897440.0,3807.0,6,3806.0,9
rb1805,20170829,20170828,210217000,3807.0,11280,280878,429658800.0,3808.0,61,3807.0,2
rb1805,20170829,20170828,210217500,3806.0,11288,280874,429963340.0,3807.0,6,3806.0,36
rb1805,20170829,20170828,210218000,3806.0,11304,280862,430572400.0,3807.0,3,3806.0,35
rb1805,20170829,20170828,210218500,3807.0,11308,280862,430724680.0,3807.0,2,3806.0,35
rb1805,20170829,20170828,210219000,3807.0,11318,280862,431105320.0,3807.0,5,3806.0,6
rb1805,20170829,20170828,210219500,3806.0,11334,280854,431714280.0,3806.0,14,3805.0,45
rb1805,20170829,20170828,210220000,3806.0,11334,280854,431714280.0,3806.0,22,3805.0,9
rb1805,20170829,20170828,210220500,3805.0,11364,280858,432855780.0,3805.0,13,3804.0,49
rb1805,20170829,20170828,210221000,3805.0,11368,280862,433007980.0,3805.0,19,3804.0,15
rb1805,20170829,20170828,210221500,3804.0,11398,280860,434149180.0,3805.0,21,3804.0,5
rb1805,20170829,20170828,210222000,3804.0,11416,280860,434833900.0,3804.0,21,3803.0,79
rb1805,20170829,20170828,210222500,3803.0,11440,280870,435746760.0,3804.0,8,3803.0,72
rb1805,20170829,20170828,210223000,3803.0,11452,280866,436203200.0,3804.0,1,3803.0,70
rb1805,20170829,20170828,210223500,3805.0,11456,280866,436355380.0,3805.0,27,3804.0,7
rb1805,20170829,20170828,210224000,3804.0,11460,280866,436507540.0,3805.0,24,3804.0,10
rb1805,20170829,20170828,210224500,3804.0,11470,280868,436887980.0,3805.0,22,3804.0,8
rb1805,20170829,20170828,210225000,3804.0,11476,280866,437116220.0,3805.0,23,3804.0,10
rb1805,20170829,20170828,210225500,3804.0,11486,280866,437496620.0,3805.0,15,3804.0,8
rb1805,20170829,20170828,210226000,3804.0,11488,280864,437572700.0,3805.0,14,3804.0,11
rb1805,20170829,20170828,210226500,3804.0,11492,280864,437724860.0,3805.0,15,3804.0,10
rb1805,20170829,20170828,210227000,3804.0,11510,280862,438409680.0,3805.0,12,3804.0,9
rb1805,20170829,20170828,210227500,3804.0,11520,280862,438790080.0,3805.0,26,3804.0,6
rb1805,20170829,20170828,210228000,3804.0,11534,280870,439322660.0,3805.0,25,3804.0,2
rb1805,20170829,20170828,210228500,3804.0,11536,280872,439398740.0,3805.0,27,3804.0,7
rb1805,20170829,20170828,210229000,3805.0,11540,280874,439550920.0,3805.0,42,3804.0,27
rb1805,20170829,20170828,210229500,3804.0,11558,280858,440235660.0,3805.0,41,3804.0,14
rb1805,20170829,20170828,210230000,3804.0,11602,280832,441909320.0,3804.0,17,3803.0,90
rb1805,20170829,20170828,210230500,3804.0,11632,280850,443050520.0,3805.0,24,3803.0,92
rb1805,20170829,20170828,210231000,3804.0,11632,280850,443050520.0,3804.0,16,3803.0,97
rb1805,20170829,20170828,210231500,3805.0,11682,280826,444952680.0,3806.0,39,3805.0,2
rb1805,20170829,20170828,210232000,3805.0,11686,280828,445104880.0,3806.0,45,3804.0,55
rb1805,20170829,20170828,210232500,3805.0,11690,280828,445257080.0,3806.0,6,3805.0,1
rb1805,20170829,20170828,210233000,3805.0,11692,280828,445333180.0,3806.0,5,3805.0,10
rb1805,20170829,20170828,210233500,3805.0,11702,280824,445713740.0,3806.0,2,3805.0,10
rb1805,20170829,20170828,210234000,3806.0,11710,280816,446018240.0,3807.0,17,3806.0,20
rb1805,20170829,20170828,210234500,3806.0,11744,280808,447312280.0,3807.0,18,3806.0,4
rb1805,20170829,20170828,210235000,3807.0,11782,280808,448758940.0,3808.0,42,3807.0,2
rb1805,20170829,20170828,210235500,3807.0,11784,280808,448835080.0,3808.0,40,3807.0,5
rb1805,20170829,20170828,210236000,3806.0,11786,280808,448911200.0,3808.0,40,3807.0,6
rb1805,20170829,20170828,210236500,3807.0,11792,280808,449139620.0,3808.0,39,3807.0,9
rb1805,20170829,20170828,210237000,3807.0,11794,280808,449215760.0,3808.0,39,3807.0,10
rb1805,20170829,20170828,210237500,3807.0,11794,280808,449215760.0,3808.0,39,3807.0,11
rb1805,20170829,20170828,210238000,3807.0,11800,280810,449444200.0,3808.0,38,3807.0,6
rb1805,20170829,20170828,210238500,3808.0,11804,280814,449596520.0,3808.0,37,3807.0,6
rb1805,20170829,20170828,210239000,3807.0,11818,280822,450129500.0,3807.0,54,3806.0,59
rb1805,20170829,20170828,210239500,3807.0,11908,280912,453555800.0,3807.0,15,3806.0,52
rb1805,20170829,20170828,210240000,3807.0,11948,280922,455078600.0,3808.0,38,3807.0,29
rb1805,20170829,20170828,210240500,3807.0,11948,280922,455078600.0,3808.0,39,3807.0,17
rb1805,20170829,20170828,210241000,3807.0,11950,280922,455154740.0,3808.0,41,3807.0,26
rb1805,20170829,20170828,210241500,3807.0,11952,280924,455230880.0,3808.0,42,3807.0,26
rb1805,20170829,20170828,210242000,3807.0,11952,280924,455230880.0,3808.0,42,3807.0,27
rb1805,20170829,20170828,210242500,3808.0,12036,280992,458429600.0,3809.0,29,3807.0,62
rb1805,20170829,20170828,210243000,3808.0,12042,280992,458658080.0,3809.0,34,3808.0,3
rb1805,20170829,20170828,210243500,3807.0,12096,281028,460714560.0,3808.0,2,3807.0,59
rb1805,20170829,20170828,210244000,3808.0,12102,281028,460943040.0,3809.0,14,3808.0,64
rb1805,20170829,20170828,210244500,3809.0,12140,281028,462390360.0,3810.0,42,3808.0,55
rb1805,20170829,20170828,210245000,3809.0,12140,281028,462390360.0,3810.0,36,3808.0,55
rb1805,20170829,20170828,210245500,3810.0,12148,281036,462695160.0,3810.0,25,3808.0,94
rb1805,20170829,20170828,210246000,3810.0,12204,281012,464828800.0,3811.0,35,3810.0,27
rb1805,20170829,20170828,210246500,3810.0,12210,281008,465057400.0,3811.0,35,3810.0,24
rb1805,20170829,20170828,210247000,3810.0,12234,281004,465971800.0,3811.0,35,3810.0,16
rb1805,20170829,20170828,210247500,3811.0,12272,281034,467419940.0,3811.0,18,3810.0,25
rb1805,20170829,20170828,210248000,3811.0,12312,281060,468944340.0,3812.0,37,3811.0,19
rb1805,20170829,20170828,210248500,3811.0,12342,281086,470087660.0,3812.0,55,3811.0,7
rb1805,20170829,20170828,210249000,3812.0,12360,281102,470773720.0,3812.0,54,3811.0,13
rb1805,20170829,20170828,210249500,3812.0,12360,281102,470773720.0,3812.0,54,3811.0,27
rb1805,20170829,20170828,210250000,3812.0,12384,281116,471688540.0,3812.0,41,3811.0,24
rb1805,20170829,20170828,210250500,3811.0,12406,281108,472527040.0,3812.0,38,3811.0,18
rb1805,20170829,20170828,210251000,3812.0,12410,281108,472679500.0,3812.0,40,3811.0,17
rb1805,20170829,20170828,210251500,3811.0,12414,281108,472831960.0,3812.0,40,3811.0,31
rb1805,20170829,20170828,210252000,3812.0,12422,281116,473136920.0,3812.0,37,3811.0,31
rb1805,20170829,20170828,210252500,3811.0,12486,281132,475576460.0,3812.0,12,3811.0,10
rb1805,20170829,20170828,210253000,3811.0,12520,281140,476872220.0,3811.0,7,3810.0,38
rb1805,20170829,20170828,210253500,3811.0,12536,281146,477481980.0,3812.0,20,3811.0,3
rb1805,20170829,20170828,210254000,3812.0,12598,281160,479845500.0,3812.0,1,3811.0,7
rb1805,20170829,20170828,210254500,3811.0,12604,281158,480074160.0,3812.0,12,3811.0,4
rb1805,20170829,20170828,210255000,3811.0,12622,281140,480760140.0,3811.0,9,3810.0,37
rb1805,20170829,20170828,210255500,3811.0,12632,281140,481141240.0,3811.0,4,3810.0,37
rb1805,20170829,20170828,210256000,3811.0,12644,281128,481598560.0,3812.0,20,3811.0,4
rb1805,20170829,20170828,210256500,3811.0,12654,281122,481979680.0,3812.0,20,3810.0,29
rb1805,20170829,20170828,210257000,3811.0,12658,281122,482132120.0,3812.0,21,3811.0,4
rb1805,20170829,20170828,210257500,3812.0,12660,281124,482208360.0,3812.0,28,3811.0,5
rb1805,20170829,20170828,210258000,3811.0,12662,281126,482284580.0,3812.0,30,3811.0,5
rb1805,20170829,20170828,210258500,3811.0,12664,281128,482360800.0,3812.0,32,3811.0,4
rb1805,20170829,20170828,210259000,3812.0,12666,281130,482437040.0,3812.0,31,3811.0,5
rb1805,20170829,20170828,210259500,3811.0,12690,281134,483351900.0,3812.0,21,3811.0,4
rb1805,20170829,20170828,210300000,3811.0,12698,281138,483656780.0,3812.0,22,3811.0,4
rb1805,20170829,20170828,210300500,3811.0,12702,281136,483809220.0,3812.0,22,3811.0,3
rb1805,20170829,20170828,210301000,3811.0,12776,281162,486629360.0,3811.0,24,3810.0,16
rb1805,20170829,20170828,210301500,3811.0,12784,281158,486934200.0,3811.0,21,3810.0,7
rb1805,20170829,20170828,210302000,3811.0,12784,281158,486934200.0,3811.0,23,3810.0,14
rb1805,20170829,20170828,210302500,3810.0,12812,281154,488001000.0,3811.0,24,3809.0,43
rb1805,20170829,20170828,210303000,3810.0,12814,281156,488077200.0,3810.0,5,3809.0,33
rb1805,20170829,20170828,210303500,3811.0,12828,281164,488610620.0,3811.0,50,3809.0,26
rb1805,20170829,20170828,210304000,3811.0,12828,281164,488610620.0,3811.0,50,3809.0,23
rb1805,20170829,20170828,210304500,3811.0,12840,281156,489067820.0,3811.0,48,3809.0,23
rb1805,20170829,20170828,210305000,3809.0,12842,281154,489144000.0,3811.0,47,3809.0,22
rb1805,20170829,20170828,210305500,3809.0,12842,281154,489144000.0,3811.0,48,3810.0,10
rb1805,20170829,20170828,210306000,3810.0,12882,281164,490668000.0,3810.0,5,3809.0,25
rb1805,20170829,20170828,210306500,3810.0,12882,281164,490668000.0,3811.0,48,3809.0,27
rb1805,20170829,20170828,210307000,3810.0,12886,281162,490820400.0,3811.0,45,3810.0,8
rb1805,20170829,20170828,210307500,3810.0,12902,281156,491430000.0,3810.0,16,3809.0,17
rb1805,20170829,20170828,210308000,3811.0,12962,281156,493716280.0,3811.0,32,3809.0,17
rb1805,20170829,20170828,210308500,3811.0,12962,281156,493716280.0,3811.0,32,3809.0,17
rb1805,20170829,20170828,210309000,3811.0,12964,281156,493792500.0,3811.0,32,3809.0,18
rb1805,20170829,20170828,210309500,3811.0,12964,281156,493792500.0,3811.0,42,3809.0,17
rb1805,20170829,20170828,210310000,3810.0,12966,281156,493868700.0,3810.0,46,3809.0,17
rb1805,20170829,20170828,210310500,3809.0,13012,281170,495620840.0,3809.0,52,3808.0,38
rb1805,20170829,20170828,210311000,3809.0,13018,281176,495849380.0,3809.0,49,3808.0,32
rb1805,20170829,20170828,210311500,3809.0,13018,281176,495849380.0,3809.0,50,3808.0,33
rb1805,20170829,20170828,210312000,3809.0,13020,281176,495925560.0,3809.0,49,3808.0,31
rb1805,20170829,20170828,210312500,3809.0,13084,281160,498362700.0,3809.0,48,3808.0,1
rb1805,20170829,20170828,210313000,3808.0,13090,281164,498591180.0,3809.0,48,3808.0,1
rb1805,20170829,20170828,210313500,3809.0,13192,281252,502476300.0,3810.0,62,3809.0,52
rb1805,20170829,20170828,210314000,3808.0,13302,281314,506666160.0,3809.0,6,3807.0,38
rb1805,20170829,20170828,210314500,3808.0,13306,281316,506818500.0,3809.0,6,3807.0,39
rb1805,20170829,20170828,210315000,3809.0,13308,281318,506894680.0,3809.0,6,3807.0,39
rb1805,20170829,20170828,210315500,3809.0,13308,281318,506894680.0,3809.0,16,3808.0,1
rb1805,20170829,20170828,210316000,3808.0,13310,281318,506970840.0,3809.0,6,3808.0,1
rb1805,20170829,20170828,210316500,3807.0,13314,281318,507123140.0,3809.0,8,3807.0,37
rb1805,20170829,20170828,210317000,3807.0,13314,281318,507123140.0,3809.0,8,3807.0,30
rb1805,20170829,20170828,210317500,3807.0,13314,281318,507123140.0,3809.0,8,3808.0,1
rb1805,20170829,20170828,210318000,3808.0,13316,281320,507199300.0,3808.0,5,3807.0,30
rb1805,20170829,20170828,210318500,3808.0,13316,281320,507199300.0,3808.0,5,3807.0,30
rb1805,20170829,20170828,210319000,3808.0,13336,281338,507960920.0,3809.0,11,3808.0,1
rb1805,20170829,20170828,210319500,3808.0,13340,281340,508113260.0,3809.0,23,3807.0,31
rb1805,20170829,20170828,210320000,3807.0,13342,281340,508189400.0,3808.0,11,3807.0,12
rb1805,20170829,20170828,210320500,3807.0,13342,281340,508189400.0,3808.0,12,3807.0,12
rb1805,20170829,20170828,210321000,3808.0,13346,281342,508341720.0,3809.0,14,3808.0,3
rb1805,20170829,20170828,210321500,3808.0,13346,281342,508341720.0,3809.0,26,3808.0,3
rb1805,20170829,20170828,210322000,3809.0,13358,281354,508798800.0,3809.0,10,3808.0,14
rb1805,20170829,20170828,210322500,3808.0,13364,281358,509027320.0,3809.0,6,3808.0,30
rb1805,20170829,20170828,210323000,3808.0,13368,281360,509179640.0,3809.0,16,3808.0,29
rb1805,20170829,20170828,210323500,3809.0,13374,281360,509408140.0,3809.0,6,3808.0,28
rb1805,20170829,20170828,210324000,3808.0,13378,281356,509560460.0,3809.0,6,3808.0,23
rb1805,20170829,20170828,210324500,3808.0,13382,281356,509712780.0,3809.0,6,3808.0,22
rb1805,20170829,20170828,210325000,3809.0,13384,281356,509788960.0,3809.0,18,3808.0,16
rb1805,20170829,20170828,210325500,3809.0,13384,281356,509788960.0,3809.0,9,3808.0,17
rb1805,20170829,20170828,210326000,3808.0,13414,281366,510931620.0,3809.0,11,3808.0,15
rb1805,20170829,20170828,210326500,3808.0,13416,281366,511007780.0,3809.0,11,3808.0,15
rb1805,20170829,20170828,210327000,3808.0,13444,281354,512074020.0,3809.0,11,3808.0,10
rb1805,20170829,20170828,210327500,3808.0,13446,281356,512150180.0,3809.0,11,3808.0,3
rb1805,20170829,20170828,210328000,3808.0,13450,281358,512302520.0,3809.0,10,3808.0,2
rb1805,20170829,20170828,210328500,3808.0,13458,281362,512607160.0,3809.0,10,3808.0,6
rb1805,20170829,20170828,210329000,3808.0,13458,281362,512607160.0,3809.0,10,3808.0,13
rb1805,20170829,20170828,210329500,3809.0,13490,281372,513825740.0,3808.0,1,3807.0,49
rb1805,20170829,20170828,210330000,3808.0,13492,281372,513901900.0,3809.0,11,3808.0,6
rb1805,20170829,20170828,210330500,3808.0,13492,281372,513901900.0,3809.0,11,3808.0,10
rb1805,20170829,20170828,210331000,3808.0,13508,281368,514511260.0,3808.0,16,3807.0,51
rb1805,20170829,20170828,210331500,3808.0,13542,281334,515805980.0,3809.0,7,3808.0,11
rb1805,20170829,20170828,210332000,3808.0,13542,281334,515805980.0,3809.0,13,3808.0,13
rb1805,20170829,20170828,210332500,3808.0,13546,281332,515958300.0,3809.0,8,3808.0,11
rb1805,20170829,20170828,210333000,3809.0,13552,281326,516186800.0,3809.0,7,3808.0,15
rb1805,20170829,20170828,210333500,3809.0,13552,281326,516186800.0,3809.0,7,3808.0,15
rb1805,20170829,20170828,210334000,3808.0,13556,281322,516339120.0,3809.0,7,3808.0,15
rb1805,20170829,20170828,210334500,3808.0,13614,281338,518547960.0,3808.0,29,3807.0,48
rb1805,20170829,20170828,210335000,3809.0,13674,281394,520832780.0,3810.0,69,3808.0,108
rb1805,20170829,20170828,210335500,3808.0,13794,281364,525402380.0,3810.0,69,3808.0,14
rb1805,20170829,20170828,210336000,3808.0,13794,281364,525402380.0,3810.0,72,3809.0,1
rb1805,20170829,20170828,210336500,3808.0,13794,281364,525402380.0,3810.0,28,3809.0,21
rb1805,20170829,20170828,210337000,3808.0,13794,281364,525402380.0,3810.0,28,3809.0,21
rb1805,20170829,20170828,210337500,3809.0,13796,281364,525478560.0,3810.0,28,3809.0,20
rb1805,20170829,20170828,210338000,3809.0,13796,281364,525478560.0,3810.0,28,3809.0,20
rb1805,20170829,20170828,210338500,3809.0,13798,281364,525554740.0,3810.0,28,3809.0,19
rb1805,20170829,20170828,210339000,3809.0,13798,281364,525554740.0,3810.0,39,3809.0,19
rb1805,20170829,20170828,210339500,3810.0,13810,281376,526011880.0,3810.0,26,3809.0,16
rb1805,20170829,20170828,210340000,3810.0,13810,281376,526011880.0,3810.0,26,3809.0,16
rb1805,20170829,20170828,210340500,3810.0,13832,281380,526850060.0,3810.0,16,3809.0,15
rb1805,20170829,20170828,210341000,3810.0,13832,281380,526850060.0,3810.0,16,3809.0,21
rb1805,20170829,20170828,210341500,3810.0,13842,281376,527231060.0,3810.0,11,3809.0,21
rb1805,20170829,20170828,210342000,3809.0,13846,281380,527383440.0,3810.0,10,3809.0,20
rb1805,20170829,20170828,210342500,3809.0,13846,281380,527383440.0,3810.0,11,3809.0,20
rb1805,20170829,20170828,210343000,3809.0,13870,281394,528297800.0,3810.0,2,3809.0,18
rb1805,20170829,20170828,210343500,3809.0,13884,281394,528831140.0,3810.0,8,3809.0,15
rb1805,20170829,20170828,210344000,3809.0,13886,281392,528907320.0,3811.0,67,3810.0,16
rb1805,20170829,20170828,210344500,3809.0,13886,281392,528907320.0,3811.0,75,3810.0,16
rb1805,20170829,20170828,210345000,3809.0,13886,281392,528907320.0,3811.0,75,3810.0,17
rb1805,20170829,20170828,210345500,3810.0,13888,281392,528983520.0,3811.0,75,3810.0,17
rb1805,20170829,20170828,210346000,3810.0,13888,281392,528983520.0,3811.0,75,3810.0,17
rb1805,20170829,20170828,210346500,3810.0,13890,281392,529059720.0,3811.0,47,3810.0,24
rb1805,20170829,20170828,210347000,3811.0,13898,281392,529364560.0,3811.0,45,3810.0,22
rb1805,20170829,20170828,210347500,3810.0,13990,281394,532870660.0,3812.0,71,3810.0,21
rb1805,20170829,20170828,210348000,3811.0,14012,281376,533709280.0,3812.0,41,3811.0,17
rb1805,20170829,20170828,210348500,3811.0,14012,281376,533709280.0,3812.0,41,3811.0,18
rb1805,20170829,20170828,210349000,3811.0,14016,281376,533861740.0,3812.0,40,3811.0,18
rb1805,20170829,20170828,210349500,3812.0,14018,281376,533937980.0,3812.0,39,3811.0,18
rb1805,20170829,20170828,210350000,3812.0,14040,281388,534776620.0,3812.0,28,3811.0,16
rb1805,20170829,20170828,210350500,3812.0,14076,281394,536148940.0,3812.0,10,3811.0,18
rb1805,20170829,20170828,210351000,3813.0,14098,281402,536987600.0,3813.0,34,3812.0,34
rb1805,20170829,20170828,210351500,3812.0,14146,281390,538817540.0,3813.0,33,3812.0,13
rb1805,20170829,20170828,210352000,3813.0,14162,281392,539427540.0,3813.0,43,3812.0,9
rb1805,20170829,20170828,210352500,3812.0,14192,281378,540571140.0,3812.0,22,3811.0,15
rb1805,20170829,20170828,210353000,3812.0,14192,281378,540571140.0,3813.0,43,3812.0,1
rb1805,20170829,20170828,210353500,3812.0,14194,281378,540647380.0,3813.0,43,3811.0,15
rb1805,20170829,20170828,210354000,3812.0,14194,281378,540647380.0,3813.0,45,3811.0,15
rb1805,20170829,20170828,210354500,3812.0,14196,281376,540723620.0,3812.0,21,3811.0,25
rb1805,20170829,20170828,210355000,3812.0,14198,281376,540799860.0,3812.0,23,3811.0,25
rb1805,20170829,20170828,210355500,3812.0,14206,281374,541104820.0,3812.0,19,3811.0,25
rb1805,20170829,20170828,210356000,3812.0,14216,281374,541486020.0,3812.0,15,3811.0,25
rb1805,20170829,20170828,210356500,3812.0,14232,281374,542095940.0,3812.0,9,3811.0,25
rb1805,20170829,20170828,210357000,3812.0,14252,281356,542858340.0,3813.0,48,3812.0,42
rb1805,20170829,20170828,210357500,3812.0,14252,281356,542858340.0,3813.0,43,3812.0,58
rb1805,20170829,20170828,210358000,3812.0,14252,281356,542858340.0,3813.0,44,3812.0,58
rb1805,20170829,20170828,210358500,3812.0,14252,281356,542858340.0,3813.0,44,3812.0,70
rb1805,20170829,20170828,210359000,3812.0,14278,281356,543849680.0,3813.0,34,3812.0,68
rb1805,20170829,20170828,210359500,3813.0,14370,281366,547357640.0,3814.0,40,3813.0,24
rb1805,20170829,20170828,210400000,3813.0,14378,281372,547662680.0,3814.0,40,3813.0,42
rb1805,20170829,20170828,210400500,3815.0,14440,281422,550027180.0,3815.0,93,3814.0,72
rb1805,20170829,20170828,210401000,3815.0,14486,281438,551782060.0,3815.0,71,3814.0,71
rb1805,20170829,20170828,210401500,3815.0,14510,281442,552697660.0,3815.0,60,3814.0,71
rb1805,20170829,20170828,210402000,3815.0,14520,281448,553079160.0,3815.0,55,3814.0,71
rb1805,20170829,20170828,210402500,3815.0,14528,281454,553384340.0,3815.0,54,3814.0,70
rb1805,20170829,20170828,210403000,3815.0,14550,281454,554223640.0,3815.0,43,3814.0,70
rb1805,20170829,20170828,210403500,3815.0,14640,281476,557657160.0,3816.0,34,3815.0,76
rb1805,20170829,20170828,210404000,3817.0,14752,281566,561931520.0,3817.0,54,3815.0,69
rb1805,20170829,20170828,210404500,3817.0,14794,281594,563534100.0,3817.0,49,3816.0,8
rb1805,20170829,20170828,210405000,3816.0,14870,281590,566434240.0,3817.0,52,3816.0,20
rb1805,20170829,20170828,210405500,3817.0,14878,281594,566739580.0,3817.0,46,3816.0,23
rb1805,20170829,20170828,210406000,3817.0,14892,281592,567273880.0,3817.0,43,3816.0,24
rb1805,20170829,20170828,210406500,3817.0,14908,281600,567884580.0,3817.0,40,3816.0,18
rb1805,20170829,20170828,210407000,3817.0,14920,281600,568342580.0,3817.0,36,3816.0,15
rb1805,20170829,20170828,210407500,3817.0,14934,281600,568876940.0,3817.0,31,3816.0,14
rb1805,20170829,20170828,210408000,3817.0,14958,281624,569793020.0,3817.0,26,3816.0,14
rb1805,20170829,20170828,210408500,3816.0,14982,281640,570709040.0,3817.0,31,3816.0,9
rb1805,20170829,20170828,210409000,3817.0,15012,281644,571854120.0,3817.0,50,3816.0,11
rb1805,20170829,20170828,210409500,3816.0,15038,281662,572846360.0,3817.0,47,3816.0,2
rb1805,20170829,20170828,210410000,3817.0,15062,281680,573762420.0,3817.0,38,3816.0,16
rb1805,20170829,20170828,210410500,3816.0,15150,281708,577121340.0,3817.0,1,3816.0,45
rb1805,20170829,20170828,210411000,3817.0,15262,281730,581396860.0,3818.0,32,3817.0,5
rb1805,20170829,20170828,210411500,3817.0,15268,281730,581625900.0,3818.0,31,3817.0,10
rb1805,20170829,20170828,210412000,3818.0,15300,281734,582847540.0,3818.0,21,3817.0,11
rb1805,20170829,20170828,210412500,3818.0,15334,281726,584145560.0,3818.0,10,3817.0,19
rb1805,20170829,20170828,210413000,3817.0,15382,281736,585977840.0,3818.0,4,3817.0,2
rb1805,20170829,20170828,210413500,3817.0,15418,281732,587352080.0,3819.0,110,3818.0,7
rb1805,20170829,20170828,210414000,3817.0,15440,281720,588192000.0,3817.0,40,3816.0,46
rb1805,20170829,20170828,210414500,3817.0,15586,281714,593764920.0,3818.0,60,3817.0,5
rb1805,20170829,20170828,210415000,3818.0,15588,281714,593841280.0,3818.0,60,3817.0,13
rb1805,20170829,20170828,210415500,3818.0,15644,281678,595979060.0,3818.0,49,3817.0,1
rb1805,20170829,20170828,210416000,3818.0,15650,281676,596208140.0,3818.0,48,3817.0,3
rb1805,20170829,20170828,210416500,3818.0,15670,281664,596971580.0,3818.0,54,3817.0,5
rb1805,20170829,20170828,210417000,3817.0,15692,281674,597811320.0,3817.0,1,3816.0,33
rb1805,20170829,20170828,210417500,3816.0,15826,281768,602925040.0,3816.0,438,3815.0,43
rb1805,20170829,20170828,210418000,3816.0,15844,281772,603611840.0,3816.0,434,3815.0,41
rb1805,20170829,20170828,210418500,3816.0,15874,281766,604756460.0,3816.0,429,3815.0,32
rb1805,20170829,20170828,210419000,3816.0,15912,281794,606206320.0,3816.0,424,3815.0,21
rb1805,20170829,20170828,210419500,3815.0,15944,281812,607427320.0,3816.0,414,3815.0,16
rb1805,20170829,20170828,210420000,3816.0,15954,281818,607808840.0,3816.0,413,3815.0,12
rb1805,20170829,20170828,210420500,3816.0,15960,281822,608037760.0,3816.0,413,3815.0,10
rb1805,20170829,20170828,210421000,3815.0,15980,281814,608800760.0,3815.0,3,3814.0,86
rb1805,20170829,20170828,210421500,3815.0,16080,281818,612616580.0,3816.0,372,3815.0,2
rb1805,20170829,20170828,210422000,3815.0,16124,281840,614295180.0,3815.0,24,3814.0,86
rb1805,20170829,20170828,210422500,3815.0,16294,281940,620779280.0,3816.0,378,3815.0,49
rb1805,20170829,20170828,210423000,3814.0,16410,282032,625204500.0,3814.0,27,3813.0,15
rb1805,20170829,20170828,210423500,3813.0,16530,281962,629780100.0,3813.0,2,3812.0,7
rb1805,20170829,20170828,210424000,3812.0,16550,281958,630542500.0,3812.0,1,3811.0,23
rb1805,20170829,20170828,210424500,3812.0,16562,281958,630999880.0,3812.0,2,3811.0,1
rb1805,20170829,20170828,210425000,3812.0,16576,281970,631533540.0,3813.0,58,3812.0,2
rb1805,20170829,20170828,210425500,3812.0,16590,281972,632067240.0,3812.0,5,3810.0,92
rb1805,20170829,20170828,210426000,3812.0,16596,281972,632295960.0,3812.0,2,3811.0,15
rb1805,20170829,20170828,210426500,3812.0,16626,281984,633439740.0,3813.0,49,3811.0,26
rb1805,20170829,20170828,210427000,3811.0,16628,281984,633515960.0,3813.0,52,3812.0,1
rb1805,20170829,20170828,210427500,3812.0,16634,281990,633744680.0,3813.0,52,3812.0,13
rb1805,20170829,20170828,210428000,3813.0,16636,281990,633820940.0,3813.0,51,3812.0,13
rb1805,20170829,20170828,210428500,3812.0,16640,281994,633973420.0,3813.0,30,3812.0,13
rb1805,20170829,20170828,210429000,3813.0,16642,281994,634049680.0,3813.0,26,3812.0,13
rb1805,20170829,20170828,210429500,3813.0,16760,281948,638549020.0,3814.0,41,3813.0,35
rb1805,20170829,20170828,210430000,3812.0,16858,281962,642285500.0,3812.0,1,3811.0,17
rb1805,20170829,20170828,210430500,3813.0,16862,281964,642438000.0,3814.0,39,3813.0,1
rb1805,20170829,20170828,210431000,3814.0,16868,281966,642666800.0,3813.0,1,3812.0,5
rb1805,20170829,20170828,210431500,3813.0,16884,281968,643276900.0,3814.0,35,3812.0,10
rb1805,20170829,20170828,210432000,3812.0,16886,281966,643353140.0,3813.0,21,3812.0,9
rb1805,20170829,20170828,210432500,3813.0,16888,281966,643429400.0,3813.0,34,3812.0,16
rb1805,20170829,20170828,210433000,3812.0,16932,281964,645106680.0,3812.0,26,3811.0,64
rb1805,20170829,20170828,210433500,3812.0,16990,282010,647317620.0,3812.0,7,3811.0,82
rb1805,20170829,20170828,210434000,3811.0,17030,281992,648842280.0,3813.0,38,3811.0,63
rb1805,20170829,20170828,210434500,3812.0,17052,281982,649681120.0,3813.0,37,3812.0,1
rb1805,20170829,20170828,210435000,3812.0,17058,281980,649909840.0,3812.0,1,3811.0,142
rb1805,20170829,20170828,210435500,3812.0,17060,281980,649986080.0,3813.0,29,3812.0,6
rb1805,20170829,20170828,210436000,3813.0,17064,281978,650138580.0,3813.0,29,3812.0,6
rb1805,20170829,20170828,210436500,3813.0,17064,281978,650138580.0,3813.0,29,3812.0,8
rb1805,20170829,20170828,210437000,3812.0,17066,281978,650214820.0,3813.0,30,3812.0,41
rb1805,20170829,20170828,210437500,3812.0,17066,281978,650214820.0,3813.0,18,3812.0,47
rb1805,20170829,20170828,210438000,3812.0,17070,281978,650367300.0,3813.0,18,3812.0,47
rb1805,20170829,20170828,210438500,3812.0,17096,281970,651358420.0,3813.0,19,3812.0,34
rb1805,20170829,20170828,210439000,3813.0,17102,281966,651587180.0,3813.0,17,3812.0,33
rb1805,20170829,20170828,210439500,3812.0,17174,282012,654331800.0,3812.0,6,3811.0,132
rb1805,20170829,20170828,210440000,3813.0,17190,282022,654941760.0,3813.0,19,3812.0,39
rb1805,20170829,20170828,210440500,3813.0,17220,282042,656085660.0,3814.0,18,3812.0,40
rb1805,20170829,20170828,210441000,3814.0,17228,282048,656390760.0,3814.0,26,3813.0,19
rb1805,20170829,20170828,210441500,3813.0,17242,282038,656924580.0,3814.0,31,3813.0,12
rb1805,20170829,20170828,210442000,3813.0,17268,282026,657915960.0,3813.0,26,3812.0,48
rb1805,20170829,20170828,210442500,3813.0,17270,282028,657992220.0,3813.0,26,3812.0,55
rb1805,20170829,20170828,210443000,3813.0,17278,282030,658297240.0,3813.0,35,3812.0,49
rb1805,20170829,20170828,210443500,3813.0,17278,282030,658297240.0,3813.0,31,3812.0,51
rb1805,20170829,20170828,210444000,3812.0,17298,282050,659059640.0,3813.0,35,3812.0,43
rb1805,20170829,20170828,210444500,3812.0,17378,282036,662109240.0,3812.0,61,3811.0,134
rb1805,20170829,20170828,210445000,3812.0,17398,282034,662871460.0,3812.0,41,3811.0,125
rb1805,20170829,20170828,210445500,3812.0,17398,282034,662871460.0,3812.0,44,3811.0,125
rb1805,20170829,20170828,210446000,3812.0,17398,282034,662871460.0,3812.0,44,3811.0,126
rb1805,20170829,20170828,210446500,3812.0,17410,282026,663328800.0,3812.0,43,3811.0,121
rb1805,20170829,20170828,210447000,3812.0,17410,282026,663328800.0,3812.0,43,3811.0,121
rb1805,20170829,20170828,210447500,3812.0,17420,282026,663710000.0,3812.0,39,3811.0,124
rb1805,20170829,20170828,210448000,3812.0,17448,282036,664777340.0,3812.0,24,3811.0,133
rb1805,20170829,20170828,210448500,3812.0,17468,282034,665539740.0,3812.0,19,3811.0,133
rb1805,20170829,20170828,210449000,3812.0,17468,282034,665539740.0,3812.0,24,3811.0,133
rb1805,20170829,20170828,210449500,3813.0,17534,282022,668055640.0,3813.0,44,3811.0,129
rb1805,20170829,20170828,210450000,3811.0,17544,282022,668436840.0,3813.0,66,3811.0,132
rb1805,20170829,20170828,210450500,3811.0,17544,282022,668436840.0,3813.0,60,3812.0,1
rb1805,20170829,20170828,210451000,3811.0,17558,282010,668970380.0,3813.0,54,3812.0,1
rb1805,20170829,20170828,210451500,3811.0,17558,282010,668970380.0,3813.0,54,3812.0,39
rb1805,20170829,20170828,210452000,3813.0,17658,282018,672783380.0,3813.0,4,3812.0,63
rb1805,20170829,20170828,210452500,3813.0,17676,282002,673469720.0,3814.0,22,3813.0,23
rb1805,20170829,20170828,210453000,3813.0,17682,282004,673698540.0,3814.0,13,3813.0,34
rb1805,20170829,20170828,210453500,3814.0,17720,282038,675147860.0,3815.0,41,3814.0,18
rb1805,20170829,20170828,210454000,3815.0,17748,282038,676216060.0,3815.0,24,3814.0,2
rb1805,20170829,20170828,210454500,3814.0,17752,282038,676368620.0,3815.0,24,3814.0,14
rb1805,20170829,20170828,210455000,3815.0,17772,282020,677131620.0,3815.0,14,3814.0,14
rb1805,20170829,20170828,210455500,3814.0,17786,282016,677665700.0,3815.0,8,3814.0,29
rb1805,20170829,20170828,210456000,3814.0,17864,282066,680641320.0,3816.0,404,3814.0,25
rb1805,20170829,20170828,210456500,3814.0,17866,282064,680717600.0,3815.0,14,3814.0,18
rb1805,20170829,20170828,210457000,3814.0,17866,282064,680717600.0,3815.0,15,3814.0,28
rb1805,20170829,20170828,210457500,3814.0,17872,282062,680946480.0,3815.0,15,3814.0,28
rb1805,20170829,20170828,210458000,3814.0,17872,282062,680946480.0,3815.0,17,3814.0,28
rb1805,20170829,20170828,210458500,3814.0,17882,282052,681327880.0,3815.0,20,3814.0,23
rb1805,20170829,20170828,210459000,3815.0,17922,282052,682853880.0,3816.0,404,3815.0,13
rb1805,20170829,20170828,210459500,3815.0,17924,282052,682930180.0,3816.0,398,3815.0,13
rb1805,20170829,20170828,210500000,3815.0,17946,282052,683769480.0,3816.0,388,3815.0,4
rb1805,20170829,20170828,210500500,3815.0,17998,282086,685753260.0,3815.0,37,3814.0,34
rb1805,20170829,20170828,210501000,3815.0,18402,282410,701168940.0,3816.0,234,3815.0,105
rb1805,20170829,20170828,210501500,3815.0,18522,282436,705748020.0,3816.0,180,3815.0,79
rb1805,20170829,20170828,210502000,3816.0,18640,282510,710250340.0,3816.0,149,3815.0,52
rb1805,20170829,20170828,210502500,3816.0,18782,282634,715668880.0,3816.0,88,3815.0,73
rb1805,20170829,20170828,210503000,3816.0,18928,282700,721239700.0,3816.0,42,3815.0,13
rb1805,20170829,20170828,210503500,3816.0,18936,282706,721544980.0,3816.0,38,3815.0,25
rb1805,20170829,20170828,210504000,3816.0,18940,282710,721697620.0,3816.0,36,3815.0,42
rb1805,20170829,20170828,210504500,3815.0,19020,282760,724749900.0,3816.0,22,3815.0,22
rb1805,20170829,20170828,210505000,3816.0,19022,282762,724826220.0,3816.0,21,3815.0,23
rb1805,20170829,20170828,210505500,3815.0,19036,282766,725360340.0,3816.0,20,3815.0,18
rb1805,20170829,20170828,210506000,3816.0,19038,282768,725436660.0,3816.0,19,3815.0,18
rb1805,20170829,20170828,210506500,3815.0,19074,282798,726810060.0,3815.0,15,3814.0,34
rb1805,20170829,20170828,210507000,3815.0,19086,282798,727267840.0,3815.0,15,3814.0,32
rb1805,20170829,20170828,210507500,3815.0,19122,282800,728641220.0,3816.0,19,3815.0,1
rb1805,20170829,20170828,210508000,3814.0,19182,282848,730929680.0,3815.0,70,3814.0,4
rb1805,20170829,20170828,210508500,3815.0,19184,282848,731005980.0,3815.0,69,3814.0,4
rb1805,20170829,20170828,210509000,3815.0,19318,282760,736118080.0,3816.0,20,3815.0,3
rb1805,20170829,20170828,210509500,3814.0,19370,282810,738101540.0,3816.0,31,3813.0,65
rb1805,20170829,20170828,210510000,3815.0,19372,282810,738177840.0,3815.0,9,3814.0,9
rb1805,20170829,20170828,210510500,3815.0,19394,282794,739017140.0,3816.0,32,3815.0,8
rb1805,20170829,20170828,210511000,3814.0,19430,282822,740390240.0,3814.0,8,3813.0,74
rb1805,20170829,20170828,210511500,3816.0,19528,282884,744129580.0,3817.0,74,3816.0,5
rb1805,20170829,20170828,210512000,3816.0,19556,282882,745198240.0,3817.0,65,3816.0,5
rb1805,20170829,20170828,210512500,3817.0,19692,282880,750389300.0,3818.0,47,3817.0,3
rb1805,20170829,20170828,210513000,3816.0,19740,282848,752221440.0,3817.0,2,3816.0,23
rb1805,20170829,20170828,210513500,3816.0,19740,282848,752221440.0,3817.0,2,3816.0,26
rb1805,20170829,20170828,210514000,3817.0,19746,282848,752450440.0,3818.0,62,3817.0,3
rb1805,20170829,20170828,210514500,3816.0,19762,282860,753061060.0,3818.0,47,3816.0,27
rb1805,20170829,20170828,210515000,3817.0,19770,282860,753366420.0,3817.0,1,3816.0,27
rb1805,20170829,20170828,210515500,3817.0,19770,282860,753366420.0,3817.0,1,3816.0,28
rb1805,20170829,20170828,210516000,3817.0,19774,282860,753519080.0,3817.0,10,3816.0,22
rb1805,20170829,20170828,210516500,3818.0,19906,282784,758558600.0,3819.0,68,3818.0,136
rb1805,20170829,20170828,210517000,3817.0,20252,282688,771768140.0,3818.0,118,3817.0,10
rb1805,20170829,20170828,210517500,3817.0,20276,282686,772684220.0,3817.0,20,3816.0,23
rb1805,20170829,20170828,210518000,3817.0,20300,282690,773600300.0,3817.0,11,3816.0,25
rb1805,20170829,20170828,210518500,3817.0,20314,282700,774134660.0,3817.0,3,3816.0,24
rb1805,20170829,20170828,210519000,3817.0,20320,282706,774363660.0,3817.0,2,3816.0,24
rb1805,20170829,20170828,210519500,3817.0,20328,282702,774669000.0,3817.0,6,3816.0,31
rb1805,20170829,20170828,210520000,3817.0,20336,282702,774974360.0,3817.0,7,3816.0,31
rb1805,20170829,20170828,210520500,3817.0,20340,282704,775127040.0,3818.0,59,3817.0,16
rb1805,20170829,20170828,210521000,3817.0,20372,282706,776348480.0,3817.0,25,3816.0,29
rb1805,20170829,20170828,210521500,3817.0,20380,282706,776653840.0,3817.0,22,3816.0,29
rb1805,20170829,20170828,210522000,3817.0,20382,282706,776730180.0,3817.0,21,3816.0,36
rb1805,20170829,20170828,210522500,3817.0,20424,282704,778333320.0,3818.0,62,3817.0,11
rb1805,20170829,20170828,210523000,3817.0,20426,282702,778409660.0,3818.0,64,3817.0,10
rb1805,20170829,20170828,210523500,3818.0,20428,282702,778486020.0,3818.0,68,3817.0,20
rb1805,20170829,20170828,210524000,3818.0,20452,282704,779402320.0,3818.0,52,3817.0,20
rb1805,20170829,20170828,210524500,3818.0,20454,282704,779478680.0,3818.0,51,3817.0,20
rb1805,20170829,20170828,210525000,3817.0,20462,282710,779784060.0,3818.0,50,3817.0,20
rb1805,20170829,20170828,210525500,3817.0,20462,282710,779784060.0,3818.0,51,3817.0,21
rb1805,20170829,20170828,210526000,3817.0,20472,282712,780165760.0,3818.0,52,3817.0,18
rb1805,20170829,20170828,210526500,3818.0,20482,282722,780547560.0,3818.0,54,3817.0,19
rb1805,20170829,20170828,210527000,3817.0,20528,282724,782303820.0,3818.0,27,3817.0,30
rb1805,20170829,20170828,210527500,3819.0,20588,282738,784594640.0,3819.0,71,3818.0,342
rb1805,20170829,20170828,210528000,3818.0,20698,282814,788795400.0,3819.0,21,3818.0,335
rb1805,20170829,20170828,210528500,3819.0,20740,282820,790399380.0,3820.0,116,3819.0,66
rb1805,20170829,20170828,210529000,3819.0,20890,282734,796128140.0,3820.0,104,3819.0,10
rb1805,20170829,20170828,210529500,3820.0,20908,282744,796815740.0,3820.0,99,3819.0,14
rb1805,20170829,20170828,210530000,3820.0,21136,282666,805524960.0,3820.0,6,3819.0,6
rb1805,20170829,20170828,210530500,3820.0,21160,282644,806441740.0,3821.0,52,3820.0,15
rb1805,20170829,20170828,210531000,3821.0,21218,282676,808657860.0,3821.0,26,3820.0,15
rb1805,20170829,20170828,210531500,3822.0,21296,282676,811638380.0,3822.0,35,3821.0,2
rb1805,20170829,20170828,210532000,3822.0,21378,282704,814772200.0,3822.0,6,3821.0,28
rb1805,20170829,20170828,210532500,3821.0,21400,282704,815612980.0,3823.0,21,3822.0,1
rb1805,20170829,20170828,210533000,3822.0,21414,282706,816148040.0,3822.0,1,3821.0,39
rb1805,20170829,20170828,210533500,3822.0,21448,282676,817447520.0,3823.0,26,3822.0,15
rb1805,20170829,20170828,210534000,3822.0,21462,282684,817982600.0,3823.0,26,3822.0,39
rb1805,20170829,20170828,210534500,3822.0,21498,282702,819358680.0,3823.0,37,3822.0,34
rb1805,20170829,20170828,210535000,3823.0,21530,282702,820581900.0,3823.0,34,3822.0,34
rb1805,20170829,20170828,210535500,3823.0,21546,282698,821193560.0,3823.0,32,3822.0,36
rb1805,20170829,20170828,210536000,3822.0,21586,282710,822722660.0,3823.0,26,3822.0,31
rb1805,20170829,20170828,210536500,3822.0,21602,282722,823334220.0,3823.0,28,3822.0,25
rb1805,20170829,20170828,210537000,3822.0,21670,282722,825933820.0,3824.0,35,3822.0,28
rb1805,20170829,20170828,210537500,3823.0,21688,282734,826621980.0,3824.0,31,3823.0,2
rb1805,20170829,20170828,210538000,3823.0,21724,282746,827998200.0,3823.0,10,3822.0,32
rb1805,20170829,20170828,210538500,3823.0,21782,282722,830215540.0,3823.0,5,3822.0,29
rb1805,20170829,20170828,210539000,3824.0,21802,282726,830980180.0,3824.0,28,3823.0,54
rb1805,20170829,20170828,210539500,3823.0,21898,282726,834650260.0,3823.0,34,3822.0,26
rb1805,20170829,20170828,210540000,3822.0,21934,282702,836026300.0,3823.0,25,3822.0,21
rb1805,20170829,20170828,210540500,3823.0,21982,282720,837861320.0,3823.0,2,3822.0,17
rb1805,20170829,20170828,210541000,3823.0,21992,282722,838243620.0,3823.0,6,3822.0,18
rb1805,20170829,20170828,210541500,3822.0,22004,282730,838702340.0,3823.0,7,3822.0,16
rb1805,20170829,20170828,210542000,3822.0,22008,282730,838855240.0,3823.0,19,3822.0,16
rb1805,20170829,20170828,210542500,3823.0,22022,282716,839390460.0,3823.0,18,3822.0,17
rb1805,20170829,20170828,210543000,3822.0,22058,282720,840766380.0,3822.0,5,3821.0,40
rb1805,20170829,20170828,210543500,3822.0,22066,282722,841072120.0,3822.0,6,3821.0,39
rb1805,20170829,20170828,210544000,3822.0,22078,282718,841530760.0,3822.0,2,3821.0,41
rb1805,20170829,20170828,210544500,3821.0,22086,282722,841836480.0,3822.0,8,3821.0,35
rb1805,20170829,20170828,210545000,3823.0,22152,282726,844358640.0,3823.0,33,3821.0,15
rb1805,20170829,20170828,210545500,3823.0,22156,282726,844511540.0,3823.0,32,3822.0,4
rb1805,20170829,20170828,210546000,3822.0,22168,282718,844970180.0,3822.0,8,3821.0,19
rb1805,20170829,20170828,210546500,3822.0,22184,282716,845581700.0,3823.0,43,3822.0,110
rb1805,20170829,20170828,210547000,3823.0,22188,282714,845734620.0,3823.0,42,3822.0,104
rb1805,20170829,20170828,210547500,3823.0,22192,282714,845887540.0,3823.0,44,3822.0,107
rb1805,20170829,20170828,210548000,3822.0,22454,282726,855900880.0,3823.0,64,3822.0,2
rb1805,20170829,20170828,210548500,3822.0,22484,282736,857047280.0,3822.0,26,3820.0,45
rb1805,20170829,20170828,210549000,3822.0,22518,282718,858346760.0,3823.0,54,3822.0,13
rb1805,20170829,20170828,210549500,3822.0,22534,282726,858958280.0,3822.0,6,3820.0,55
rb1805,20170829,20170828,210550000,3823.0,22592,282750,861175420.0,3822.0,2,3820.0,65
rb1805,20170829,20170828,210550500,3820.0,22696,282788,865149080.0,3822.0,72,3820.0,54
rb1805,20170829,20170828,210551000,3820.0,22724,282768,866219160.0,3822.0,24,3820.0,45
rb1805,20170829,20170828,210551500,3822.0,22734,282760,866601200.0,3822.0,19,3821.0,9
rb1805,20170829,20170828,210552000,3822.0,22776,282732,868206440.0,3823.0,43,3822.0,1
rb1805,20170829,20170828,210552500,3821.0,22794,282726,868894280.0,3822.0,1,3821.0,10
rb1805,20170829,20170828,210553000,3822.0,22800,282724,869123580.0,3822.0,3,3821.0,9
rb1805,20170829,20170828,210553500,3821.0,22802,282722,869200000.0,3822.0,4,3821.0,23
rb1805,20170829,20170828,210554000,3822.0,22860,282718,871416300.0,3823.0,49,3822.0,10
rb1805,20170829,20170828,210554500,3822.0,22886,282702,872410020.0,3822.0,36,3821.0,1
rb1805,20170829,20170828,210555000,3822.0,22888,282702,872486460.0,3822.0,18,3821.0,6
rb1805,20170829,20170828,210555500,3823.0,22920,282714,873709520.0,3823.0,54,3822.0,14
rb1805,20170829,20170828,210556000,3823.0,22948,282712,874779880.0,3823.0,52,3822.0,7
rb1805,20170829,20170828,210556500,3822.0,22956,282710,875085680.0,3823.0,51,3822.0,6
rb1805,20170829,20170828,210557000,3822.0,22966,282710,875467880.0,3823.0,51,3822.0,6
rb1805,20170829,20170828,210557500,3822.0,22982,282700,876079380.0,3822.0,14,3821.0,30
rb1805,20170829,20170828,210558000,3822.0,22986,282700,876232260.0,3822.0,42,3821.0,36
rb1805,20170829,20170828,210558500,3822.0,23006,282702,876996660.0,3822.0,52,3821.0,36
rb1805,20170829,20170828,210559000,3821.0,23050,282702,878678300.0,3822.0,33,3821.0,29
rb1805,20170829,20170828,210559500,3821.0,23068,282698,879366160.0,3822.0,32,3821.0,24
rb1805,20170829,20170828,210600000,3821.0,23072,282694,879519000.0,3822.0,42,3821.0,22
rb1805,20170829,20170828,210600500,3821.0,23136,282676,881964400.0,3821.0,34,3820.0,59
rb1805,20170829,20170828,210601000,3821.0,23220,282706,885174100.0,3822.0,42,3821.0,2
rb1805,20170829,20170828,210601500,3821.0,23386,282696,891515760.0,3821.0,29,3820.0,2
rb1805,20170829,20170828,210602000,3821.0,23408,282702,892356340.0,3821.0,32,3820.0,10
rb1805,20170829,20170828,210602500,3822.0,23494,282748,895642600.0,3822.0,56,3821.0,11
rb1805,20170829,20170828,210603000,3821.0,23582,282732,899004420.0,3821.0,80,3820.0,1
rb1805,20170829,20170828,210603500,3820.0,23598,282736,899615620.0,3820.0,17,3819.0,28
rb1805,20170829,20170828,210604000,3820.0,23660,282752,901983460.0,3820.0,3,3818.0,308
rb1805,20170829,20170828,210604500,3819.0,23668,282752,902289040.0,3820.0,17,3818.0,308
rb1805,20170829,20170828,210605000,3818.0,23702,282776,903587200.0,3819.0,10,3818.0,292
rb1805,20170829,20170828,210605500,3818.0,23774,282804,906336640.0,3819.0,8,3818.0,274
rb1805,20170829,20170828,210606000,3818.0,24028,282858,916034600.0,3819.0,19,3818.0,153
rb1805,20170829,20170828,210606500,3818.0,24338,283132,927870400.0,3818.0,9,3817.0,35
rb1805,20170829,20170828,210607000,3817.0,24416,283166,930847620.0,3817.0,16,3816.0,43
rb1805,20170829,20170828,210607500,3817.0,24444,283160,931916220.0,3818.0,66,3816.0,27
rb1805,20170829,20170828,210608000,3817.0,24456,283158,932374180.0,3817.0,5,3816.0,31
rb1805,20170829,20170828,210608500,3816.0,24486,283178,933519520.0,3818.0,65,3816.0,29
rb1805,20170829,20170828,210609000,3816.0,24494,283184,933824840.0,3818.0,63,3816.0,26
rb1805,20170829,20170828,210609500,3816.0,24494,283184,933824840.0,3818.0,63,3816.0,28
rb1805,20170829,20170828,210610000,3818.0,24498,283188,933977520.0,3817.0,4,3816.0,54
rb1805,20170829,20170828,210610500,3818.0,24518,283198,934740960.0,3818.0,60,3817.0,123
rb1805,20170829,20170828,210611000,3818.0,24638,283238,939322560.0,3819.0,18,3818.0,135
rb1805,20170829,20170828,210611500,3818.0,24678,283238,940849940.0,3819.0,9,3818.0,145
rb1805,20170829,20170828,210612000,3819.0,24724,283216,942606700.0,3820.0,25,3819.0,64
rb1805,20170829,20170828,210612500,3819.0,24772,283202,944439820.0,3820.0,16,3819.0,40
rb1805,20170829,20170828,210613000,3820.0,24774,283202,944516220.0,3820.0,14,3819.0,40
rb1805,20170829,20170828,210613500,3820.0,24788,283200,945050980.0,3820.0,19,3819.0,39
rb1805,20170829,20170828,210614000,3820.0,24796,283202,945356580.0,3820.0,26,3819.0,40
rb1805,20170829,20170828,210614500,3820.0,24806,283198,945738560.0,3820.0,22,3819.0,39
rb1805,20170829,20170828,210615000,3819.0,24818,283198,946196840.0,3820.0,32,3819.0,33
rb1805,20170829,20170828,210615500,3819.0,24826,283198,946502400.0,3820.0,21,3819.0,31
rb1805,20170829,20170828,210616000,3820.0,24838,283192,946960700.0,3820.0,20,3819.0,26
rb1805,20170829,20170828,210616500,3819.0,24840,283190,947037080.0,3820.0,20,3819.0,25
rb1805,20170829,20170828,210617000,3820.0,24852,283192,947495480.0,3820.0,14,3819.0,25
rb1805,20170829,20170828,210617500,3819.0,24856,283192,947648240.0,3820.0,14,3819.0,23
rb1805,20170829,20170828,210618000,3819.0,24864,283196,947953820.0,3820.0,11,3819.0,24
rb1805,20170829,20170828,210618500,3820.0,24870,283196,948182980.0,3820.0,12,3819.0,23
rb1805,20170829,20170828,210619000,3819.0,24872,283196,948259360.0,3820.0,19,3819.0,22
rb1805,20170829,20170828,210619500,3820.0,24884,283196,948717740.0,3820.0,15,3819.0,21
rb1805,20170829,20170828,210620000,3819.0,24890,283196,948946900.0,3820.0,16,3819.0,20
rb1805,20170829,20170828,210620500,3819.0,24922,283168,950169280.0,3820.0,2,3819.0,20
rb1805,20170829,20170828,210621000,3820.0,24942,283156,950933300.0,3821.0,40,3820.0,12
rb1805,20170829,20170828,210621500,3820.0,24956,283146,951468120.0,3821.0,32,3820.0,12
rb1805,20170829,20170828,210622000,3821.0,24960,283148,951620940.0,3821.0,30,3820.0,31
rb1805,20170829,20170828,210622500,3820.0,25004,283132,953301760.0,3821.0,29,3820.0,11
rb1805,20170829,20170828,210623000,3820.0,25008,283136,953454580.0,3821.0,32,3820.0,17
rb1805,20170829,20170828,210623500,3820.0,25012,283138,953607400.0,3821.0,31,3820.0,16
rb1805,20170829,20170828,210624000,3821.0,25018,283144,953836640.0,3821.0,34,3820.0,15
rb1805,20170829,20170828,210624500,3821.0,25018,283144,953836640.0,3821.0,32,3820.0,15
rb1805,20170829,20170828,210625000,3821.0,25030,283154,954295140.0,3821.0,27,3820.0,45
rb1805,20170829,20170828,210625500,3821.0,25032,283156,954371560.0,3821.0,26,3820.0,46
rb1805,20170829,20170828,210626000,3821.0,25070,283162,955823380.0,3821.0,15,3820.0,59
rb1805,20170829,20170828,210626500,3820.0,25086,283158,956434600.0,3821.0,14,3820.0,52
rb1805,20170829,20170828,210627000,3820.0,25092,283160,956663820.0,3821.0,13,3820.0,50
rb1805,20170829,20170828,210627500,3820.0,25096,283160,956816640.0,3821.0,27,3820.0,30
rb1805,20170829,20170828,210628000,3820.0,25104,283164,957122260.0,3821.0,26,3820.0,27
rb1805,20170829,20170828,210628500,3821.0,25110,283170,957351520.0,3821.0,27,3820.0,27
rb1805,20170829,20170828,210629000,3820.0,25112,283172,957427920.0,3821.0,27,3820.0,26
rb1805,20170829,20170828,210629500,3820.0,25118,283172,957657160.0,3821.0,25,3820.0,26
rb1805,20170829,20170828,210630000,3820.0,25192,283230,960483960.0,3820.0,7,3819.0,21
rb1805,20170829,20170828,210630500,3820.0,25196,283230,960636760.0,3820.0,10,3819.0,18
rb1805,20170829,20170828,210631000,3819.0,25232,283214,962011600.0,3820.0,25,3818.0,33
rb1805,20170829,20170828,210631500,3820.0,25234,283214,962088000.0,3819.0,1,3818.0,31
rb1805,20170829,20170828,210632000,3820.0,25238,283214,962240780.0,3820.0,29,3819.0,5
rb1805,20170829,20170828,210632500,3819.0,25254,283208,962851820.0,3820.0,31,3819.0,42
rb1805,20170829,20170828,210633000,3819.0,25340,283168,966136160.0,3819.0,52,3818.0,52
rb1805,20170829,20170828,210633500,3819.0,25380,283198,967663760.0,3819.0,7,3818.0,52
rb1805,20170829,20170828,210634000,3818.0,25384,283196,967816480.0,3819.0,44,3818.0,50
rb1805,20170829,20170828,210634500,3817.0,25514,283138,972779580.0,3818.0,97,3817.0,31
rb1805,20170829,20170828,210635000,3817.0,25606,283090,976291220.0,3817.0,6,3816.0,51
rb1805,20170829,20170828,210635500,3816.0,25610,283088,976443880.0,3817.0,26,3816.0,43
rb1805,20170829,20170828,210636000,3816.0,25642,283078,977665120.0,3817.0,22,3816.0,33
rb1805,20170829,20170828,210636500,3817.0,25656,283066,978199460.0,3817.0,21,3816.0,33
rb1805,20170829,20170828,210637000,3816.0,25684,283060,979268000.0,3817.0,25,3816.0,22
rb1805,20170829,20170828,210637500,3817.0,25690,283060,979497020.0,3817.0,22,3816.0,22
rb1805,20170829,20170828,210638000,3817.0,25748,283036,981710540.0,3817.0,89,3816.0,6
rb1805,20170829,20170828,210638500,3817.0,25768,283032,982473820.0,3817.0,5,3816.0,3
rb1805,20170829,20170828,210639000,3816.0,25774,283034,982702780.0,3816.0,4,3815.0,68
rb1805,20170829,20170828,210639500,3816.0,25784,283024,983084380.0,3817.0,10,3816.0,50
rb1805,20170829,20170828,210640000,3816.0,25786,283024,983160700.0,3817.0,5,3816.0,69
rb1805,20170829,20170828,210640500,3817.0,25808,283010,984000440.0,3817.0,2,3816.0,86
rb1805,20170829,20170828,210641000,3816.0,25864,283012,986137400.0,3817.0,2,3816.0,60
rb1805,20170829,20170828,210641500,3817.0,25872,283012,986442760.0,3818.0,90,3817.0,7
rb1805,20170829,20170828,210642000,3817.0,25886,283006,986977240.0,3818.0,102,3817.0,11
rb1805,20170829,20170828,210642500,3817.0,25898,283004,987435320.0,3818.0,100,3817.0,18
rb1805,20170829,20170828,210643000,3816.0,25940,283042,989038440.0,3817.0,80,3816.0,78
rb1805,20170829,20170828,210643500,3817.0,25956,283048,989649160.0,3817.0,72,3816.0,78
rb1805,20170829,20170828,210644000,3816.0,25980,283062,990565220.0,3817.0,61,3816.0,90
rb1805,20170829,20170828,210644500,3817.0,25988,283066,990870560.0,3817.0,58,3816.0,92
rb1805,20170829,20170828,210645000,3817.0,26086,283164,994611200.0,3817.0,10,3816.0,92
rb1805,20170829,20170828,210645500,3817.0,26116,283166,995756300.0,3818.0,20,3817.0,12
rb1805,20170829,20170828,210646000,3817.0,26144,283144,996825060.0,3818.0,17,3817.0,4
rb1805,20170829,20170828,210646500,3818.0,26148,283146,996977760.0,3818.0,18,3817.0,17
rb1805,20170829,20170828,210647000,3818.0,26150,283144,997054120.0,3818.0,19,3817.0,18
rb1805,20170829,20170828,210647500,3818.0,26278,283044,1001941160.0,3819.0,51,3818.0,60
rb1805,20170829,20170828,210648000,3820.0,26362,283110,1005149140.0,3820.0,54,3819.0,20
rb1805,20170829,20170828,210648500,3819.0,26372,283104,1005531100.0,3820.0,48,3818.0,69
rb1805,20170829,20170828,210649000,3819.0,26372,283104,1005531100.0,3819.0,2,3818.0,73
rb1805,20170829,20170828,210649500,3818.0,26408,283104,1006905580.0,3819.0,6,3818.0,41
rb1805,20170829,20170828,210650000,3818.0,26472,283044,1009349100.0,3819.0,33,3818.0,12
rb1805,20170829,20170828,210650500,3818.0,26496,283032,1010265420.0,3818.0,34,3817.0,62
rb1805,20170829,20170828,210651000,3819.0,26822,283032,1022716060.0,3821.0,36,3819.0,6
rb1805,20170829,20170828,210651500,3821.0,26836,283028,1023250760.0,3821.0,54,3820.0,5
rb1805,20170829,20170828,210652000,3818.0,26852,283042,1023861840.0,3819.0,9,3818.0,29
rb1805,20170829,20170828,210652500,3820.0,26962,283048,1028063540.0,3819.0,1,3818.0,28
rb1805,20170829,20170828,210653000,3819.0,26964,283048,1028139920.0,3820.0,10,3819.0,1
rb1805,20170829,20170828,210653500,3819.0,26966,283046,1028216300.0,3820.0,20,3819.0,1
rb1805,20170829,20170828,210654000,3819.0,26966,283046,1028216300.0,3820.0,28,3819.0,2
rb1805,20170829,20170828,210654500,3819.0,26970,283044,1028369060.0,3819.0,8,3818.0,39
rb1805,20170829,20170828,210655000,3819.0,27024,283044,1030430820.0,3819.0,23,3818.0,14
rb1805,20170829,20170828,210655500,3818.0,27056,283042,1031652580.0,3818.0,32,3817.0,61
rb1805,20170829,20170828,210656000,3817.0,27082,283042,1032645220.0,3819.0,18,3817.0,60
rb1805,20170829,20170828,210656500,3817.0,27082,283042,1032645220.0,3818.0,100,3817.0,61
rb1805,20170829,20170828,210657000,3817.0,27082,283042,1032645220.0,3818.0,100,3817.0,62
rb1805,20170829,20170828,210657500,3818.0,27122,283082,1034172420.0,3818.0,80,3817.0,44
rb1805,20170829,20170828,210658000,3818.0,27128,283088,1034401500.0,3818.0,78,3817.0,41
rb1805,20170829,20170828,210658500,3818.0,27142,283092,1034935960.0,3818.0,74,3817.0,38
rb1805,20170829,20170828,210659000,3817.0,27188,283126,1036691820.0,3818.0,75,3817.0,18
rb1805,20170829,20170828,210659500,3817.0,27200,283138,1037149960.0,3818.0,70,3817.0,17
rb1805,20170829,20170828,210700000,3818.0,27206,283138,1037379040.0,3818.0,68,3817.0,18
rb1805,20170829,20170828,210700500,3818.0,27208,283140,1037455400.0,3818.0,77,3817.0,25
rb1805,20170829,20170828,210701000,3818.0,27214,283146,1037684480.0,3818.0,64,3817.0,26
rb1805,20170829,20170828,210701500,3817.0,27218,283150,1037837160.0,3818.0,64,3817.0,23
rb1805,20170829,20170828,210702000,3818.0,27240,283172,1038677120.0,3818.0,53,3817.0,26
rb1805,20170829,20170828,210702500,3818.0,27246,283178,1038906200.0,3818.0,50,3817.0,27
rb1805,20170829,20170828,210703000,3818.0,27350,283244,1042876920.0,3819.0,28,3818.0,37
rb1805,20170829,20170828,210703500,3819.0,27408,283286,1045091940.0,3820.0,45,3819.0,64
rb1805,20170829,20170828,210704000,3819.0,27418,283280,1045473920.0,3820.0,43,3819.0,38
rb1805,20170829,20170828,210704500,3819.0,27424,283282,1045703060.0,3820.0,43,3819.0,16
rb1805,20170829,20170828,210705000,3820.0,27460,283290,1047078260.0,3820.0,25,3819.0,23
rb1805,20170829,20170828,210705500,3820.0,27512,283284,1049064660.0,3821.0,49,3820.0,21
rb1805,20170829,20170828,210706000,3821.0,27520,283286,1049370340.0,3821.0,49,3820.0,5
rb1805,20170829,20170828,210706500,3821.0,27554,283296,1050669480.0,3821.0,21,3820.0,43
rb1805,20170829,20170828,210707000,3821.0,27598,283316,1052350720.0,3822.0,53,3821.0,41
rb1805,20170829,20170828,210707500,3822.0,27710,283372,1056631360.0,3823.0,37,3821.0,57
rb1805,20170829,20170828,210708000,3822.0,27738,283378,1057701720.0,3823.0,45,3822.0,11
rb1805,20170829,20170828,210708500,3822.0,27744,283378,1057931040.0,3823.0,44,3822.0,9
rb1805,20170829,20170828,210709000,3822.0,27852,283430,1062057640.0,3821.0,3,3820.0,32
rb1805,20170829,20170828,210709500,3821.0,27858,283424,1062286900.0,3823.0,47,3822.0,4
rb1805,20170829,20170828,210710000,3821.0,27876,283420,1062974740.0,3822.0,27,3820.0,35
rb1805,20170829,20170828,210710500,3822.0,27886,283416,1063356940.0,3822.0,40,3820.0,20
rb1805,20170829,20170828,210711000,3822.0,27892,283416,1063586180.0,3822.0,43,3820.0,18
rb1805,20170829,20170828,210711500,3822.0,27892,283416,1063586180.0,3822.0,28,3821.0,2
rb1805,20170829,20170828,210712000,3821.0,27902,283422,1063968280.0,3821.0,10,3820.0,13
rb1805,20170829,20170828,210712500,3821.0,27904,283422,1064044700.0,3821.0,9,3820.0,18
rb1805,20170829,20170828,210713000,3822.0,27944,283432,1065573340.0,3822.0,24,3820.0,19
rb1805,20170829,20170828,210713500,3821.0,27954,283426,1065955460.0,3821.0,10,3820.0,4
rb1805,20170829,20170828,210714000,3821.0,27956,283424,1066031880.0,3821.0,9,3820.0,5
rb1805,20170829,20170828,210714500,3820.0,27980,283432,1066948680.0,3820.0,4,3819.0,23
rb1805,20170829,20170828,210715000,3820.0,27984,283436,1067101480.0,3820.0,26,3819.0,16
rb1805,20170829,20170828,210715500,3820.0,28020,283440,1068476360.0,3820.0,144,3819.0,7
rb1805,20170829,20170828,210716000,3819.0,28034,283454,1069011020.0,3819.0,38,3818.0,24
rb1805,20170829,20170828,210716500,3819.0,28038,283458,1069163780.0,3819.0,23,3818.0,32
rb1805,20170829,20170828,210717000,3819.0,28040,283460,1069240160.0,3819.0,22,3818.0,37
rb1805,20170829,20170828,210717500,3820.0,28078,283476,1070691400.0,3820.0,168,3819.0,34
rb1805,20170829,20170828,210718000,3820.0,28080,283476,1070767800.0,3820.0,165,3819.0,36
rb1805,20170829,20170828,210718500,3820.0,28082,283476,1070844200.0,3820.0,154,3819.0,47
rb1805,20170829,20170828,210719000,3820.0,28186,283532,1074816980.0,3820.0,103,3819.0,46
rb1805,20170829,20170828,210719500,3820.0,28194,283538,1075122560.0,3820.0,100,3819.0,44
rb1805,20170829,20170828,210720000,3819.0,28200,283544,1075351700.0,3820.0,100,3819.0,48
rb1805,20170829,20170828,210720500,3820.0,28208,283552,1075657300.0,3820.0,97,3819.0,51
rb1805,20170829,20170828,210721000,3820.0,28312,283656,1079630080.0,3820.0,46,3819.0,51
rb1805,20170829,20170828,210721500,3820.0,28314,283658,1079706480.0,3820.0,45,3819.0,51
rb1805,20170829,20170828,210722000,3820.0,28320,283658,1079935680.0,3820.0,42,3819.0,52
rb1805,20170829,20170828,210722500,3820.0,28320,283658,1079935680.0,3820.0,52,3819.0,45
rb1805,20170829,20170828,210723000,3820.0,28324,283656,1080088460.0,3820.0,61,3819.0,43
rb1805,20170829,20170828,210723500,3820.0,28326,283656,1080164860.0,3820.0,51,3819.0,39
rb1805,20170829,20170828,210724000,3820.0,28328,283656,1080241260.0,3820.0,51,3819.0,39
rb1805,20170829,20170828,210724500,3820.0,28340,283656,1080699560.0,3820.0,51,3819.0,34
rb1805,20170829,20170828,210725000,3819.0,28342,283658,1080775940.0,3820.0,55,3819.0,34
rb1805,20170829,20170828,210725500,3820.0,28344,283658,1080852340.0,3820.0,54,3819.0,34
rb1805,20170829,20170828,210726000,3820.0,28354,283662,1081234300.0,3820.0,61,3819.0,36
rb1805,20170829,20170828,210726500,3820.0,28358,283664,1081387080.0,3820.0,60,3819.0,35
rb1805,20170829,20170828,210727000,3819.0,28360,283666,1081463460.0,3820.0,60,3819.0,35
rb1805,20170829,20170828,210727500,3820.0,28362,283666,1081539860.0,3820.0,49,3819.0,36
rb1805,20170829,20170828,210728000,3819.0,28364,283666,1081616240.0,3820.0,49,3819.0,35
rb1805,20170829,20170828,210728500,3819.0,28364,283666,1081616240.0,3820.0,62,3819.0,34
rb1805,20170829,20170828,210729000,3819.0,28370,283670,1081845380.0,3820.0,62,3819.0,56
rb1805,20170829,20170828,210729500,3819.0,28380,283672,1082227280.0,3820.0,62,3819.0,51
rb1805,20170829,20170828,210730000,3820.0,28384,283674,1082380060.0,3820.0,62,3819.0,50
rb1805,20170829,20170828,210730500,3819.0,28386,283674,1082456440.0,3820.0,52,3819.0,50
rb1805,20170829,20170828,210731000,3819.0,28386,283674,1082456440.0,3820.0,54,3819.0,50
rb1805,20170829,20170828,210731500,3819.0,28386,283674,1082456440.0,3820.0,54,3819.0,50
rb1805,20170829,20170828,210732000,3819.0,28386,283674,1082456440.0,3820.0,64,3819.0,49
rb1805,20170829,20170828,210732500,3820.0,28412,283678,1083449580.0,3820.0,54,3819.0,46
rb1805,20170829,20170828,210733000,3820.0,28414,283680,1083525980.0,3820.0,53,3819.0,46
rb1805,20170829,20170828,210733500,3820.0,28478,283724,1085970740.0,3820.0,23,3819.0,44
rb1805,20170829,20170828,210734000,3819.0,28486,283726,1086276260.0,3820.0,23,3819.0,42
rb1805,20170829,20170828,210734500,3819.0,28488,283726,1086352640.0,3820.0,14,3819.0,38
rb1805,20170829,20170828,210735000,3819.0,28490,283728,1086429020.0,3820.0,15,3819.0,37
rb1805,20170829,20170828,210735500,3820.0,28520,283718,1087575020.0,3821.0,17,3820.0,6
rb1805,20170829,20170828,210736000,3819.0,28534,283720,1088109800.0,3820.0,7,3819.0,36
rb1805,20170829,20170828,210736500,3819.0,28534,283720,1088109800.0,3820.0,18,3819.0,41
rb1805,20170829,20170828,210737000,3820.0,28538,283720,1088262580.0,3820.0,16,3819.0,52
rb1805,20170829,20170828,210737500,3820.0,28538,283720,1088262580.0,3820.0,17,3819.0,52
rb1805,20170829,20170828,210738000,3820.0,28576,283688,1089714180.0,3821.0,10,3820.0,44
rb1805,20170829,20170828,210738500,3820.0,28596,283668,1090478180.0,3821.0,11,3820.0,18
rb1805,20170829,20170828,210739000,3820.0,28596,283668,1090478180.0,3821.0,11,3820.0,20
rb1805,20170829,20170828,210739500,3820.0,28596,283668,1090478180.0,3821.0,11,3820.0,26
rb1805,20170829,20170828,210740000,3820.0,28602,283668,1090707380.0,3821.0,12,3820.0,23
rb1805,20170829,20170828,210740500,3820.0,28602,283668,1090707380.0,3821.0,13,3820.0,24
rb1805,20170829,20170828,210741000,3820.0,28602,283668,1090707380.0,3821.0,14,3820.0,24
rb1805,20170829,20170828,210741500,3821.0,28604,283670,1090783800.0,3821.0,14,3820.0,24
rb1805,20170829,20170828,210742000,3820.0,28608,283670,1090936600.0,3821.0,14,3820.0,22
rb1805,20170829,20170828,210742500,3820.0,28610,283672,1091013000.0,3821.0,15,3820.0,16
rb1805,20170829,20170828,210743000,3821.0,28612,283674,1091089420.0,3821.0,14,3820.0,16
rb1805,20170829,20170828,210743500,3821.0,28622,283674,1091471520.0,3821.0,10,3820.0,17
rb1805,20170829,20170828,210744000,3820.0,28660,283678,1092923260.0,3821.0,3,3820.0,10
rb1805,20170829,20170828,210744500,3820.0,28702,283660,1094527720.0,3820.0,92,3819.0,61
rb1805,20170829,20170828,210745000,3820.0,28888,283608,1101632920.0,3821.0,5,3820.0,58
rb1805,20170829,20170828,210745500,3820.0,28894,283606,1101862120.0,3821.0,5,3820.0,14
rb1805,20170829,20170828,210746000,3821.0,28906,283596,1102320640.0,3822.0,42,3821.0,2
rb1805,20170829,20170828,210746500,3821.0,28928,283592,1103161260.0,3822.0,42,3821.0,2
rb1805,20170829,20170828,210747000,3821.0,28930,283594,1103237680.0,3822.0,42,3821.0,1
rb1805,20170829,20170828,210747500,3821.0,28940,283588,1103619780.0,3822.0,42,3821.0,1
rb1805,20170829,20170828,210748000,3821.0,28960,283578,1104383980.0,3821.0,58,3820.0,15
rb1805,20170829,20170828,210748500,3821.0,28962,283578,1104460400.0,3821.0,58,3820.0,13
rb1805,20170829,20170828,210749000,3822.0,29084,283536,1109122080.0,3822.0,39,3820.0,13
rb1805,20170829,20170828,210749500,3822.0,29088,283540,1109274960.0,3822.0,36,3820.0,14
rb1805,20170829,20170828,210750000,3822.0,29162,283472,1112103240.0,3823.0,38,3822.0,63
rb1805,20170829,20170828,210750500,3822.0,29210,283450,1113938200.0,3823.0,28,3822.0,61
rb1805,20170829,20170828,210751000,3822.0,29212,283448,1114014640.0,3823.0,28,3822.0,61
rb1805,20170829,20170828,210751500,3822.0,29340,283338,1118906760.0,3822.0,12,3821.0,7
rb1805,20170829,20170828,210752000,3822.0,29346,283336,1119136080.0,3822.0,9,3821.0,13
rb1805,20170829,20170828,210752500,3822.0,29348,283336,1119212520.0,3822.0,8,3821.0,15
rb1805,20170829,20170828,210753000,3822.0,29348,283336,1119212520.0,3822.0,9,3821.0,15
rb1805,20170829,20170828,210753500,3822.0,29354,283336,1119441800.0,3823.0,20,3821.0,27
rb1805,20170829,20170828,210754000,3822.0,29354,283336,1119441800.0,3822.0,1,3821.0,27
rb1805,20170829,20170828,210754500,3821.0,29356,283336,1119518220.0,3822.0,8,3821.0,26
rb1805,20170829,20170828,210755000,3822.0,29368,283336,1119976860.0,3822.0,2,3821.0,27
rb1805,20170829,20170828,210755500,3823.0,29392,283348,1120894340.0,3823.0,22,3822.0,5
rb1805,20170829,20170828,210756000,3822.0,29402,283358,1121276540.0,3822.0,18,3821.0,28
rb1805,20170829,20170828,210756500,3822.0,29402,283358,1121276540.0,3822.0,19,3821.0,28
rb1805,20170829,20170828,210757000,3822.0,29406,283360,1121429420.0,3822.0,17,3821.0,28
rb1805,20170829,20170828,210757500,3822.0,29408,283362,1121505860.0,3822.0,16,3821.0,28
rb1805,20170829,20170828,210758000,3821.0,29484,283394,1124410900.0,3823.0,8,3821.0,41
rb1805,20170829,20170828,210758500,3822.0,29522,283414,1125863700.0,3824.0,147,3822.0,2
rb1805,20170829,20170828,210759000,3823.0,29524,283416,1125940160.0,3823.0,4,3822.0,2
rb1805,20170829,20170828,210759500,3822.0,29532,283414,1126245920.0,3822.0,1,3821.0,36
rb1805,20170829,20170828,210800000,3822.0,29536,283414,1126398800.0,3823.0,10,3822.0,4
rb1805,20170829,20170828,210800500,3822.0,29546,283414,1126781000.0,3822.0,6,3821.0,26
rb1805,20170829,20170828,210801000,3823.0,29576,283428,1127927760.0,3823.0,21,3821.0,26
rb1805,20170829,20170828,210801500,3822.0,29634,283402,1130144560.0,3822.0,9,3821.0,44
rb1805,20170829,20170828,210802000,3822.0,29752,283386,1134654820.0,3824.0,143,3821.0,60
rb1805,20170829,20170828,210802500,3821.0,29790,283424,1136107120.0,3824.0,156,3821.0,31
rb1805,20170829,20170828,210803000,3822.0,29796,283430,1136336440.0,3823.0,27,3821.0,31
rb1805,20170829,20170828,210803500,3821.0,29798,283430,1136412860.0,3823.0,30,3821.0,30
rb1805,20170829,20170828,210804000,3823.0,29800,283432,1136489320.0,3823.0,29,3822.0,1
rb1805,20170829,20170828,210804500,3823.0,29802,283434,1136565780.0,3823.0,20,3822.0,11
rb1805,20170829,20170828,210805000,3823.0,29806,283438,1136718700.0,3823.0,16,3822.0,19
rb1805,20170829,20170828,210805500,3822.0,29810,283440,1136871600.0,3823.0,19,3822.0,24
rb1805,20170829,20170828,210806000,3822.0,29812,283438,1136948040.0,3823.0,30,3822.0,23
rb1805,20170829,20170828,210806500,3823.0,29836,283452,1137865560.0,3823.0,22,3822.0,31
rb1805,20170829,20170828,210807000,3822.0,29838,283454,1137942000.0,3823.0,24,3822.0,30
rb1805,20170829,20170828,210807500,3822.0,29844,283454,1138171340.0,3823.0,24,3822.0,28
rb1805,20170829,20170828,210808000,3822.0,29850,283458,1138400660.0,3823.0,24,3822.0,25
rb1805,20170829,20170828,210808500,3822.0,29850,283458,1138400660.0,3823.0,24,3822.0,25
rb1805,20170829,20170828,210809000,3822.0,29910,283474,1140693860.0,3822.0,54,3821.0,20
rb1805,20170829,20170828,210809500,3822.0,29962,283498,1142681260.0,3822.0,32,3821.0,37
rb1805,20170829,20170828,210810000,3822.0,29964,283500,1142757700.0,3822.0,31,3821.0,37
rb1805,20170829,20170828,210810500,3822.0,29964,283500,1142757700.0,3822.0,31,3821.0,38
rb1805,20170829,20170828,210811000,3821.0,29976,283502,1143216220.0,3822.0,31,3821.0,31
rb1805,20170829,20170828,210811500,3821.0,30044,283500,1145814500.0,3821.0,82,3820.0,19
rb1805,20170829,20170828,210812000,3820.0,30048,283500,1145967300.0,3821.0,83,3820.0,17
rb1805,20170829,20170828,210812500,3820.0,30082,283530,1147266100.0,3820.0,23,3819.0,63
rb1805,20170829,20170828,210813000,3820.0,30104,283550,1148106340.0,3820.0,19,3819.0,48
rb1805,20170829,20170828,210813500,3820.0,30144,283566,1149634060.0,3820.0,19,3819.0,34
rb1805,20170829,20170828,210814000,3820.0,30222,283608,1152612980.0,3820.0,24,3818.0,43
rb1805,20170829,20170828,210814500,3820.0,30264,283574,1154217380.0,3820.0,8,3819.0,1
rb1805,20170829,20170828,210815000,3819.0,30276,283568,1154675660.0,3820.0,25,3818.0,50
rb1805,20170829,20170828,210815500,3820.0,30280,283570,1154828420.0,3820.0,18,3818.0,51
rb1805,20170829,20170828,210816000,3820.0,30282,283572,1154904820.0,3820.0,17,3819.0,3
rb1805,20170829,20170828,210816500,3819.0,30344,283620,1157273200.0,3820.0,6,3819.0,2
rb1805,20170829,20170828,210817000,3819.0,30356,283622,1157731440.0,3820.0,9,3818.0,52
rb1805,20170829,20170828,210817500,3818.0,30358,283622,1157807800.0,3819.0,2,3818.0,61
rb1805,20170829,20170828,210818000,3819.0,30362,283622,1157960560.0,3820.0,18,3819.0,9
rb1805,20170829,20170828,210818500,3819.0,30362,283622,1157960560.0,3820.0,25,3819.0,11
rb1805,20170829,20170828,210819000,3819.0,30366,283622,1158113320.0,3820.0,29,3819.0,9
rb1805,20170829,20170828,210819500,3820.0,30370,283626,1158266120.0,3820.0,109,3819.0,15
rb1805,20170829,20170828,210820000,3820.0,30370,283626,1158266120.0,3820.0,110,3819.0,15
rb1805,20170829,20170828,210820500,3820.0,30470,283622,1162086120.0,3820.0,59,3819.0,25
rb1805,20170829,20170828,210821000,3820.0,30588,283526,1166593720.0,3821.0,62,3820.0,69
rb1805,20170829,20170828,210821500,3821.0,30714,283450,1171408160.0,3822.0,80,3821.0,164
rb1805,20170829,20170828,210822000,3821.0,30792,283490,1174389180.0,3822.0,46,3821.0,157
rb1805,20170829,20170828,210822500,3821.0,30902,283560,1178593360.0,3823.0,71,3822.0,2
rb1805,20170829,20170828,210823000,3821.0,30902,283560,1178593360.0,3823.0,70,3822.0,9
rb1805,20170829,20170828,210823500,3821.0,30906,283562,1178746200.0,3823.0,70,3822.0,6
rb1805,20170829,20170828,210824000,3821.0,30938,283550,1179969040.0,3823.0,70,3822.0,8
rb1805,20170829,20170828,210824500,3822.0,30956,283534,1180657000.0,3822.0,35,3821.0,163
rb1805,20170829,20170828,210825000,3821.0,30962,283534,1180886280.0,3822.0,34,3821.0,144
rb1805,20170829,20170828,210825500,3822.0,30964,283532,1180962720.0,3822.0,44,3821.0,144
rb1805,20170829,20170828,210826000,3821.0,30970,283532,1181191980.0,3822.0,46,3821.0,151
rb1805,20170829,20170828,210826500,3821.0,30996,283510,1182185460.0,3822.0,45,3821.0,129
rb1805,20170829,20170828,210827000,3821.0,31164,283420,1188604740.0,3822.0,48,3821.0,45
rb1805,20170829,20170828,210827500,3821.0,31314,283346,1194336840.0,3822.0,25,3820.0,67
rb1805,20170829,20170828,210828000,3821.0,31314,283346,1194336840.0,3822.0,25,3820.0,65
rb1805,20170829,20170828,210828500,3820.0,31336,283338,1195177480.0,3821.0,2,3820.0,29
rb1805,20170829,20170828,210829000,3820.0,31374,283306,1196629080.0,3820.0,123,3819.0,58
rb1805,20170829,20170828,210829500,3819.0,31398,283296,1197545640.0,3820.0,123,3819.0,44
rb1805,20170829,20170828,210830000,3819.0,31460,283274,1199913420.0,3820.0,123,3819.0,13
rb1805,20170829,20170828,210830500,3819.0,31470,283272,1200295320.0,3820.0,123,3819.0,8
rb1805,20170829,20170828,210831000,3819.0,31486,283266,1200906360.0,3819.0,3,3818.0,42
rb1805,20170829,20170828,210831500,3819.0,31492,283266,1201135500.0,3820.0,123,3819.0,13
rb1805,20170829,20170828,210832000,3820.0,31502,283268,1201517460.0,3820.0,120,3819.0,9
rb1805,20170829,20170828,210832500,3820.0,31502,283268,1201517460.0,3820.0,120,3819.0,8
rb1805,20170829,20170828,210833000,3820.0,31506,283268,1201670260.0,3820.0,120,3819.0,18
rb1805,20170829,20170828,210833500,3820.0,31508,283266,1201746660.0,3820.0,120,3819.0,19
rb1805,20170829,20170828,210834000,3819.0,31510,283264,1201823040.0,3820.0,130,3819.0,12
rb1805,20170829,20170828,210834500,3820.0,31522,283264,1202281440.0,3820.0,114,3819.0,14
rb1805,20170829,20170828,210835000,3819.0,31526,283264,1202434220.0,3820.0,113,3819.0,16
rb1805,20170829,20170828,210835500,3819.0,31536,283272,1202816120.0,3820.0,123,3819.0,10
rb1805,20170829,20170828,210836000,3819.0,31538,283274,1202892500.0,3820.0,113,3819.0,17
rb1805,20170829,20170828,210836500,3819.0,31540,283276,1202968880.0,3820.0,113,3819.0,16
rb1805,20170829,20170828,210837000,3819.0,31544,283280,1203121640.0,3820.0,114,3819.0,15
rb1805,20170829,20170828,210837500,3820.0,31546,283278,1203198040.0,3820.0,113,3819.0,9
rb1805,20170829,20170828,210838000,3819.0,31562,283276,1203809080.0,3820.0,113,3819.0,4
rb1805,20170829,20170828,210838500,3819.0,31584,283266,1204649260.0,3820.0,113,3819.0,14
rb1805,20170829,20170828,210839000,3819.0,31588,283262,1204802020.0,3820.0,113,3819.0,12
rb1805,20170829,20170828,210839500,3819.0,31592,283262,1204954780.0,3820.0,113,3819.0,10
rb1805,20170829,20170828,210840000,3819.0,31592,283262,1204954780.0,3820.0,123,3819.0,12
rb1805,20170829,20170828,210840500,3820.0,31602,283262,1205336760.0,3820.0,119,3819.0,11
rb1805,20170829,20170828,210841000,3820.0,31602,283262,1205336760.0,3820.0,110,3819.0,12
rb1805,20170829,20170828,210841500,3820.0,31662,283262,1207628760.0,3820.0,164,3819.0,12
rb1805,20170829,20170828,210842000,3820.0,31662,283262,1207628760.0,3820.0,164,3819.0,20
rb1805,20170829,20170828,210842500,3820.0,31664,283260,1207705160.0,3820.0,164,3819.0,20
rb1805,20170829,20170828,210843000,3819.0,31678,283248,1208239820.0,3820.0,173,3819.0,14
rb1805,20170829,20170828,210843500,3819.0,31678,283248,1208239820.0,3820.0,177,3819.0,14
rb1805,20170829,20170828,210844000,3819.0,31680,283248,1208316200.0,3820.0,177,3819.0,16
rb1805,20170829,20170828,210844500,3819.0,31680,283248,1208316200.0,3820.0,177,3819.0,16
rb1805,20170829,20170828,210845000,3819.0,31712,283242,1209538280.0,3820.0,177,3818.0,64
rb1805,20170829,20170828,210845500,3819.0,31714,283240,1209614660.0,3820.0,177,3819.0,6
rb1805,20170829,20170828,210846000,3819.0,31722,283238,1209920220.0,3820.0,175,3819.0,4
rb1805,20170829,20170828,210846500,3819.0,31732,283228,1210302120.0,3819.0,5,3818.0,64
rb1805,20170829,20170828,210847000,3819.0,31736,283226,1210454880.0,3819.0,3,3818.0,65
rb1805,20170829,20170828,210847500,3819.0,31736,283226,1210454880.0,3819.0,3,3818.0,64
rb1805,20170829,20170828,210848000,3819.0,31740,283226,1210607640.0,3819.0,4,3818.0,64
rb1805,20170829,20170828,210848500,3819.0,31740,283226,1210607640.0,3819.0,16,3818.0,64
rb1805,20170829,20170828,210849000,3818.0,31744,283228,1210760360.0,3819.0,34,3818.0,63
rb1805,20170829,20170828,210849500,3819.0,31746,283228,1210836740.0,3819.0,55,3818.0,74
rb1805,20170829,20170828,210850000,3819.0,31748,283226,1210913120.0,3819.0,45,3818.0,75
rb1805,20170829,20170828,210850500,3818.0,31752,283226,1211065840.0,3819.0,47,3818.0,73
rb1805,20170829,20170828,210851000,3819.0,31900,283164,1216716500.0,3819.0,47,3818.0,1
rb1805,20170829,20170828,210851500,3818.0,31902,283164,1216792860.0,3818.0,2,3817.0,71
rb1805,20170829,20170828,210852000,3819.0,31966,283194,1219236980.0,3819.0,19,3818.0,1
rb1805,20170829,20170828,210852500,3818.0,31970,283190,1219389700.0,3818.0,1,3817.0,71
rb1805,20170829,20170828,210853000,3819.0,31984,283198,1219924320.0,3819.0,14,3818.0,33
rb1805,20170829,20170828,210853500,3819.0,32060,283178,1222826080.0,3818.0,1,3817.0,71
rb1805,20170829,20170828,210854000,3819.0,32062,283176,1222902460.0,3819.0,26,3817.0,73
rb1805,20170829,20170828,210854500,3817.0,32070,283176,1223207860.0,3818.0,3,3817.0,71
rb1805,20170829,20170828,210855000,3817.0,32072,283176,1223284200.0,3819.0,24,3818.0,3
rb1805,20170829,20170828,210855500,3818.0,32080,283170,1223589640.0,3818.0,10,3817.0,71
rb1805,20170829,20170828,210856000,3817.0,32084,283174,1223742320.0,3818.0,10,3817.0,69
rb1805,20170829,20170828,210856500,3817.0,32084,283174,1223742320.0,3818.0,10,3817.0,70
rb1805,20170829,20170828,210857000,3817.0,32140,283190,1225879900.0,3818.0,7,3817.0,61
rb1805,20170829,20170828,210857500,3817.0,32146,283194,1226108920.0,3818.0,7,3817.0,60
rb1805,20170829,20170828,210858000,3818.0,32164,283204,1226796120.0,3819.0,22,3818.0,2
rb1805,20170829,20170828,210858500,3817.0,32178,283210,1227330600.0,3818.0,30,3817.0,57
rb1805,20170829,20170828,210859000,3817.0,32192,283208,1227865000.0,3818.0,9,3817.0,51
rb1805,20170829,20170828,210859500,3818.0,32198,283208,1228094080.0,3818.0,6,3817.0,51
rb1805,20170829,20170828,210900000,3817.0,32200,283208,1228170420.0,3818.0,7,3817.0,51
rb1805,20170829,20170828,210900500,3817.0,32204,283208,1228323100.0,3818.0,18,3817.0,50
rb1805,20170829,20170828,210901000,3818.0,32206,283208,1228399460.0,3818.0,17,3817.0,53
rb1805,20170829,20170828,210901500,3817.0,32218,283216,1228857560.0,3818.0,24,3817.0,58
rb1805,20170829,20170828,210902000,3818.0,32268,283214,1230766560.0,3819.0,17,3818.0,35
rb1805,20170829,20170828,210902500,3818.0,32268,283214,1230766560.0,3819.0,17,3818.0,46
rb1805,20170829,20170828,210903000,3818.0,32470,283116,1238479920.0,3820.0,95,3817.0,81
rb1805,20170829,20170828,210903500,3818.0,32474,283116,1238632640.0,3819.0,14,3818.0,2
rb1805,20170829,20170828,210904000,3818.0,32480,283116,1238861740.0,3819.0,13,3818.0,8
rb1805,20170829,20170828,210904500,3818.0,32494,283116,1239396260.0,3819.0,13,3818.0,6
rb1805,20170829,20170828,210905000,3818.0,32504,283114,1239778060.0,3819.0,13,3818.0,8
rb1805,20170829,20170828,210905500,3818.0,32504,283114,1239778060.0,3819.0,13,3818.0,29
rb1805,20170829,20170828,210906000,3819.0,32530,283088,1240771000.0,3820.0,98,3819.0,30
rb1805,20170829,20170828,210906500,3819.0,32532,283088,1240847380.0,3820.0,97,3819.0,29
rb1805,20170829,20170828,210907000,3819.0,32558,283088,1241840320.0,3820.0,97,3819.0,46
rb1805,20170829,20170828,210907500,3819.0,32564,283084,1242069460.0,3820.0,97,3819.0,30
rb1805,20170829,20170828,210908000,3819.0,32564,283084,1242069460.0,3820.0,97,3819.0,30
rb1805,20170829,20170828,210908500,3819.0,32588,283104,1242986020.0,3820.0,153,3819.0,19
rb1805,20170829,20170828,210909000,3819.0,32590,283104,1243062400.0,3820.0,97,3819.0,18
rb1805,20170829,20170828,210909500,3820.0,32592,283104,1243138800.0,3820.0,96,3819.0,28
rb1805,20170829,20170828,210910000,3820.0,32592,283104,1243138800.0,3820.0,96,3819.0,33
rb1805,20170829,20170828,210910500,3820.0,32596,283102,1243291600.0,3820.0,94,3819.0,33
rb1805,20170829,20170828,210911000,3819.0,32602,283102,1243520740.0,3820.0,92,3819.0,30
rb1805,20170829,20170828,210911500,3819.0,32606,283102,1243673500.0,3820.0,94,3819.0,29
rb1805,20170829,20170828,210912000,3819.0,32606,283102,1243673500.0,3820.0,94,3819.0,29
rb1805,20170829,20170828,210912500,3819.0,32606,283102,1243673500.0,3820.0,94,3819.0,29
rb1805,20170829,20170828,210913000,3819.0,32606,283102,1243673500.0,3820.0,95,3819.0,30
rb1805,20170829,20170828,210913500,3819.0,32606,283102,1243673500.0,3820.0,95,3819.0,30
rb1805,20170829,20170828,210914000,3819.0,32606,283102,1243673500.0,3820.0,95,3819.0,32
rb1805,20170829,20170828,210914500,3819.0,32606,283102,1243673500.0,3820.0,95,3819.0,32
rb1805,20170829,20170828,210915000,3820.0,32626,283102,1244437500.0,3820.0,85,3819.0,32
rb1805,20170829,20170828,210915500,3820.0,32636,283102,1244819500.0,3820.0,80,3819.0,27
rb1805,20170829,20170828,210916000,3819.0,32644,283104,1245125040.0,3820.0,80,3819.0,14
rb1805,20170829,20170828,210916500,3819.0,32654,283108,1245506940.0,3820.0,80,3819.0,9
rb1805,20170829,20170828,210917000,3819.0,32654,283108,1245506940.0,3820.0,80,3819.0,19
rb1805,20170829,20170828,210917500,3819.0,32664,283118,1245888840.0,3820.0,80,3819.0,4
rb1805,20170829,20170828,210918000,3819.0,32672,283112,1246194360.0,3820.0,80,3819.0,7
rb1805,20170829,20170828,210918500,3819.0,32694,283094,1247034540.0,3819.0,17,3818.0,38
rb1805,20170829,20170828,210919000,3819.0,32694,283094,1247034540.0,3819.0,19,3818.0,46
rb1805,20170829,20170828,210919500,3819.0,32698,283094,1247187300.0,3819.0,19,3818.0,46
rb1805,20170829,20170828,210920000,3819.0,32718,283094,1247951100.0,3819.0,29,3818.0,47
rb1805,20170829,20170828,210920500,3818.0,32720,283092,1248027460.0,3819.0,31,3818.0,42
rb1805,20170829,20170828,210921000,3818.0,32722,283090,1248103820.0,3819.0,31,3818.0,41
rb1805,20170829,20170828,210921500,3819.0,32724,283088,1248180200.0,3819.0,30,3818.0,42
rb1805,20170829,20170828,210922000,3819.0,32724,283088,1248180200.0,3819.0,35,3818.0,42
rb1805,20170829,20170828,210922500,3819.0,32724,283088,1248180200.0,3819.0,36,3818.0,42
rb1805,20170829,20170828,210923000,3819.0,32724,283088,1248180200.0,3819.0,37,3818.0,43
rb1805,20170829,20170828,210923500,3819.0,32724,283088,1248180200.0,3819.0,37,3818.0,45
rb1805,20170829,20170828,210924000,3819.0,32724,283088,1248180200.0,3819.0,37,3818.0,46
rb1805,20170829,20170828,210924500,3818.0,32726,283086,1248256560.0,3819.0,36,3818.0,45
rb1805,20170829,20170828,210925000,3818.0,32736,283078,1248638360.0,3819.0,36,3818.0,40
rb1805,20170829,20170828,210925500,3818.0,32776,283090,1250165560.0,3819.0,34,3818.0,21
rb1805,20170829,20170828,210926000,3818.0,32776,283090,1250165560.0,3819.0,36,3818.0,21
rb1805,20170829,20170828,210926500,3818.0,32780,283092,1250318280.0,3819.0,39,3818.0,19
rb1805,20170829,20170828,210927000,3818.0,32794,283092,1250852800.0,3819.0,42,3818.0,12
rb1805,20170829,20170828,210927500,3818.0,32818,283106,1251769120.0,3818.0,1,3817.0,66
rb1805,20170829,20170828,210928000,3818.0,32820,283106,1251845480.0,3818.0,9,3817.0,66
rb1805,20170829,20170828,210928500,3819.0,32880,283116,1254136640.0,3819.0,24,3817.0,66
rb1805,20170829,20170828,210929000,3818.0,32882,283118,1254213000.0,3818.0,1,3817.0,66
rb1805,20170829,20170828,210929500,3818.0,32884,283118,1254289360.0,3819.0,24,3817.0,66
rb1805,20170829,20170828,210930000,3819.0,32886,283118,1254365740.0,3819.0,24,3817.0,66
rb1805,20170829,20170828,210930500,3819.0,32886,283118,1254365740.0,3818.0,2,3817.0,66
rb1805,20170829,20170828,210931000,3818.0,32898,283130,1254823900.0,3818.0,11,3817.0,66
rb1805,20170829,20170828,210931500,3817.0,33006,283090,1258946260.0,3818.0,18,3817.0,13
rb1805,20170829,20170828,210932000,3817.0,33036,283080,1260091340.0,3817.0,116,3816.0,54
rb1805,20170829,20170828,210932500,3817.0,33104,283100,1262686260.0,3817.0,85,3816.0,22
rb1805,20170829,20170828,210933000,3816.0,33136,283084,1263907380.0,3817.0,64,3816.0,5
rb1805,20170829,20170828,210933500,3815.0,33162,283080,1264899400.0,3816.0,10,3815.0,84
rb1805,20170829,20170828,210934000,3815.0,33192,283070,1266043900.0,3816.0,11,3815.0,98
rb1805,20170829,20170828,210934500,3815.0,33262,283080,1268715400.0,3817.0,46,3815.0,94
