instrument,tradingday,calendarday,time,lastp,volume,openinterest,turnover,ask1,asksz1,bid1,bidsz1
rb1805,20171123,20171122,183311500,3817.0,0,2312996,0.0,0.0,0,0.0,0
rb1805,20171123,20171122,205900500,3817.0,3052,2314248,116494840.0,3818.0,225,3817.0,20
rb1805,20171123,20171122,210000500,3818.0,4500,2314512,171781080.0,3819.0,510,3818.0,70
rb1805,20171123,20171122,210001000,3819.0,6364,2314100,242960860.0,3820.0,1231,3819.0,78
rb1805,20171123,20171122,210001500,3820.0,9268,2313796,353877920.0,3820.0,303,3818.0,180
rb1805,20171123,20171122,210002000,3818.0,9968,2313722,380614280.0,3820.0,108,3818.0,153
rb1805,20171123,20171122,210002500,3820.0,10772,2314020,411329220.0,3822.0,368,3820.0,117
rb1805,20171123,20171122,210003000,3822.0,11100,2314198,423862800.0,3822.0,283,3821.0,3
rb1805,20171123,20171122,210003500,3822.0,12168,2314404,464672140.0,3822.0,116,3820.0,49
rb1805,20171123,20171122,210004000,3821.0,12684,2314598,484383220.0,3821.0,61,3818.0,71
rb1805,20171123,20171122,210004500,3820.0,12960,2314700,494923820.0,3820.0,264,3818.0,92
rb1805,20171123,20171122,210005000,3820.0,13776,2314976,526094180.0,3820.0,126,3819.0,29
rb1805,20171123,20171122,210005500,3823.0,15746,2314702,601378260.0,3824.0,414,3823.0,61
rb1805,20171123,20171122,210006000,3823.0,16450,2314702,628295060.0,3823.0,25,3822.0,33
rb1805,20171123,20171122,210006500,3823.0,16794,2314870,641445220.0,3823.0,8,3822.0,107
rb1805,20171123,20171122,210007000,3823.0,17286,2314688,660250220.0,3823.0,28,3822.0,16
rb1805,20171123,20171122,210007500,3822.0,17532,2314708,669652400.0,3822.0,16,3820.0,46
rb1805,20171123,20171122,210008000,3820.0,17924,2314608,684628740.0,3820.0,510,3819.0,64
rb1805,20171123,20171122,210008500,3819.0,18520,2314334,707395380.0,3820.0,246,3819.0,58
rb1805,20171123,20171122,210009000,3819.0,19214,2314288,733903720.0,3819.0,10,3818.0,21
rb1805,20171123,20171122,210009500,3820.0,19454,2314320,743069180.0,3820.0,12,3818.0,105
rb1805,20171123,20171122,210010000,3821.0,19730,2314376,753610280.0,3821.0,15,3818.0,123
rb1805,20171123,20171122,210010500,3819.0,20086,2314622,767209140.0,3820.0,199,3819.0,90
rb1805,20171123,20171122,210011000,3818.0,20300,2314730,775381480.0,3819.0,69,3818.0,102
rb1805,20171123,20171122,210011500,3819.0,20474,2314776,782026060.0,3819.0,40,3818.0,90
rb1805,20171123,20171122,210012000,3818.0,20844,2314698,796155020.0,3820.0,246,3819.0,1
rb1805,20171123,20171122,210012500,3819.0,21242,2314898,811357600.0,3820.0,87,3818.0,57
rb1805,20171123,20171122,210013000,3818.0,21556,2315078,823349940.0,3819.0,2,3818.0,54
rb1805,20171123,20171122,210013500,3820.0,21912,2315096,836948540.0,3821.0,198,3820.0,358
rb1805,20171123,20171122,210014000,3820.0,22844,2315202,872549620.0,3820.0,5,3819.0,109
rb1805,20171123,20171122,210014500,3821.0,23338,2315008,891418640.0,3820.0,1,3819.0,1
rb1805,20171123,20171122,210015000,3820.0,23498,2315044,897530640.0,3821.0,124,3820.0,262
rb1805,20171123,20171122,210015500,3821.0,23870,2315090,911741180.0,3821.0,119,3820.0,93
rb1805,20171123,20171122,210016000,3819.0,24120,2315260,921290740.0,3820.0,30,3819.0,24
rb1805,20171123,20171122,210016500,3820.0,24262,2315320,926714960.0,3821.0,129,3820.0,83
rb1805,20171123,20171122,210017000,3820.0,24438,2315280,933438240.0,3821.0,127,3820.0,23
rb1805,20171123,20171122,210017500,3819.0,24646,2315296,941383720.0,3820.0,19,3819.0,188
rb1805,20171123,20171122,210018000,3820.0,24838,2315284,948718160.0,3820.0,103,3819.0,158
rb1805,20171123,20171122,210018500,3819.0,24902,2315274,951162680.0,3820.0,95,3819.0,141
rb1805,20171123,20171122,210019000,3819.0,25134,2315428,960023040.0,3820.0,102,3819.0,40
rb1805,20171123,20171122,210019500,3818.0,25248,2315498,964376840.0,3819.0,16,3818.0,365
rb1805,20171123,20171122,210020000,3818.0,25296,2315518,966209780.0,3819.0,28,3818.0,363
rb1805,20171123,20171122,210020500,3818.0,25556,2315576,976139040.0,3820.0,120,3819.0,2
rb1805,20171123,20171122,210021000,3819.0,25656,2315616,979958380.0,3819.0,4,3818.0,315
rb1805,20171123,20171122,210021500,3819.0,25752,2315602,983624220.0,3819.0,21,3818.0,290
rb1805,20171123,20171122,210022000,3819.0,25880,2315628,988512760.0,3820.0,137,3819.0,9
rb1805,20171123,20171122,210022500,3820.0,26358,2315802,1006771080.0,3821.0,198,3820.0,164
rb1805,20171123,20171122,210023000,3820.0,26500,2315818,1012195500.0,3821.0,199,3820.0,505
rb1805,20171123,20171122,210023500,3821.0,26662,2315810,1018384980.0,3821.0,196,3820.0,479
rb1805,20171123,20171122,210024000,3820.0,26808,2315816,1023962900.0,3821.0,152,3820.0,442
rb1805,20171123,20171122,210024500,3820.0,26896,2315848,1027324780.0,3821.0,190,3820.0,431
rb1805,20171123,20171122,210025000,3820.0,26938,2315864,1028929240.0,3821.0,206,3820.0,415
rb1805,20171123,20171122,210025500,3820.0,27024,2315876,1032214680.0,3821.0,268,3820.0,398
rb1805,20171123,20171122,210026000,3821.0,27396,2315988,1046427280.0,3821.0,170,3820.0,351
rb1805,20171123,20171122,210026500,3821.0,27784,2315690,1061252580.0,3822.0,286,3821.0,34
rb1805,20171123,20171122,210027000,3821.0,28098,2315704,1073248560.0,3822.0,267,3821.0,20
rb1805,20171123,20171122,210027500,3821.0,28478,2315862,1087766280.0,3821.0,61,3820.0,134
rb1805,20171123,20171122,210028000,3821.0,28638,2315838,1093879780.0,3822.0,274,3820.0,132
rb1805,20171123,20171122,210028500,3821.0,28678,2315862,1095408000.0,3821.0,11,3820.0,125
rb1805,20171123,20171122,210029000,3821.0,28844,2315822,1101749280.0,3821.0,28,3820.0,48
rb1805,20171123,20171122,210029500,3821.0,28878,2315840,1103048280.0,3821.0,344,3820.0,57
rb1805,20171123,20171122,210030000,3821.0,29078,2315918,1110688940.0,3821.0,450,3820.0,1
rb1805,20171123,20171122,210030500,3820.0,29140,2315954,1113057360.0,3820.0,500,3819.0,113
rb1805,20171123,20171122,210031000,3820.0,29178,2315940,1114508940.0,3820.0,495,3819.0,112
rb1805,20171123,20171122,210031500,3819.0,29198,2315928,1115272880.0,3820.0,523,3819.0,110
rb1805,20171123,20171122,210032000,3819.0,29438,2316004,1124438580.0,3819.0,444,3818.0,318
rb1805,20171123,20171122,210032500,3819.0,29552,2316058,1128792000.0,3819.0,401,3818.0,307
rb1805,20171123,20171122,210033000,3819.0,29624,2316036,1131541100.0,3819.0,466,3818.0,284
rb1805,20171123,20171122,210033500,3819.0,29716,2316052,1135054140.0,3819.0,464,3818.0,267
rb1805,20171123,20171122,210034000,3818.0,29844,2316042,1139941460.0,3819.0,466,3818.0,229
rb1805,20171123,20171122,210034500,3818.0,30302,2315764,1157427940.0,3819.0,467,3818.0,21
rb1805,20171123,20171122,210035000,3818.0,30370,2315748,1160024080.0,3818.0,292,3817.0,289
rb1805,20171123,20171122,210035500,3818.0,30518,2315814,1165673960.0,3818.0,343,3817.0,255
rb1805,20171123,20171122,210036000,3818.0,30738,2315730,1174073040.0,3818.0,290,3817.0,249
rb1805,20171123,20171122,210036500,3817.0,31220,2315324,1192475720.0,3818.0,66,3817.0,245
rb1805,20171123,20171122,210037000,3818.0,31424,2315412,1200264440.0,3819.0,149,3818.0,167
rb1805,20171123,20171122,210037500,3818.0,31582,2315476,1206296980.0,3819.0,151,3818.0,146
rb1805,20171123,20171122,210038000,3818.0,31666,2315500,1209504140.0,3819.0,147,3818.0,316
rb1805,20171123,20171122,210038500,3818.0,31794,2315534,1214391360.0,3819.0,138,3818.0,293
rb1805,20171123,20171122,210039000,3818.0,31806,2315532,1214849540.0,3819.0,155,3818.0,306
rb1805,20171123,20171122,210039500,3819.0,32148,2315300,1227908020.0,3819.0,114,3818.0,213
rb1805,20171123,20171122,210040000,3819.0,32412,2315248,1237989880.0,3819.0,4,3818.0,363
rb1805,20171123,20171122,210040500,3819.0,32500,2315244,1241351140.0,3820.0,570,3819.0,17
rb1805,20171123,20171122,210041000,3818.0,32584,2315202,1244558820.0,3819.0,2,3818.0,378
rb1805,20171123,20171122,210041500,3819.0,32624,2315176,1246086620.0,3820.0,615,3819.0,7
rb1805,20171123,20171122,210042000,3819.0,32778,2315190,1251967280.0,3820.0,642,3819.0,155
rb1805,20171123,20171122,210042500,3820.0,32806,2315204,1253036660.0,3820.0,642,3819.0,146
rb1805,20171123,20171122,210043000,3820.0,33868,2315326,1293604680.0,3820.0,133,3819.0,237
rb1805,20171123,20171122,210043500,3820.0,34100,2315388,1302467060.0,3820.0,49,3819.0,260
rb1805,20171123,20171122,210044000,3820.0,34218,2315460,1306974600.0,3821.0,592,3820.0,122
rb1805,20171123,20171122,210044500,3820.0,34394,2315400,1313698380.0,3821.0,555,3820.0,142
rb1805,20171123,20171122,210045000,3820.0,34464,2315370,1316372640.0,3821.0,543,3820.0,129
rb1805,20171123,20171122,210045500,3820.0,34590,2315354,1321186720.0,3821.0,501,3820.0,168
rb1805,20171123,20171122,210046000,3821.0,34738,2315310,1326841620.0,3821.0,436,3820.0,165
rb1805,20171123,20171122,210046500,3821.0,35106,2315232,1340902600.0,3821.0,272,3820.0,172
rb1805,20171123,20171122,210047000,3821.0,35668,2315416,1362376640.0,3822.0,317,3821.0,174
rb1805,20171123,20171122,210047500,3821.0,35754,2315474,1365663260.0,3822.0,289,3821.0,164
rb1805,20171123,20171122,210048000,3821.0,35774,2315484,1366427520.0,3822.0,282,3821.0,532
rb1805,20171123,20171122,210048500,3821.0,35838,2315480,1368873420.0,3822.0,261,3821.0,570
rb1805,20171123,20171122,210049000,3822.0,36168,2315694,1381485160.0,3822.0,161,3821.0,505
rb1805,20171123,20171122,210049500,3822.0,36454,2315794,1392415960.0,3822.0,30,3821.0,520
rb1805,20171123,20171122,210050000,3823.0,36592,2315840,1397690060.0,3823.0,338,3822.0,209
rb1805,20171123,20171122,210050500,3822.0,37382,2315718,1427888000.0,3823.0,132,3822.0,81
rb1805,20171123,20171122,210051000,3823.0,38062,2315844,1453879500.0,3824.0,274,3823.0,74
rb1805,20171123,20171122,210051500,3823.0,38286,2315832,1462442580.0,3823.0,15,3822.0,11
rb1805,20171123,20171122,210052000,3823.0,38330,2315832,1464124280.0,3823.0,43,3822.0,11
rb1805,20171123,20171122,210052500,3822.0,38396,2315876,1466646760.0,3822.0,96,3821.0,344
rb1805,20171123,20171122,210053000,3822.0,38800,2315796,1482085280.0,3822.0,37,3821.0,226
rb1805,20171123,20171122,210053500,3822.0,39280,2315862,1500427240.0,3822.0,44,3821.0,45
rb1805,20171123,20171122,210054000,3821.0,39404,2315782,1505165280.0,3821.0,19,3820.0,103
rb1805,20171123,20171122,210054500,3821.0,39516,2315840,1509444780.0,3821.0,43,3820.0,92
rb1805,20171123,20171122,210055000,3821.0,40506,2316102,1547264200.0,3820.0,1,3819.0,307
rb1805,20171123,20171122,210055500,3821.0,40610,2316078,1551237660.0,3821.0,8,3820.0,3
rb1805,20171123,20171122,210056000,3820.0,40714,2316066,1555210460.0,3820.0,80,3819.0,305
rb1805,20171123,20171122,210056500,3820.0,40810,2316146,1558877660.0,3820.0,110,3819.0,305
rb1805,20171123,20171122,210057000,3820.0,40868,2316096,1561093220.0,3820.0,84,3819.0,204
rb1805,20171123,20171122,210057500,3820.0,41332,2316238,1578822180.0,3822.0,268,3819.0,195
rb1805,20171123,20171122,210058000,3821.0,41378,2316264,1580579860.0,3822.0,268,3821.0,7
rb1805,20171123,20171122,210058500,3820.0,41408,2316288,1581726100.0,3821.0,231,3820.0,42
rb1805,20171123,20171122,210059000,3820.0,41466,2316304,1583942000.0,3821.0,230,3820.0,47
rb1805,20171123,20171122,210059500,3820.0,41516,2316280,1585852420.0,3821.0,412,3820.0,59
rb1805,20171123,20171122,210100000,3821.0,41592,2316280,1588756360.0,3821.0,376,3820.0,86
rb1805,20171123,20171122,210100500,3821.0,41894,2316298,1600295660.0,3821.0,245,3820.0,100
rb1805,20171123,20171122,210101000,3820.0,42400,2316208,1619625260.0,3820.0,39,3819.0,200
rb1805,20171123,20171122,210101500,3821.0,42514,2316230,1623980340.0,3821.0,243,3820.0,31
rb1805,20171123,20171122,210102000,3820.0,42558,2316256,1625661160.0,3821.0,297,3820.0,26
rb1805,20171123,20171122,210102500,3819.0,42722,2316296,1631925860.0,3820.0,5,3819.0,198
rb1805,20171123,20171122,210103000,3820.0,42840,2316308,1636433140.0,3821.0,297,3820.0,8
rb1805,20171123,20171122,210103500,3820.0,42894,2316322,1638495900.0,3820.0,11,3819.0,192
rb1805,20171123,20171122,210104000,3820.0,42970,2316290,1641398540.0,3820.0,20,3819.0,170
rb1805,20171123,20171122,210104500,3820.0,43330,2316450,1655150440.0,3821.0,377,3820.0,31
rb1805,20171123,20171122,210105000,3819.0,43576,2316498,1664547400.0,3820.0,30,3819.0,156
rb1805,20171123,20171122,210105500,3821.0,43780,2316664,1672341120.0,3820.0,6,3819.0,149
rb1805,20171123,20171122,210106000,3820.0,44884,2317312,1714496640.0,3819.0,6,3818.0,71
rb1805,20171123,20171122,210106500,3819.0,45050,2317386,1720835080.0,3819.0,109,3818.0,30
rb1805,20171123,20171122,210107000,3819.0,45284,2317356,1729771460.0,3820.0,164,3819.0,217
rb1805,20171123,20171122,210107500,3819.0,45318,2317350,1731070040.0,3820.0,149,3819.0,242
rb1805,20171123,20171122,210108000,3819.0,45374,2317360,1733209080.0,3820.0,108,3819.0,318
rb1805,20171123,20171122,210108500,3819.0,45610,2317346,1742223800.0,3820.0,34,3819.0,310
rb1805,20171123,20171122,210109000,3820.0,45740,2317342,1747189800.0,3821.0,284,3820.0,61
rb1805,20171123,20171122,210109500,3819.0,46098,2317454,1760863780.0,3820.0,10,3819.0,228
rb1805,20171123,20171122,210110000,3820.0,46332,2317438,1769800520.0,3821.0,286,3820.0,40
rb1805,20171123,20171122,210110500,3820.0,46514,2317544,1776752900.0,3820.0,110,3819.0,131
rb1805,20171123,20171122,210111000,3819.0,46540,2317524,1777745860.0,3820.0,120,3819.0,128
rb1805,20171123,20171122,210111500,3820.0,46558,2317516,1778433420.0,3820.0,158,3819.0,133
rb1805,20171123,20171122,210112000,3820.0,46616,2317514,1780648500.0,3820.0,185,3819.0,120
rb1805,20171123,20171122,210112500,3820.0,46730,2317506,1785002900.0,3820.0,220,3819.0,116
rb1805,20171123,20171122,210113000,3820.0,46736,2317506,1785232080.0,3820.0,232,3819.0,125
rb1805,20171123,20171122,210113500,3820.0,47286,2317548,1806241300.0,3820.0,8,3819.0,100
rb1805,20171123,20171122,210114000,3820.0,47356,2317574,1808915320.0,3821.0,325,3820.0,189
rb1805,20171123,20171122,210114500,3820.0,47466,2317518,1813117500.0,3821.0,323,3820.0,150
rb1805,20171123,20171122,210115000,3820.0,47502,2317502,1814492700.0,3821.0,325,3820.0,168
rb1805,20171123,20171122,210115500,3820.0,47550,2317500,1816326440.0,3821.0,323,3820.0,182
rb1805,20171123,20171122,210116000,3821.0,47656,2317506,1820376620.0,3821.0,281,3820.0,195
rb1805,20171123,20171122,210116500,3820.0,47726,2317474,1823050960.0,3821.0,298,3820.0,229
rb1805,20171123,20171122,210117000,3821.0,47866,2317438,1828400020.0,3821.0,247,3820.0,218
rb1805,20171123,20171122,210117500,3820.0,47988,2317420,1833060640.0,3821.0,247,3820.0,169
rb1805,20171123,20171122,210118000,3821.0,48186,2317354,1840626100.0,3821.0,157,3820.0,163
rb1805,20171123,20171122,210118500,3821.0,48206,2317358,1841390240.0,3821.0,180,3820.0,172
rb1805,20171123,20171122,210119000,3821.0,48270,2317384,1843835240.0,3821.0,171,3820.0,152
rb1805,20171123,20171122,210119500,3822.0,48686,2317664,1859730500.0,3822.0,417,3821.0,25
rb1805,20171123,20171122,210120000,3822.0,48814,2317662,1864622500.0,3822.0,364,3821.0,54
rb1805,20171123,20171122,210120500,3820.0,49078,2317600,1874709060.0,3821.0,148,3820.0,193
rb1805,20171123,20171122,210121000,3820.0,49160,2317636,1877842220.0,3821.0,117,3820.0,196
rb1805,20171123,20171122,210121500,3821.0,49320,2317726,1883955720.0,3821.0,60,3820.0,197
rb1805,20171123,20171122,210122000,3821.0,49378,2317746,1886171500.0,3821.0,58,3820.0,177
rb1805,20171123,20171122,210122500,3821.0,49694,2317768,1898242800.0,3821.0,55,3820.0,85
rb1805,20171123,20171122,210123000,3820.0,49786,2317770,1901757520.0,3821.0,51,3820.0,53
rb1805,20171123,20171122,210123500,3820.0,49866,2317790,1904814000.0,3821.0,46,3820.0,75
rb1805,20171123,20171122,210124000,3821.0,49910,2317798,1906495120.0,3821.0,82,3820.0,73
rb1805,20171123,20171122,210124500,3821.0,50084,2317798,1913143560.0,3821.0,21,3820.0,71
rb1805,20171123,20171122,210125000,3822.0,50302,2317828,1921473440.0,3822.0,391,3821.0,301
rb1805,20171123,20171122,210125500,3821.0,50358,2317836,1923613280.0,3822.0,398,3821.0,293
rb1805,20171123,20171122,210126000,3822.0,50400,2317850,1925218240.0,3822.0,393,3821.0,286
rb1805,20171123,20171122,210126500,3822.0,51542,2318260,1968861840.0,3822.0,5,3821.0,115
rb1805,20171123,20171122,210127000,3822.0,51596,2318300,1970925580.0,3823.0,281,3822.0,35
rb1805,20171123,20171122,210127500,3821.0,51744,2318318,1976581880.0,3822.0,96,3821.0,108
rb1805,20171123,20171122,210128000,3821.0,51912,2318428,1983001580.0,3822.0,75,3821.0,46
rb1805,20171123,20171122,210128500,3822.0,52008,2318436,1986669960.0,3822.0,74,3821.0,5
rb1805,20171123,20171122,210129000,3823.0,52398,2318720,2001573980.0,3823.0,302,3822.0,88
rb1805,20171123,20171122,210129500,3822.0,52646,2318854,2011052440.0,3822.0,46,3821.0,16
rb1805,20171123,20171122,210130000,3820.0,52688,2318826,2012657240.0,3822.0,179,3821.0,1
rb1805,20171123,20171122,210130500,3822.0,52860,2318834,2019230080.0,3822.0,145,3821.0,128
rb1805,20171123,20171122,210131000,3822.0,52888,2318838,2020300100.0,3822.0,204,3821.0,133
rb1805,20171123,20171122,210131500,3821.0,53008,2318880,2024885700.0,3822.0,247,3821.0,118
rb1805,20171123,20171122,210132000,3822.0,53096,2318914,2028248380.0,3822.0,277,3821.0,99
rb1805,20171123,20171122,210132500,3821.0,53418,2319036,2040551920.0,3821.0,23,3820.0,242
rb1805,20171123,20171122,210133000,3821.0,53720,2319044,2052093100.0,3821.0,5,3820.0,243
rb1805,20171123,20171122,210133500,3821.0,53752,2319028,2053315840.0,3821.0,43,3820.0,243
rb1805,20171123,20171122,210134000,3821.0,54000,2319096,2062792260.0,3822.0,184,3821.0,100
rb1805,20171123,20171122,210134500,3822.0,54140,2319116,2068141940.0,3822.0,253,3821.0,56
rb1805,20171123,20171122,210135000,3821.0,54342,2319216,2075861840.0,3822.0,189,3821.0,43
rb1805,20171123,20171122,210135500,3821.0,54404,2319236,2078231340.0,3822.0,168,3821.0,146
rb1805,20171123,20171122,210136000,3822.0,54432,2319234,2079301400.0,3822.0,167,3821.0,145
rb1805,20171123,20171122,210136500,3821.0,54686,2319206,2089008400.0,3822.0,98,3821.0,102
rb1805,20171123,20171122,210137000,3820.0,55134,2318888,2106126680.0,3821.0,26,3820.0,204
rb1805,20171123,20171122,210137500,3821.0,55254,2318908,2110712100.0,3821.0,11,3820.0,225
rb1805,20171123,20171122,210138000,3821.0,55532,2318968,2121336020.0,3822.0,83,3821.0,24
rb1805,20171123,20171122,210138500,3822.0,55702,2318972,2127832460.0,3822.0,34,3821.0,55
rb1805,20171123,20171122,210139000,3821.0,55714,2318974,2128291000.0,3822.0,35,3821.0,69
rb1805,20171123,20171122,210139500,3821.0,55820,2318914,2132341600.0,3822.0,33,3821.0,40
rb1805,20171123,20171122,210140000,3822.0,55852,2318890,2133564380.0,3822.0,37,3821.0,26
rb1805,20171123,20171122,210140500,3822.0,55944,2318890,2137080420.0,3823.0,373,3822.0,3
rb1805,20171123,20171122,210141000,3822.0,55994,2318918,2138991400.0,3822.0,28,3821.0,22
rb1805,20171123,20171122,210141500,3822.0,56036,2318942,2140596400.0,3822.0,26,3821.0,11
rb1805,20171123,20171122,210142000,3821.0,56072,2318970,2141972020.0,3822.0,41,3821.0,29
rb1805,20171123,20171122,210142500,3822.0,56446,2319112,2156267120.0,3823.0,328,3822.0,7
rb1805,20171123,20171122,210143000,3822.0,56544,2319176,2160012660.0,3822.0,1,3821.0,163
rb1805,20171123,20171122,210143500,3822.0,56566,2319194,2160853540.0,3823.0,378,3822.0,104
rb1805,20171123,20171122,210144000,3822.0,56634,2319206,2163452520.0,3823.0,377,3822.0,61
rb1805,20171123,20171122,210144500,3823.0,56662,2319212,2164522760.0,3823.0,373,3822.0,70
rb1805,20171123,20171122,210145000,3823.0,56706,2319220,2166204720.0,3823.0,365,3822.0,76
rb1805,20171123,20171122,210145500,3822.0,56754,2319246,2168039540.0,3823.0,361,3822.0,71
rb1805,20171123,20171122,210146000,3822.0,56802,2319262,2169874200.0,3823.0,359,3822.0,54
rb1805,20171123,20171122,210146500,3822.0,56990,2319238,2177060120.0,3822.0,39,3821.0,194
rb1805,20171123,20171122,210147000,3822.0,57114,2319174,2181798920.0,3822.0,29,3821.0,171
rb1805,20171123,20171122,210147500,3821.0,57252,2319234,2187073160.0,3822.0,14,3821.0,142
rb1805,20171123,20171122,210148000,3822.0,57326,2319232,2189901420.0,3822.0,35,3821.0,150
rb1805,20171123,20171122,210148500,3822.0,57374,2319238,2191735980.0,3822.0,29,3821.0,133
rb1805,20171123,20171122,210149000,3822.0,57406,2319250,2192959000.0,3822.0,94,3821.0,127
rb1805,20171123,20171122,210149500,3822.0,57482,2319314,2195863560.0,3822.0,92,3821.0,166
rb1805,20171123,20171122,210150000,3822.0,57726,2319450,2205189080.0,3822.0,15,3821.0,158
rb1805,20171123,20171122,210150500,3821.0,57742,2319442,2205800580.0,3822.0,33,3821.0,157
rb1805,20171123,20171122,210151000,3822.0,57818,2319466,2208705200.0,3822.0,4,3821.0,307
rb1805,20171123,20171122,210151500,3822.0,57982,2319476,2214973260.0,3823.0,439,3822.0,2
rb1805,20171123,20171122,210152000,3823.0,58022,2319482,2216502120.0,3823.0,440,3822.0,140
rb1805,20171123,20171122,210152500,3822.0,58048,2319500,2217495900.0,3823.0,435,3822.0,181
rb1805,20171123,20171122,210153000,3822.0,58124,2319514,2220400680.0,3823.0,430,3822.0,264
rb1805,20171123,20171122,210153500,3823.0,58440,2319388,2232480760.0,3823.0,303,3822.0,261
rb1805,20171123,20171122,210154000,3823.0,58546,2319366,2236532160.0,3823.0,305,3822.0,212
rb1805,20171123,20171122,210154500,3823.0,58892,2319522,2249759480.0,3823.0,151,3822.0,191
rb1805,20171123,20171122,210155000,3822.0,58936,2319488,2251441420.0,3823.0,138,3822.0,227
rb1805,20171123,20171122,210155500,3823.0,59250,2319528,2263445340.0,3823.0,7,3822.0,212
rb1805,20171123,20171122,210156000,3824.0,59344,2319548,2267038440.0,3824.0,347,3823.0,136
rb1805,20171123,20171122,210156500,3823.0,59582,2319676,2276137600.0,3824.0,338,3823.0,51
rb1805,20171123,20171122,210157000,3824.0,59636,2319674,2278202100.0,3824.0,336,3823.0,29
rb1805,20171123,20171122,210157500,3824.0,59878,2319806,2287455920.0,3824.0,228,3823.0,85
rb1805,20171123,20171122,210158000,3824.0,60046,2319872,2293880160.0,3824.0,148,3823.0,91
rb1805,20171123,20171122,210158500,3823.0,60098,2319894,2295868480.0,3824.0,129,3823.0,195
rb1805,20171123,20171122,210159000,3824.0,60412,2320138,2307875840.0,3825.0,385,3824.0,193
rb1805,20171123,20171122,210159500,3824.0,60510,2320174,2311623860.0,3825.0,367,3824.0,181
rb1805,20171123,20171122,210200000,3825.0,60552,2320178,2313230140.0,3825.0,358,3824.0,287
rb1805,20171123,20171122,210200500,3825.0,61142,2320154,2335797360.0,3825.0,77,3824.0,333
rb1805,20171123,20171122,210201000,3826.0,61452,2320226,2347655440.0,3826.0,431,3825.0,219
rb1805,20171123,20171122,210201500,3825.0,62026,2320534,2369615540.0,3826.0,221,3825.0,260
rb1805,20171123,20171122,210202000,3826.0,62758,2320706,2397623540.0,3827.0,157,3826.0,142
rb1805,20171123,20171122,210202500,3827.0,63368,2321064,2420964000.0,3827.0,66,3826.0,41
rb1805,20171123,20171122,210203000,3827.0,65574,2321296,2505406200.0,3829.0,333,3827.0,227
rb1805,20171123,20171122,210203500,3829.0,66644,2321588,2546369580.0,3830.0,1159,3829.0,7
rb1805,20171123,20171122,210204000,3830.0,70586,2321592,2697336520.0,3831.0,64,3830.0,3
rb1805,20171123,20171122,210204500,3833.0,72528,2321334,2771744240.0,3833.0,310,3831.0,2009
rb1805,20171123,20171122,210205000,3835.0,76936,2319262,2940728060.0,3835.0,419,3833.0,974
rb1805,20171123,20171122,210205500,3833.0,82016,2319506,3135484240.0,3833.0,6,3831.0,1982
rb1805,20171123,20171122,210206000,3832.0,83530,2319462,3193501300.0,3832.0,2,3831.0,1641
rb1805,20171123,20171122,210206500,3834.0,84722,2319814,3239192060.0,3835.0,53,3834.0,37
rb1805,20171123,20171122,210207000,3834.0,85532,2319988,3270243360.0,3834.0,283,3833.0,89
rb1805,20171123,20171122,210207500,3833.0,86830,2320514,3319995240.0,3834.0,222,3833.0,6
rb1805,20171123,20171122,210208000,3832.0,87090,2320426,3329958780.0,3832.0,17,3831.0,1541
rb1805,20171123,20171122,210208500,3831.0,87456,2320432,3343983140.0,3833.0,293,3831.0,1470
rb1805,20171123,20171122,210209000,3831.0,87706,2320414,3353561280.0,3832.0,73,3831.0,1394
rb1805,20171123,20171122,210209500,3832.0,88446,2319884,3381911480.0,3832.0,84,3831.0,1065
rb1805,20171123,20171122,210210000,3832.0,88800,2319820,3395475520.0,3833.0,338,3832.0,11
rb1805,20171123,20171122,210210500,3831.0,89436,2319976,3419845780.0,3833.0,281,3831.0,806
rb1805,20171123,20171122,210211000,3831.0,90012,2320486,3441913040.0,3832.0,80,3831.0,554
rb1805,20171123,20171122,210211500,3831.0,90340,2320792,3454479800.0,3832.0,180,3831.0,459
rb1805,20171123,20171122,210212000,3831.0,91124,2321228,3484516180.0,3832.0,207,3831.0,178
rb1805,20171123,20171122,210212500,3831.0,91920,2321552,3515012560.0,3832.0,136,3831.0,1
rb1805,20171123,20171122,210213000,3831.0,92864,2321772,3551174520.0,3831.0,110,3829.0,10
rb1805,20171123,20171122,210213500,3830.0,93156,2321702,3562358660.0,3830.0,3,3829.0,10
rb1805,20171123,20171122,210214000,3831.0,93352,2321604,3569865600.0,3831.0,131,3830.0,6
rb1805,20171123,20171122,210214500,3830.0,93684,2321630,3582582000.0,3831.0,107,3830.0,16
rb1805,20171123,20171122,210215000,3831.0,93826,2321556,3588020340.0,3830.0,5,3829.0,266
rb1805,20171123,20171122,210215500,3830.0,94194,2321596,3602114480.0,3831.0,160,3830.0,242
rb1805,20171123,20171122,210216000,3830.0,94486,2321590,3613298520.0,3831.0,82,3830.0,124
rb1805,20171123,20171122,210216500,3830.0,94630,2321572,3618814640.0,3831.0,77,3830.0,104
rb1805,20171123,20171122,210217000,3830.0,95098,2321658,3636741180.0,3830.0,126,3829.0,382
rb1805,20171123,20171122,210217500,3830.0,95648,2321474,3657805680.0,3830.0,29,3829.0,355
rb1805,20171123,20171122,210218000,3831.0,95840,2321470,3665159900.0,3831.0,2,3830.0,335
rb1805,20171123,20171122,210218500,3831.0,95990,2321424,3670906140.0,3831.0,61,3830.0,382
rb1805,20171123,20171122,210219000,3831.0,96322,2321362,3683625060.0,3832.0,207,3831.0,143
rb1805,20171123,20171122,210219500,3831.0,96686,2321354,3697571880.0,3832.0,120,3831.0,28
rb1805,20171123,20171122,210220000,3831.0,96940,2321276,3707302460.0,3831.0,117,3830.0,434
rb1805,20171123,20171122,210220500,3831.0,97318,2321380,3721781800.0,3831.0,117,3830.0,344
rb1805,20171123,20171122,210221000,3831.0,97494,2321298,3728523780.0,3831.0,83,3830.0,325
rb1805,20171123,20171122,210221500,3831.0,97948,2321534,3745914060.0,3831.0,93,3830.0,205
rb1805,20171123,20171122,210222000,3830.0,98086,2321576,3751199800.0,3831.0,146,3830.0,156
rb1805,20171123,20171122,210222500,3830.0,98194,2321538,3755336820.0,3831.0,139,3830.0,150
rb1805,20171123,20171122,210223000,3830.0,98532,2321496,3768282500.0,3830.0,6,3829.0,536
rb1805,20171123,20171122,210223500,3831.0,98622,2321468,3771730020.0,3831.0,167,3830.0,49
rb1805,20171123,20171122,210224000,3830.0,99102,2321588,3790116480.0,3831.0,62,3830.0,290
rb1805,20171123,20171122,210224500,3831.0,99284,2321608,3797088980.0,3832.0,169,3831.0,421
rb1805,20171123,20171122,210225000,3831.0,99716,2321444,3813640700.0,3832.0,75,3831.0,349
rb1805,20171123,20171122,210225500,3832.0,99968,2321518,3823296760.0,3833.0,422,3832.0,61
rb1805,20171123,20171122,210226000,3832.0,100274,2321526,3835024700.0,3833.0,326,3832.0,9
rb1805,20171123,20171122,210226500,3832.0,100562,2321416,3846059500.0,3833.0,310,3832.0,5
rb1805,20171123,20171122,210227000,3833.0,100722,2321492,3852192000.0,3833.0,245,3832.0,18
rb1805,20171123,20171122,210227500,3832.0,100784,2321486,3854568000.0,3833.0,239,3832.0,88
rb1805,20171123,20171122,210228000,3832.0,100852,2321460,3857173820.0,3833.0,236,3832.0,107
rb1805,20171123,20171122,210228500,3833.0,101066,2321534,3865375980.0,3833.0,164,3832.0,85
rb1805,20171123,20171122,210229000,3831.0,101364,2321448,3876795280.0,3833.0,146,3832.0,10
rb1805,20171123,20171122,210229500,3833.0,101842,2321742,3895116720.0,3834.0,279,3833.0,15
rb1805,20171123,20171122,210230000,3833.0,102104,2321758,3905156840.0,3833.0,18,3832.0,21
rb1805,20171123,20171122,210230500,3832.0,102254,2321754,3910905540.0,3834.0,260,3832.0,66
rb1805,20171123,20171122,210231000,3834.0,102368,2321748,3915275260.0,3834.0,258,3833.0,58
rb1805,20171123,20171122,210231500,3833.0,102488,2321754,3919875200.0,3834.0,293,3833.0,53
rb1805,20171123,20171122,210232000,3833.0,102650,2321720,3926084500.0,3833.0,3,3832.0,205
rb1805,20171123,20171122,210232500,3833.0,102876,2321644,3934745780.0,3833.0,13,3832.0,123
rb1805,20171123,20171122,210233000,3832.0,103084,2321658,3942717760.0,3833.0,28,3832.0,104
rb1805,20171123,20171122,210233500,3832.0,103178,2321722,3946320000.0,3833.0,74,3832.0,74
rb1805,20171123,20171122,210234000,3833.0,103766,2321994,3968856380.0,3834.0,305,3833.0,35
rb1805,20171123,20171122,210234500,3832.0,104018,2321994,3978515160.0,3833.0,131,3831.0,189
rb1805,20171123,20171122,210235000,3833.0,104080,2322030,3980891280.0,3833.0,197,3832.0,10
rb1805,20171123,20171122,210235500,3833.0,104240,2322036,3987022620.0,3833.0,206,3832.0,99
rb1805,20171123,20171122,210236000,3832.0,104286,2322016,3988785660.0,3833.0,199,3832.0,123
rb1805,20171123,20171122,210236500,3833.0,104400,2321984,3993155220.0,3833.0,217,3832.0,137
rb1805,20171123,20171122,210237000,3832.0,104454,2321960,3995224600.0,3833.0,267,3832.0,117
rb1805,20171123,20171122,210237500,3833.0,104984,2322094,4015538400.0,3833.0,78,3832.0,53
rb1805,20171123,20171122,210238000,3832.0,105344,2322252,4029336440.0,3834.0,396,3832.0,43
rb1805,20171123,20171122,210238500,3833.0,105442,2322254,4033092760.0,3834.0,398,3833.0,25
rb1805,20171123,20171122,210239000,3833.0,105764,2322480,4045436100.0,3833.0,409,3832.0,72
rb1805,20171123,20171122,210239500,3832.0,105806,2322494,4047045760.0,3833.0,419,3832.0,70
rb1805,20171123,20171122,210240000,3833.0,106144,2322444,4059999180.0,3833.0,360,3831.0,424
rb1805,20171123,20171122,210240500,3832.0,106240,2322432,4063677600.0,3833.0,357,3832.0,9
rb1805,20171123,20171122,210241000,3833.0,106350,2322450,4067893180.0,3833.0,396,3832.0,13
rb1805,20171123,20171122,210241500,3833.0,106404,2322492,4069962900.0,3833.0,394,3832.0,16
rb1805,20171123,20171122,210242000,3832.0,106630,2322638,4078624920.0,3833.0,314,3832.0,3
rb1805,20171123,20171122,210242500,3831.0,106686,2322652,4080770680.0,3832.0,45,3831.0,390
rb1805,20171123,20171122,210243000,3832.0,106812,2322664,4085598840.0,3832.0,138,3831.0,385
rb1805,20171123,20171122,210243500,3832.0,107096,2322506,4096481600.0,3832.0,151,3831.0,387
rb1805,20171123,20171122,210244000,3831.0,107136,2322504,4098014200.0,3832.0,173,3831.0,378
rb1805,20171123,20171122,210244500,3832.0,107450,2322430,4110043980.0,3832.0,157,3831.0,242
rb1805,20171123,20171122,210245000,3831.0,107590,2322518,4115408400.0,3832.0,110,3831.0,232
rb1805,20171123,20171122,210245500,3831.0,107644,2322538,4117477560.0,3832.0,122,3831.0,238
rb1805,20171123,20171122,210246000,3831.0,107810,2322524,4123837420.0,3832.0,106,3831.0,177
rb1805,20171123,20171122,210246500,3832.0,107922,2322476,4128128980.0,3832.0,67,3831.0,170
rb1805,20171123,20171122,210247000,3833.0,108374,2322574,4145451640.0,3833.0,457,3832.0,63
rb1805,20171123,20171122,210247500,3832.0,108606,2322646,4154342700.0,3833.0,530,3832.0,4
rb1805,20171123,20171122,210248000,3832.0,108790,2322670,4161393460.0,3833.0,531,3832.0,102
rb1805,20171123,20171122,210248500,3833.0,108822,2322680,4162619860.0,3833.0,526,3832.0,98
rb1805,20171123,20171122,210249000,3832.0,109026,2322718,4170438160.0,3833.0,447,3832.0,108
rb1805,20171123,20171122,210249500,3832.0,109136,2322700,4174654040.0,3833.0,417,3832.0,103
rb1805,20171123,20171122,210250000,3832.0,109310,2322698,4181322980.0,3833.0,308,3832.0,105
rb1805,20171123,20171122,210250500,3832.0,109780,2322728,4199336160.0,3833.0,177,3832.0,17
rb1805,20171123,20171122,210251000,3833.0,110294,2322802,4219037980.0,3834.0,440,3833.0,167
rb1805,20171123,20171122,210251500,3833.0,110364,2322838,4221721220.0,3834.0,515,3833.0,217
rb1805,20171123,20171122,210252000,3834.0,110514,2322982,4227470820.0,3834.0,540,3833.0,155
rb1805,20171123,20171122,210252500,3835.0,111718,2323482,4273631140.0,3835.0,1083,3834.0,155
rb1805,20171123,20171122,210253000,3835.0,111746,2323488,4274704700.0,3835.0,1100,3834.0,232
rb1805,20171123,20171122,210253500,3835.0,112018,2323424,4285134500.0,3835.0,1034,3834.0,177
rb1805,20171123,20171122,210254000,3834.0,112810,2323576,4315505620.0,3835.0,744,3834.0,95
rb1805,20171123,20171122,210254500,3834.0,113020,2323592,4323557420.0,3835.0,711,3834.0,54
rb1805,20171123,20171122,210255000,3835.0,113166,2323690,4329155920.0,3835.0,679,3834.0,57
rb1805,20171123,20171122,210255500,3835.0,113320,2323652,4335060800.0,3835.0,677,3834.0,108
rb1805,20171123,20171122,210256000,3834.0,113550,2323588,4343879660.0,3835.0,686,3834.0,26
rb1805,20171123,20171122,210256500,3834.0,113650,2323550,4347713540.0,3834.0,137,3833.0,119
rb1805,20171123,20171122,210257000,3834.0,113788,2323612,4353004020.0,3834.0,119,3833.0,96
rb1805,20171123,20171122,210257500,3834.0,113874,2323662,4356301240.0,3834.0,112,3833.0,95
rb1805,20171123,20171122,210258000,3834.0,114292,2323704,4372326120.0,3835.0,750,3834.0,169
rb1805,20171123,20171122,210258500,3834.0,114922,2323748,4396478980.0,3834.0,45,3832.0,234
rb1805,20171123,20171122,210259000,3834.0,114994,2323748,4399239460.0,3834.0,57,3832.0,234
rb1805,20171123,20171122,210259500,3833.0,115082,2323752,4402612180.0,3833.0,16,3832.0,226
rb1805,20171123,20171122,210300000,3832.0,115136,2323716,4404681960.0,3833.0,62,3832.0,194
rb1805,20171123,20171122,210300500,3833.0,115528,2323984,4419707300.0,3834.0,298,3833.0,24
rb1805,20171123,20171122,210301000,3833.0,115820,2323996,4430900980.0,3834.0,267,3833.0,75
rb1805,20171123,20171122,210301500,3833.0,115882,2323984,4433277980.0,3834.0,321,3833.0,258
rb1805,20171123,20171122,210302000,3833.0,115952,2323998,4435961500.0,3834.0,313,3833.0,284
rb1805,20171123,20171122,210302500,3833.0,116016,2323984,4438415000.0,3834.0,309,3833.0,279
rb1805,20171123,20171122,210303000,3834.0,116796,2323600,4468319180.0,3835.0,875,3834.0,676
rb1805,20171123,20171122,210303500,3835.0,117482,2323902,4494624680.0,3835.0,664,3834.0,591
rb1805,20171123,20171122,210304000,3835.0,117628,2324006,4500223440.0,3835.0,617,3834.0,582
rb1805,20171123,20171122,210304500,3834.0,118562,2324614,4536041460.0,3835.0,246,3834.0,541
rb1805,20171123,20171122,210305000,3835.0,119246,2324450,4562272460.0,3836.0,174,3835.0,115
rb1805,20171123,20171122,210305500,3835.0,119520,2324630,4572781560.0,3836.0,124,3835.0,83
rb1805,20171123,20171122,210306000,3837.0,120386,2324984,4606006300.0,3837.0,11,3836.0,2
rb1805,20171123,20171122,210306500,3837.0,122434,2324282,4684596460.0,3838.0,468,3837.0,1635
rb1805,20171123,20171122,210307000,3838.0,123188,2324184,4713531780.0,3838.0,332,3837.0,1509
rb1805,20171123,20171122,210307500,3838.0,124936,2323742,4780619540.0,3839.0,2185,3838.0,160
rb1805,20171123,20171122,210308000,3839.0,125636,2323672,4807489340.0,3839.0,1966,3838.0,18
rb1805,20171123,20171122,210308500,3838.0,126118,2323652,4825987360.0,3838.0,32,3837.0,1287
rb1805,20171123,20171122,210309000,3838.0,126752,2323638,4850321220.0,3839.0,1921,3838.0,68
rb1805,20171123,20171122,210309500,3838.0,127462,2323390,4877567140.0,3838.0,14,3837.0,1073
rb1805,20171123,20171122,210310000,3838.0,127854,2323190,4892613380.0,3838.0,10,3837.0,1051
rb1805,20171123,20171122,210310500,3838.0,128260,2323228,4908196700.0,3838.0,16,3837.0,1051
rb1805,20171123,20171122,210311000,3838.0,128442,2323232,4915181580.0,3839.0,1798,3838.0,40
rb1805,20171123,20171122,210311500,3837.0,129236,2323088,4945660660.0,3838.0,63,3837.0,1014
rb1805,20171123,20171122,210312000,3837.0,129626,2322896,4960630060.0,3839.0,1467,3837.0,998
rb1805,20171123,20171122,210312500,3838.0,129720,2322912,4964237840.0,3839.0,1464,3838.0,5
rb1805,20171123,20171122,210313000,3838.0,130332,2322744,4987724340.0,3838.0,37,3837.0,894
rb1805,20171123,20171122,210313500,3837.0,130642,2322714,4999619620.0,3838.0,320,3837.0,766
rb1805,20171123,20171122,210314000,3837.0,131692,2322494,5039909120.0,3838.0,415,3837.0,299
rb1805,20171123,20171122,210314500,3837.0,133412,2323166,5105905960.0,3837.0,203,3836.0,34
rb1805,20171123,20171122,210315000,3836.0,133558,2323248,5111506500.0,3836.0,164,3835.0,100
rb1805,20171123,20171122,210315500,3835.0,133628,2323296,5114191500.0,3836.0,146,3835.0,87
rb1805,20171123,20171122,210316000,3835.0,134008,2323318,5128766280.0,3836.0,56,3835.0,192
rb1805,20171123,20171122,210316500,3836.0,134358,2323152,5142192520.0,3837.0,620,3836.0,81
rb1805,20171123,20171122,210317000,3836.0,134412,2323148,5144264080.0,3837.0,649,3836.0,75
rb1805,20171123,20171122,210317500,3836.0,134688,2323180,5154852480.0,3837.0,587,3836.0,19
rb1805,20171123,20171122,210318000,3835.0,134860,2323204,5161450300.0,3836.0,5,3835.0,172
rb1805,20171123,20171122,210318500,3836.0,134914,2323214,5163521920.0,3837.0,591,3836.0,10
rb1805,20171123,20171122,210319000,3837.0,134998,2323244,5166744220.0,3837.0,591,3835.0,290
rb1805,20171123,20171122,210319500,3835.0,135066,2323252,5169352620.0,3836.0,30,3835.0,287
rb1805,20171123,20171122,210320000,3836.0,135154,2323234,5172728140.0,3836.0,104,3835.0,280
rb1805,20171123,20171122,210320500,3835.0,135626,2323152,5190832080.0,3836.0,53,3835.0,199
rb1805,20171123,20171122,210321000,3835.0,135682,2323152,5192980000.0,3836.0,156,3835.0,201
rb1805,20171123,20171122,210321500,3835.0,135946,2323206,5203106320.0,3836.0,129,3835.0,168
rb1805,20171123,20171122,210322000,3836.0,136580,2322950,5227418800.0,3836.0,150,3835.0,146
rb1805,20171123,20171122,210322500,3835.0,136940,2322782,5241225000.0,3835.0,94,3834.0,473
rb1805,20171123,20171122,210323000,3835.0,137290,2322846,5254646720.0,3835.0,5,3834.0,435
rb1805,20171123,20171122,210323500,3835.0,137352,2322864,5257024780.0,3835.0,6,3834.0,438
rb1805,20171123,20171122,210324000,3835.0,137856,2323048,5276353860.0,3835.0,19,3834.0,334
rb1805,20171123,20171122,210324500,3836.0,137992,2323068,5281569620.0,3836.0,72,3835.0,54
rb1805,20171123,20171122,210325000,3835.0,138156,2323140,5287859360.0,3835.0,7,3834.0,335
rb1805,20171123,20171122,210325500,3834.0,138362,2323140,5295758020.0,3835.0,34,3834.0,263
rb1805,20171123,20171122,210326000,3835.0,138592,2323230,5304577180.0,3836.0,84,3835.0,74
rb1805,20171123,20171122,210326500,3835.0,138730,2323250,5309869540.0,3836.0,78,3835.0,32
rb1805,20171123,20171122,210327000,3835.0,138960,2323122,5318690020.0,3835.0,74,3834.0,171
rb1805,20171123,20171122,210327500,3835.0,139016,2323126,5320837420.0,3835.0,64,3834.0,167
rb1805,20171123,20171122,210328000,3835.0,139134,2323148,5325362260.0,3835.0,63,3834.0,155
rb1805,20171123,20171122,210328500,3834.0,139236,2323100,5329273020.0,3835.0,122,3834.0,117
rb1805,20171123,20171122,210329000,3835.0,139394,2323176,5335332220.0,3835.0,59,3834.0,128
rb1805,20171123,20171122,210329500,3835.0,139698,2323228,5346990640.0,3836.0,407,3835.0,52
rb1805,20171123,20171122,210330000,3836.0,139752,2323258,5349061580.0,3836.0,454,3835.0,32
rb1805,20171123,20171122,210330500,3836.0,139876,2323308,5353817080.0,3836.0,415,3834.0,149
rb1805,20171123,20171122,210331000,3834.0,139974,2323350,5357575620.0,3835.0,8,3834.0,148
rb1805,20171123,20171122,210331500,3835.0,140294,2323462,5369849260.0,3836.0,345,3835.0,80
rb1805,20171123,20171122,210332000,3836.0,140460,2323448,5376215540.0,3836.0,353,3835.0,7
rb1805,20171123,20171122,210332500,3835.0,140554,2323492,5379820920.0,3836.0,332,3835.0,156
rb1805,20171123,20171122,210333000,3836.0,140696,2323476,5385267260.0,3836.0,304,3835.0,140
rb1805,20171123,20171122,210333500,3835.0,140968,2323470,5395700520.0,3836.0,222,3835.0,175
rb1805,20171123,20171122,210334000,3836.0,141440,2323536,5413803960.0,3836.0,116,3835.0,69
rb1805,20171123,20171122,210334500,3835.0,141548,2323516,5417945880.0,3836.0,125,3835.0,23
rb1805,20171123,20171122,210335000,3835.0,141708,2323588,5424082940.0,3835.0,18,3834.0,281
rb1805,20171123,20171122,210335500,3836.0,141862,2323580,5429988680.0,3836.0,89,3834.0,260
rb1805,20171123,20171122,210336000,3835.0,142120,2323712,5439885160.0,3835.0,9,3834.0,260
rb1805,20171123,20171122,210336500,3836.0,142236,2323734,5444335060.0,3837.0,665,3836.0,7
rb1805,20171123,20171122,210337000,3835.0,142340,2323756,5448324120.0,3836.0,25,3835.0,53
rb1805,20171123,20171122,210337500,3835.0,142402,2323788,5450702280.0,3836.0,72,3835.0,87
rb1805,20171123,20171122,210338000,3836.0,142600,2323766,5458295980.0,3836.0,95,3835.0,55
rb1805,20171123,20171122,210338500,3835.0,142710,2323780,5462514640.0,3836.0,116,3835.0,52
rb1805,20171123,20171122,210339000,3835.0,142742,2323770,5463742000.0,3836.0,117,3835.0,45
rb1805,20171123,20171122,210339500,3835.0,142788,2323760,5465506280.0,3836.0,142,3835.0,31
rb1805,20171123,20171122,210340000,3836.0,143306,2323640,5485376720.0,3837.0,679,3836.0,256
rb1805,20171123,20171122,210340500,3836.0,143414,2323626,5489519660.0,3837.0,679,3836.0,206
rb1805,20171123,20171122,210341000,3836.0,143556,2323616,5494966820.0,3837.0,678,3836.0,167
rb1805,20171123,20171122,210341500,3836.0,143692,2323526,5500183820.0,3837.0,677,3836.0,106
rb1805,20171123,20171122,210342000,3836.0,143850,2323446,5506244840.0,3837.0,674,3836.0,40
rb1805,20171123,20171122,210342500,3836.0,143904,2323474,5508316480.0,3837.0,664,3836.0,71
rb1805,20171123,20171122,210343000,3836.0,144250,2323466,5521590860.0,3836.0,118,3835.0,212
rb1805,20171123,20171122,210343500,3835.0,144422,2323538,5528187900.0,3836.0,131,3835.0,170
rb1805,20171123,20171122,210344000,3835.0,144598,2323564,5534937680.0,3836.0,160,3835.0,94
rb1805,20171123,20171122,210344500,3836.0,144640,2323602,5536548640.0,3836.0,174,3835.0,96
rb1805,20171123,20171122,210345000,3835.0,144688,2323646,5538389540.0,3836.0,222,3835.0,228
rb1805,20171123,20171122,210345500,3835.0,144830,2323722,5543835480.0,3836.0,239,3835.0,169
rb1805,20171123,20171122,210346000,3836.0,144914,2323770,5547057180.0,3836.0,264,3835.0,143
rb1805,20171123,20171122,210346500,3836.0,145042,2323766,5551966060.0,3836.0,319,3835.0,83
rb1805,20171123,20171122,210347000,3835.0,145226,2323634,5559022620.0,3835.0,67,3834.0,254
rb1805,20171123,20171122,210347500,3835.0,145292,2323610,5561553680.0,3835.0,51,3834.0,252
rb1805,20171123,20171122,210348000,3834.0,145368,2323592,5564467620.0,3835.0,66,3834.0,221
rb1805,20171123,20171122,210348500,3834.0,145416,2323590,5566308000.0,3835.0,93,3834.0,202
rb1805,20171123,20171122,210349000,3835.0,145434,2323588,5566998220.0,3835.0,136,3834.0,208
rb1805,20171123,20171122,210349500,3834.0,145508,2323572,5569835580.0,3835.0,154,3834.0,192
rb1805,20171123,20171122,210350000,3834.0,146244,2323642,5598057020.0,3834.0,106,3833.0,603
rb1805,20171123,20171122,210350500,3834.0,146252,2323644,5598363740.0,3834.0,131,3833.0,602
rb1805,20171123,20171122,210351000,3834.0,146346,2323650,5601967640.0,3834.0,114,3833.0,599
rb1805,20171123,20171122,210351500,3834.0,146604,2323680,5611859440.0,3834.0,1,3833.0,599
rb1805,20171123,20171122,210352000,3834.0,146614,2323682,5612242840.0,3835.0,34,3834.0,34
rb1805,20171123,20171122,210352500,3833.0,146718,2323638,5616229920.0,3834.0,175,3833.0,584
rb1805,20171123,20171122,210353000,3833.0,146962,2323606,5625583420.0,3834.0,153,3833.0,519
rb1805,20171123,20171122,210353500,3834.0,147102,2323584,5630950480.0,3834.0,121,3833.0,494
rb1805,20171123,20171122,210354000,3834.0,147112,2323582,5631333860.0,3834.0,129,3833.0,491
rb1805,20171123,20171122,210354500,3834.0,147152,2323568,5632867320.0,3834.0,142,3833.0,486
rb1805,20171123,20171122,210355000,3833.0,147226,2323572,5635703960.0,3834.0,134,3833.0,459
rb1805,20171123,20171122,210355500,3835.0,147732,2323756,5655106000.0,3836.0,565,3835.0,59
rb1805,20171123,20171122,210356000,3834.0,147924,2323868,5662468580.0,3835.0,163,3834.0,7
rb1805,20171123,20171122,210356500,3833.0,147962,2323870,5663925380.0,3835.0,199,3834.0,15
rb1805,20171123,20171122,210357000,3834.0,148116,2323856,5669829240.0,3834.0,1,3833.0,427
rb1805,20171123,20171122,210357500,3834.0,148172,2323878,5671976320.0,3835.0,235,3834.0,2
rb1805,20171123,20171122,210358000,3834.0,148260,2323890,5675350000.0,3835.0,241,3834.0,132
rb1805,20171123,20171122,210358500,3834.0,148334,2323936,5678187440.0,3835.0,233,3834.0,122
rb1805,20171123,20171122,210359000,3834.0,148420,2323968,5681484760.0,3835.0,232,3834.0,88
rb1805,20171123,20171122,210359500,3834.0,148446,2323990,5682481640.0,3835.0,233,3834.0,97
rb1805,20171123,20171122,210400000,3835.0,148524,2324032,5685472500.0,3835.0,232,3834.0,80
rb1805,20171123,20171122,210400500,3834.0,149028,2323868,5704794340.0,3834.0,151,3833.0,333
rb1805,20171123,20171122,210401000,3833.0,149186,2323860,5710851400.0,3834.0,141,3833.0,302
rb1805,20171123,20171122,210401500,3834.0,149434,2323676,5720359420.0,3834.0,153,3833.0,286
rb1805,20171123,20171122,210402000,3834.0,149918,2323682,5738915420.0,3835.0,233,3834.0,703
rb1805,20171123,20171122,210402500,3834.0,150094,2323744,5745664520.0,3835.0,165,3834.0,680
rb1805,20171123,20171122,210403000,3834.0,150228,2323622,5750802100.0,3835.0,221,3834.0,728
rb1805,20171123,20171122,210403500,3834.0,150364,2323554,5756016380.0,3835.0,222,3834.0,694
rb1805,20171123,20171122,210404000,3834.0,150408,2323532,5757703360.0,3835.0,227,3834.0,697
rb1805,20171123,20171122,210404500,3834.0,150668,2323316,5767671900.0,3835.0,254,3834.0,598
rb1805,20171123,20171122,210405000,3834.0,151212,2323258,5788528880.0,3835.0,265,3834.0,343
rb1805,20171123,20171122,210405500,3835.0,151868,2323342,5813680000.0,3835.0,273,3834.0,29
rb1805,20171123,20171122,210406000,3834.0,151960,2323418,5817207260.0,3834.0,273,3833.0,303
rb1805,20171123,20171122,210406500,3833.0,151998,2323446,5818664100.0,3834.0,258,3833.0,298
rb1805,20171123,20171122,210407000,3834.0,152060,2323490,5821040640.0,3834.0,275,3833.0,281
rb1805,20171123,20171122,210407500,3833.0,152074,2323496,5821577300.0,3834.0,283,3833.0,276
rb1805,20171123,20171122,210408000,3834.0,152166,2323586,5825104580.0,3834.0,261,3833.0,277
rb1805,20171123,20171122,210408500,3833.0,152204,2323582,5826561400.0,3834.0,250,3833.0,289
rb1805,20171123,20171122,210409000,3833.0,152224,2323588,5827328100.0,3834.0,259,3833.0,288
rb1805,20171123,20171122,210409500,3833.0,152542,2323854,5839518200.0,3834.0,213,3833.0,187
rb1805,20171123,20171122,210410000,3833.0,152596,2323868,5841588160.0,3834.0,215,3833.0,168
rb1805,20171123,20171122,210410500,3833.0,152688,2323884,5845114920.0,3834.0,208,3833.0,145
rb1805,20171123,20171122,210411000,3833.0,152740,2323892,5847108220.0,3834.0,222,3833.0,126
rb1805,20171123,20171122,210411500,3833.0,152784,2323898,5848794920.0,3834.0,216,3833.0,116
rb1805,20171123,20171122,210412000,3833.0,153022,2324018,5857917500.0,3834.0,212,3833.0,2
rb1805,20171123,20171122,210412500,3832.0,153068,2324036,5859680680.0,3833.0,70,3832.0,355
rb1805,20171123,20171122,210413000,3833.0,153246,2324082,5866501880.0,3833.0,196,3832.0,296
rb1805,20171123,20171122,210413500,3832.0,153352,2324092,5870564460.0,3833.0,408,3832.0,278
rb1805,20171123,20171122,210414000,3832.0,153426,2324130,5873400660.0,3833.0,429,3832.0,269
rb1805,20171123,20171122,210414500,3832.0,153534,2324124,5877539600.0,3833.0,442,3832.0,234
rb1805,20171123,20171122,210415000,3832.0,153842,2324190,5889343440.0,3833.0,397,3832.0,145
rb1805,20171123,20171122,210415500,3832.0,154156,2323986,5901376060.0,3832.0,74,3831.0,289
rb1805,20171123,20171122,210416000,3832.0,154452,2323966,5912718420.0,3833.0,447,3832.0,296
rb1805,20171123,20171122,210416500,3832.0,155118,2324314,5938239260.0,3832.0,99,3831.0,259
rb1805,20171123,20171122,210417000,3832.0,155160,2324302,5939848640.0,3832.0,110,3831.0,306
rb1805,20171123,20171122,210417500,3831.0,155378,2324230,5948201400.0,3832.0,64,3831.0,267
rb1805,20171123,20171122,210418000,3831.0,155520,2324160,5953642120.0,3832.0,80,3831.0,233
rb1805,20171123,20171122,210418500,3831.0,155838,2323978,5965824780.0,3832.0,109,3831.0,79
rb1805,20171123,20171122,210419000,3831.0,156028,2323868,5973103760.0,3831.0,46,3830.0,578
rb1805,20171123,20171122,210419500,3831.0,156246,2323716,5981455300.0,3832.0,167,3831.0,27
rb1805,20171123,20171122,210420000,3831.0,156536,2323726,5992565820.0,3832.0,139,3831.0,175
rb1805,20171123,20171122,210420500,3831.0,156640,2323652,5996550160.0,3832.0,140,3831.0,192
rb1805,20171123,20171122,210421000,3831.0,156932,2323412,6007736860.0,3832.0,139,3831.0,69
rb1805,20171123,20171122,210421500,3831.0,157140,2323310,6015705420.0,3831.0,6,3830.0,585
rb1805,20171123,20171122,210422000,3831.0,157220,2323286,6018769840.0,3831.0,23,3830.0,567
rb1805,20171123,20171122,210422500,3830.0,157480,2323196,6028727980.0,3831.0,77,3830.0,444
rb1805,20171123,20171122,210423000,3830.0,158124,2322798,6053393340.0,3831.0,106,3830.0,137
rb1805,20171123,20171122,210423500,3830.0,158340,2322724,6061666660.0,3831.0,97,3830.0,357
rb1805,20171123,20171122,210424000,3830.0,158564,2322562,6070245980.0,3831.0,95,3830.0,256
rb1805,20171123,20171122,210424500,3830.0,158690,2322480,6075071900.0,3831.0,96,3830.0,227
rb1805,20171123,20171122,210425000,3830.0,158954,2322324,6085183640.0,3831.0,72,3830.0,138
rb1805,20171123,20171122,210425500,3830.0,159150,2322264,6092690780.0,3831.0,63,3830.0,102
rb1805,20171123,20171122,210426000,3831.0,159740,2322212,6115288660.0,3831.0,31,3829.0,480
rb1805,20171123,20171122,210426500,3830.0,159918,2322222,6122105920.0,3830.0,103,3829.0,474
rb1805,20171123,20171122,210427000,3830.0,160214,2322168,6133442740.0,3831.0,74,3830.0,97
rb1805,20171123,20171122,210427500,3830.0,160508,2322114,6144702960.0,3830.0,70,3829.0,480
rb1805,20171123,20171122,210428000,3830.0,160832,2322024,6157109300.0,3830.0,59,3829.0,374
rb1805,20171123,20171122,210428500,3830.0,160874,2322016,6158717620.0,3830.0,57,3829.0,383
rb1805,20171123,20171122,210429000,3829.0,161184,2321990,6170588400.0,3830.0,14,3829.0,285
rb1805,20171123,20171122,210429500,3829.0,161308,2322020,6175336900.0,3830.0,110,3829.0,268
rb1805,20171123,20171122,210430000,3830.0,161860,2322078,6196475340.0,3830.0,1,3829.0,141
rb1805,20171123,20171122,210430500,3830.0,162014,2322044,6202372940.0,3831.0,89,3829.0,101
rb1805,20171123,20171122,210431000,3829.0,162094,2322022,6205436560.0,3831.0,163,3829.0,145
rb1805,20171123,20171122,210431500,3829.0,162200,2322010,6209495560.0,3830.0,12,3829.0,135
rb1805,20171123,20171122,210432000,3829.0,162436,2322078,6218533220.0,3830.0,483,3829.0,135
rb1805,20171123,20171122,210432500,3829.0,162496,2322074,6220830720.0,3830.0,544,3829.0,118
rb1805,20171123,20171122,210433000,3829.0,162824,2322124,6233391160.0,3830.0,443,3829.0,20
rb1805,20171123,20171122,210433500,3829.0,162924,2322070,6237219820.0,3829.0,97,3828.0,351
rb1805,20171123,20171122,210434000,3829.0,163020,2322128,6240895260.0,3829.0,157,3828.0,289
rb1805,20171123,20171122,210434500,3829.0,163116,2322098,6244570340.0,3829.0,167,3828.0,258
rb1805,20171123,20171122,210435000,3828.0,163438,2321994,6256898620.0,3829.0,123,3828.0,205
rb1805,20171123,20171122,210435500,3829.0,163490,2321970,6258889300.0,3829.0,222,3828.0,195
rb1805,20171123,20171122,210436000,3829.0,163716,2321884,6267541500.0,3829.0,181,3828.0,133
rb1805,20171123,20171122,210436500,3829.0,164032,2321876,6279640460.0,3829.0,59,3828.0,110
rb1805,20171123,20171122,210437000,3829.0,164150,2321960,6284158240.0,3829.0,31,3828.0,137
rb1805,20171123,20171122,210437500,3828.0,164684,2321786,6304599640.0,3828.0,12,3827.0,180
rb1805,20171123,20171122,210438000,3828.0,164768,2321732,6307815060.0,3828.0,28,3827.0,182
rb1805,20171123,20171122,210438500,3828.0,164882,2321704,6312179060.0,3829.0,110,3828.0,89
rb1805,20171123,20171122,210439000,3828.0,165038,2321704,6318150820.0,3829.0,59,3828.0,20
rb1805,20171123,20171122,210439500,3828.0,165114,2321666,6321060360.0,3829.0,139,3828.0,60
rb1805,20171123,20171122,210440000,3828.0,165218,2321630,6325041680.0,3829.0,165,3828.0,141
rb1805,20171123,20171122,210440500,3829.0,165266,2321628,6326879300.0,3829.0,161,3828.0,353
rb1805,20171123,20171122,210441000,3829.0,165468,2321504,6334612060.0,3829.0,75,3828.0,269
rb1805,20171123,20171122,210441500,3829.0,165602,2321424,6339742700.0,3830.0,1160,3829.0,176
rb1805,20171123,20171122,210442000,3829.0,165660,2321400,6341963560.0,3830.0,1094,3829.0,168
rb1805,20171123,20171122,210442500,3829.0,166046,2321566,6356746160.0,3830.0,932,3829.0,138
rb1805,20171123,20171122,210443000,3828.0,166594,2321380,6377726860.0,3829.0,28,3828.0,396
rb1805,20171123,20171122,210443500,3829.0,166724,2321420,6382704580.0,3830.0,941,3829.0,17
rb1805,20171123,20171122,210444000,3829.0,166776,2321454,6384695780.0,3830.0,905,3829.0,18
rb1805,20171123,20171122,210444500,3830.0,166812,2321464,6386074440.0,3830.0,895,3829.0,52
rb1805,20171123,20171122,210445000,3829.0,167020,2321462,6394037900.0,3829.0,5,3828.0,438
rb1805,20171123,20171122,210445500,3829.0,167100,2321490,6397101180.0,3830.0,892,3829.0,54
rb1805,20171123,20171122,210446000,3829.0,167222,2321470,6401772540.0,3829.0,2,3828.0,473
rb1805,20171123,20171122,210446500,3829.0,167276,2321460,6403839980.0,3829.0,11,3828.0,459
rb1805,20171123,20171122,210447000,3829.0,167294,2321454,6404529200.0,3829.0,42,3828.0,478
rb1805,20171123,20171122,210447500,3829.0,167446,2321484,6410348880.0,3829.0,96,3828.0,463
rb1805,20171123,20171122,210448000,3829.0,167522,2321472,6413258520.0,3829.0,104,3828.0,500
rb1805,20171123,20171122,210448500,3829.0,167584,2321462,6415632280.0,3829.0,296,3828.0,511
rb1805,20171123,20171122,210449000,3829.0,168314,2321128,6443577440.0,3829.0,264,3828.0,188
rb1805,20171123,20171122,210449500,3828.0,168572,2321264,6453455100.0,3829.0,217,3828.0,141
rb1805,20171123,20171122,210450000,3828.0,168730,2321190,6459503520.0,3829.0,224,3828.0,77
rb1805,20171123,20171122,210450500,3828.0,168996,2321068,6469686080.0,3828.0,147,3827.0,254
rb1805,20171123,20171122,210451000,3828.0,169106,2321070,6473896380.0,3828.0,359,3827.0,231
rb1805,20171123,20171122,210451500,3828.0,169408,2321076,6485454280.0,3828.0,340,3827.0,103
rb1805,20171123,20171122,210452000,3827.0,169526,2321066,6489970180.0,3828.0,443,3827.0,48
rb1805,20171123,20171122,210452500,3827.0,169684,2321150,6496017440.0,3827.0,10,3826.0,289
rb1805,20171123,20171122,210453000,3827.0,169824,2321074,6501375060.0,3827.0,14,3826.0,290
rb1805,20171123,20171122,210453500,3826.0,169920,2321064,6505049040.0,3828.0,470,3826.0,283
rb1805,20171123,20171122,210454000,3827.0,170068,2321014,6510712160.0,3827.0,2,3826.0,245
rb1805,20171123,20171122,210454500,3826.0,170318,2320894,6520277900.0,3827.0,80,3826.0,151
rb1805,20171123,20171122,210455000,3827.0,170632,2320802,6532291880.0,3827.0,70,3826.0,25
rb1805,20171123,20171122,210455500,3826.0,170728,2320850,6535964920.0,3827.0,149,3826.0,6
rb1805,20171123,20171122,210456000,3826.0,171220,2320414,6554788860.0,3826.0,29,3825.0,371
rb1805,20171123,20171122,210456500,3827.0,171564,2320264,6567950900.0,3827.0,141,3826.0,212
rb1805,20171123,20171122,210457000,3827.0,171794,2320342,6576752220.0,3827.0,145,3826.0,224
rb1805,20171123,20171122,210457500,3826.0,171868,2320368,6579583720.0,3827.0,135,3826.0,263
rb1805,20171123,20171122,210458000,3826.0,172294,2320760,6595883480.0,3827.0,87,3826.0,166
rb1805,20171123,20171122,210458500,3826.0,172498,2320902,6603689600.0,3827.0,35,3826.0,121
rb1805,20171123,20171122,210459000,3826.0,172594,2320930,6607363160.0,3827.0,11,3826.0,131
rb1805,20171123,20171122,210459500,3827.0,172686,2320884,6610884000.0,3828.0,437,3827.0,95
rb1805,20171123,20171122,210500000,3827.0,172780,2320836,6614481420.0,3828.0,455,3827.0,47
rb1805,20171123,20171122,210500500,3827.0,173332,2320710,6635606280.0,3828.0,363,3827.0,27
rb1805,20171123,20171122,210501000,3827.0,173528,2320726,6643107500.0,3827.0,40,3826.0,224
rb1805,20171123,20171122,210501500,3827.0,173768,2320686,6652290960.0,3827.0,44,3826.0,175
rb1805,20171123,20171122,210502000,3827.0,173788,2320688,6653056320.0,3827.0,51,3826.0,182
rb1805,20171123,20171122,210502500,3827.0,173976,2320738,6660251100.0,3828.0,412,3827.0,187
rb1805,20171123,20171122,210503000,3827.0,174222,2320794,6669667060.0,3828.0,340,3827.0,155
rb1805,20171123,20171122,210503500,3827.0,174338,2320862,6674106420.0,3828.0,304,3827.0,134
rb1805,20171123,20171122,210504000,3827.0,174764,2320912,6690410540.0,3827.0,64,3826.0,217
rb1805,20171123,20171122,210504500,3827.0,174872,2320932,6694543600.0,3827.0,64,3826.0,220
rb1805,20171123,20171122,210505000,3826.0,174890,2320946,6695232420.0,3827.0,118,3826.0,214
rb1805,20171123,20171122,210505500,3827.0,175036,2320992,6700819700.0,3827.0,128,3826.0,242
rb1805,20171123,20171122,210506000,3827.0,175414,2320820,6715285720.0,3828.0,257,3827.0,465
rb1805,20171123,20171122,210506500,3827.0,175576,2320684,6721485520.0,3828.0,283,3827.0,395
rb1805,20171123,20171122,210507000,3827.0,175674,2320650,6725236060.0,3828.0,279,3827.0,352
rb1805,20171123,20171122,210507500,3827.0,175842,2320498,6731665460.0,3828.0,282,3827.0,279
rb1805,20171123,20171122,210508000,3826.0,176714,2320470,6765034000.0,3827.0,75,3826.0,137
rb1805,20171123,20171122,210508500,3827.0,177004,2320658,6776131620.0,3827.0,32,3826.0,123
rb1805,20171123,20171122,210509000,3827.0,177152,2320662,6781794320.0,3827.0,173,3826.0,92
rb1805,20171123,20171122,210509500,3826.0,177342,2320684,6789063960.0,3827.0,242,3826.0,53
rb1805,20171123,20171122,210510000,3826.0,177522,2320746,6795950760.0,3826.0,17,3825.0,496
rb1805,20171123,20171122,210510500,3826.0,177744,2320706,6804442480.0,3826.0,159,3825.0,406
rb1805,20171123,20171122,210511000,3826.0,177784,2320694,6805972700.0,3826.0,331,3825.0,393
rb1805,20171123,20171122,210511500,3825.0,178330,2320710,6826859480.0,3826.0,463,3825.0,235
rb1805,20171123,20171122,210512000,3825.0,178916,2320488,6849273320.0,3825.0,215,3824.0,376
rb1805,20171123,20171122,210512500,3824.0,179010,2320500,6852868040.0,3825.0,277,3824.0,338
rb1805,20171123,20171122,210513000,3825.0,179672,2320352,6878187340.0,3825.0,81,3824.0,232
rb1805,20171123,20171122,210513500,3824.0,180490,2319856,6909469660.0,3824.0,104,3823.0,138
rb1805,20171123,20171122,210514000,3823.0,180726,2319666,6918494100.0,3824.0,6,3823.0,211
rb1805,20171123,20171122,210514500,3823.0,181024,2319622,6929889520.0,3824.0,1,3823.0,194
rb1805,20171123,20171122,210515000,3823.0,181714,2319126,6956268340.0,3823.0,77,3822.0,402
rb1805,20171123,20171122,210515500,3823.0,182004,2319098,6967355420.0,3824.0,4,3823.0,64
rb1805,20171123,20171122,210516000,3823.0,182318,2319278,6979360300.0,3823.0,106,3822.0,405
rb1805,20171123,20171122,210516500,3823.0,182704,2319250,6994117240.0,3824.0,147,3823.0,77
rb1805,20171123,20171122,210517000,3823.0,182886,2319248,7001075320.0,3824.0,140,3823.0,12
rb1805,20171123,20171122,210517500,3823.0,183126,2319114,7010250640.0,3824.0,167,3823.0,57
rb1805,20171123,20171122,210518000,3823.0,183356,2319008,7019043620.0,3824.0,325,3823.0,24
rb1805,20171123,20171122,210518500,3823.0,183500,2319054,7024548760.0,3824.0,326,3823.0,55
rb1805,20171123,20171122,210519000,3823.0,183650,2319004,7030283520.0,3823.0,13,3822.0,462
rb1805,20171123,20171122,210519500,3823.0,183742,2318982,7033800720.0,3824.0,314,3823.0,60
rb1805,20171123,20171122,210520000,3823.0,183836,2318982,7037394480.0,3824.0,313,3823.0,153
rb1805,20171123,20171122,210520500,3823.0,184240,2318982,7052839700.0,3823.0,168,3822.0,503
rb1805,20171123,20171122,210521000,3822.0,184792,2318546,7073942560.0,3823.0,5,3822.0,521
rb1805,20171123,20171122,210521500,3823.0,185224,2318174,7090459120.0,3824.0,236,3823.0,104
rb1805,20171123,20171122,210522000,3824.0,185560,2318026,7103306960.0,3824.0,116,3823.0,124
rb1805,20171123,20171122,210522500,3823.0,185680,2318006,7107895140.0,3824.0,95,3823.0,136
rb1805,20171123,20171122,210523000,3823.0,185824,2318048,7113400880.0,3824.0,60,3823.0,143
rb1805,20171123,20171122,210523500,3824.0,186014,2318010,7120666160.0,3825.0,86,3824.0,286
rb1805,20171123,20171122,210524000,3825.0,186058,2317988,7122348820.0,3825.0,97,3824.0,278
rb1805,20171123,20171122,210524500,3824.0,186384,2317790,7134817080.0,3825.0,4,3824.0,237
rb1805,20171123,20171122,210525000,3824.0,186464,2317788,7137876380.0,3825.0,3,3824.0,209
rb1805,20171123,20171122,210525500,3825.0,186526,2317744,7140247600.0,3825.0,200,3824.0,202
rb1805,20171123,20171122,210526000,3824.0,186724,2317684,7147819180.0,3825.0,233,3824.0,127
rb1805,20171123,20171122,210526500,3824.0,186894,2317552,7154320240.0,3825.0,224,3824.0,60
rb1805,20171123,20171122,210527000,3824.0,187054,2317544,7160439020.0,3824.0,66,3823.0,447
rb1805,20171123,20171122,210527500,3823.0,187252,2317504,7168009480.0,3824.0,113,3823.0,396
rb1805,20171123,20171122,210528000,3824.0,187310,2317466,7170226940.0,3824.0,167,3823.0,390
rb1805,20171123,20171122,210528500,3824.0,187364,2317474,7172291820.0,3824.0,187,3823.0,412
rb1805,20171123,20171122,210529000,3824.0,187378,2317480,7172827180.0,3824.0,304,3823.0,437
rb1805,20171123,20171122,210529500,3823.0,187408,2317498,7173974220.0,3824.0,357,3823.0,433
rb1805,20171123,20171122,210530000,3823.0,187444,2317506,7175350700.0,3824.0,349,3823.0,463
rb1805,20171123,20171122,210530500,3823.0,187698,2317506,7185061520.0,3824.0,333,3823.0,362
rb1805,20171123,20171122,210531000,3823.0,188144,2317366,7202116200.0,3824.0,139,3823.0,349
rb1805,20171123,20171122,210531500,3823.0,188178,2317352,7203416100.0,3824.0,136,3823.0,423
rb1805,20171123,20171122,210532000,3824.0,188534,2317338,7217029120.0,3825.0,319,3824.0,6
rb1805,20171123,20171122,210532500,3824.0,188610,2317322,7219934900.0,3825.0,319,3823.0,390
rb1805,20171123,20171122,210533000,3824.0,188672,2317318,7222305920.0,3825.0,463,3824.0,10
rb1805,20171123,20171122,210533500,3824.0,189136,2317428,7240045240.0,3824.0,10,3823.0,205
rb1805,20171123,20171122,210534000,3824.0,189204,2317450,7242645480.0,3824.0,39,3823.0,208
rb1805,20171123,20171122,210534500,3823.0,189242,2317434,7244098340.0,3824.0,143,3823.0,212
rb1805,20171123,20171122,210535000,3823.0,189260,2317434,7244786540.0,3824.0,157,3823.0,243
rb1805,20171123,20171122,210535500,3824.0,189638,2317278,7259237720.0,3824.0,207,3823.0,74
rb1805,20171123,20171122,210536000,3823.0,189882,2317354,7268565840.0,3823.0,129,3822.0,701
rb1805,20171123,20171122,210536500,3823.0,190340,2317028,7286075560.0,3823.0,1,3822.0,702
rb1805,20171123,20171122,210537000,3824.0,190592,2316992,7295711560.0,3824.0,102,3823.0,36
rb1805,20171123,20171122,210537500,3823.0,190776,2317096,7302747560.0,3824.0,22,3823.0,31
rb1805,20171123,20171122,210538000,3823.0,190800,2317076,7303665100.0,3824.0,32,3823.0,220
rb1805,20171123,20171122,210538500,3823.0,190812,2317070,7304123900.0,3824.0,30,3823.0,229
rb1805,20171123,20171122,210539000,3823.0,190820,2317068,7304429740.0,3824.0,36,3823.0,257
rb1805,20171123,20171122,210539500,3824.0,190866,2317088,7306188500.0,3824.0,46,3823.0,262
rb1805,20171123,20171122,210540000,3823.0,190910,2317118,7307870700.0,3824.0,58,3823.0,250
rb1805,20171123,20171122,210540500,3823.0,191010,2317136,7311694140.0,3824.0,41,3823.0,240
rb1805,20171123,20171122,210541000,3823.0,191050,2317156,7313223600.0,3824.0,72,3823.0,237
rb1805,20171123,20171122,210541500,3823.0,191316,2317038,7323392900.0,3824.0,78,3823.0,115
rb1805,20171123,20171122,210542000,3822.0,191560,2317142,7332721000.0,3823.0,117,3822.0,716
rb1805,20171123,20171122,210542500,3822.0,191648,2317178,7336085040.0,3823.0,127,3822.0,709
rb1805,20171123,20171122,210543000,3822.0,191740,2317222,7339601560.0,3823.0,127,3822.0,679
rb1805,20171123,20171122,210543500,3823.0,191772,2317250,7340824700.0,3823.0,126,3822.0,669
rb1805,20171123,20171122,210544000,3822.0,191862,2317282,7344264800.0,3823.0,116,3822.0,642
rb1805,20171123,20171122,210544500,3822.0,191992,2317324,7349233480.0,3823.0,112,3822.0,601
rb1805,20171123,20171122,210545000,3823.0,192016,2317332,7350150960.0,3823.0,106,3822.0,607
rb1805,20171123,20171122,210545500,3822.0,192136,2317388,7354737760.0,3823.0,89,3822.0,572
rb1805,20171123,20171122,210546000,3822.0,192198,2317380,7357107780.0,3823.0,91,3822.0,571
rb1805,20171123,20171122,210546500,3822.0,192342,2317440,7362612340.0,3823.0,47,3822.0,555
rb1805,20171123,20171122,210547000,3823.0,192446,2317472,7366587420.0,3823.0,65,3822.0,520
rb1805,20171123,20171122,210547500,3823.0,192674,2317508,7375302020.0,3823.0,53,3822.0,432
rb1805,20171123,20171122,210548000,3822.0,192738,2317534,7377748520.0,3823.0,17,3822.0,428
rb1805,20171123,20171122,210548500,3823.0,192852,2317488,7382105780.0,3823.0,23,3822.0,382
rb1805,20171123,20171122,210549000,3822.0,192912,2317464,7384399180.0,3823.0,26,3822.0,364
rb1805,20171123,20171122,210549500,3823.0,192934,2317470,7385240220.0,3823.0,439,3822.0,371
rb1805,20171123,20171122,210550000,3822.0,192952,2317474,7385928220.0,3823.0,546,3822.0,388
rb1805,20171123,20171122,210550500,3823.0,193400,2317614,7403051120.0,3823.0,607,3822.0,183
rb1805,20171123,20171122,210551000,3822.0,193796,2317572,7418186040.0,3822.0,76,3821.0,229
rb1805,20171123,20171122,210551500,3822.0,193862,2317590,7420708420.0,3822.0,76,3821.0,214
rb1805,20171123,20171122,210552000,3822.0,193872,2317598,7421090620.0,3822.0,75,3821.0,217
rb1805,20171123,20171122,210552500,3822.0,194170,2317474,7432480380.0,3823.0,632,3822.0,87
rb1805,20171123,20171122,210553000,3821.0,194406,2317444,7441500260.0,3822.0,50,3821.0,222
rb1805,20171123,20171122,210553500,3821.0,194650,2317368,7450823680.0,3822.0,44,3821.0,176
rb1805,20171123,20171122,210554000,3821.0,194740,2317364,7454262800.0,3822.0,37,3821.0,151
rb1805,20171123,20171122,210554500,3822.0,194770,2317380,7455409360.0,3822.0,84,3821.0,151
rb1805,20171123,20171122,210555000,3822.0,194810,2317378,7456937900.0,3822.0,145,3821.0,146
rb1805,20171123,20171122,210555500,3821.0,194886,2317338,7459841960.0,3822.0,165,3821.0,149
rb1805,20171123,20171122,210556000,3821.0,194946,2317342,7462134880.0,3822.0,377,3821.0,202
rb1805,20171123,20171122,210556500,3821.0,195528,2317204,7484378320.0,3822.0,117,3821.0,183
rb1805,20171123,20171122,210557000,3821.0,195926,2317490,7499586140.0,3821.0,36,3820.0,676
rb1805,20171123,20171122,210557500,3821.0,195942,2317492,7500197440.0,3821.0,59,3820.0,670
rb1805,20171123,20171122,210558000,3821.0,195972,2317488,7501343600.0,3821.0,60,3820.0,691
rb1805,20171123,20171122,210558500,3820.0,196046,2317486,7504170680.0,3821.0,58,3820.0,671
rb1805,20171123,20171122,210559000,3821.0,196450,2317450,7519603900.0,3821.0,118,3820.0,494
rb1805,20171123,20171122,210559500,3821.0,196478,2317462,7520673700.0,3821.0,118,3820.0,505
rb1805,20171123,20171122,210600000,3821.0,196906,2317184,7537026200.0,3822.0,162,3821.0,65
rb1805,20171123,20171122,210600500,3821.0,197282,2317010,7551393180.0,3822.0,108,3821.0,10
rb1805,20171123,20171122,210601000,3821.0,197382,2317074,7555214200.0,3822.0,121,3821.0,87
rb1805,20171123,20171122,210601500,3821.0,197482,2317070,7559035380.0,3822.0,106,3821.0,282
rb1805,20171123,20171122,210602000,3820.0,199004,2316490,7617181720.0,3820.0,2,3819.0,253
rb1805,20171123,20171122,210602500,3821.0,199126,2316492,7621843440.0,3822.0,210,3821.0,88
rb1805,20171123,20171122,210603000,3821.0,199346,2316324,7630249520.0,3821.0,10,3820.0,110
rb1805,20171123,20171122,210603500,3819.0,199942,2315818,7653017540.0,3820.0,355,3819.0,251
rb1805,20171123,20171122,210604000,3820.0,200354,2315528,7668754360.0,3820.0,295,3819.0,181
rb1805,20171123,20171122,210604500,3819.0,200766,2315178,7684491740.0,3820.0,153,3819.0,135
rb1805,20171123,20171122,210605000,3820.0,200886,2315134,7689075300.0,3820.0,118,3819.0,130
rb1805,20171123,20171122,210605500,3821.0,201220,2315068,7701833900.0,3821.0,104,3820.0,295
rb1805,20171123,20171122,210606000,3821.0,201492,2315060,7712226980.0,3822.0,125,3821.0,76
rb1805,20171123,20171122,210606500,3820.0,201920,2314932,7728578760.0,3821.0,29,3820.0,173
rb1805,20171123,20171122,210607000,3820.0,202574,2315200,7753562300.0,3821.0,5,3820.0,33
rb1805,20171123,20171122,210607500,3820.0,202612,2315186,7755014140.0,3821.0,8,3820.0,52
rb1805,20171123,20171122,210608000,3820.0,202980,2314900,7769072860.0,3820.0,581,3819.0,232
rb1805,20171123,20171122,210608500,3820.0,203078,2314850,7772816440.0,3820.0,540,3819.0,263
rb1805,20171123,20171122,210609000,3819.0,203102,2314830,7773733220.0,3820.0,541,3819.0,250
rb1805,20171123,20171122,210609500,3820.0,203148,2314822,7775490240.0,3820.0,558,3819.0,244
rb1805,20171123,20171122,210610000,3819.0,203278,2314858,7780455320.0,3820.0,549,3819.0,300
rb1805,20171123,20171122,210610500,3820.0,203358,2314830,7783510960.0,3820.0,532,3819.0,387
rb1805,20171123,20171122,210611000,3819.0,203558,2314920,7791149120.0,3820.0,531,3819.0,317
rb1805,20171123,20171122,210611500,3819.0,203702,2314814,7796649580.0,3820.0,483,3819.0,318
rb1805,20171123,20171122,210612000,3819.0,203820,2314802,7801156080.0,3820.0,478,3819.0,274
rb1805,20171123,20171122,210612500,3820.0,203956,2314706,7806351140.0,3820.0,422,3819.0,284
rb1805,20171123,20171122,210613000,3820.0,204084,2314710,7811239540.0,3820.0,419,3819.0,232
rb1805,20171123,20171122,210613500,3820.0,204174,2314680,7814677180.0,3820.0,401,3819.0,228
rb1805,20171123,20171122,210614000,3819.0,204208,2314656,7815975660.0,3820.0,402,3819.0,242
rb1805,20171123,20171122,210614500,3819.0,204262,2314652,7818038060.0,3820.0,397,3819.0,274
rb1805,20171123,20171122,210615000,3820.0,204348,2314586,7821323140.0,3820.0,399,3819.0,349
rb1805,20171123,20171122,210615500,3819.0,204758,2314362,7836983980.0,3820.0,273,3819.0,308
rb1805,20171123,20171122,210616000,3820.0,204878,2314276,7841567700.0,3820.0,245,3819.0,307
rb1805,20171123,20171122,210616500,3820.0,205256,2314116,7856006300.0,3820.0,143,3819.0,290
rb1805,20171123,20171122,210617000,3820.0,205588,2314080,7868688740.0,3821.0,372,3820.0,249
rb1805,20171123,20171122,210617500,3821.0,205918,2314094,7881294800.0,3821.0,429,3820.0,160
rb1805,20171123,20171122,210618000,3821.0,206108,2314014,7888554480.0,3821.0,288,3820.0,97
rb1805,20171123,20171122,210618500,3820.0,206200,2314054,7892068900.0,3821.0,289,3820.0,115
rb1805,20171123,20171122,210619000,3821.0,206216,2314060,7892680180.0,3821.0,286,3820.0,166
rb1805,20171123,20171122,210619500,3820.0,206290,2314076,7895507100.0,3821.0,281,3820.0,210
rb1805,20171123,20171122,210620000,3821.0,206342,2314080,7897493680.0,3821.0,274,3820.0,212
rb1805,20171123,20171122,210620500,3821.0,206426,2314094,7900702520.0,3821.0,273,3820.0,187
rb1805,20171123,20171122,210621000,3821.0,206548,2314208,7905364020.0,3821.0,224,3820.0,195
rb1805,20171123,20171122,210621500,3820.0,207054,2314580,7924697860.0,3822.0,289,3820.0,198
rb1805,20171123,20171122,210622000,3821.0,207090,2314572,7926073340.0,3822.0,286,3821.0,155
rb1805,20171123,20171122,210622500,3822.0,207116,2314572,7927066900.0,3822.0,313,3821.0,164
rb1805,20171123,20171122,210623000,3821.0,207140,2314564,7927984040.0,3822.0,344,3821.0,210
rb1805,20171123,20171122,210623500,3822.0,207214,2314540,7930811840.0,3822.0,333,3821.0,392
rb1805,20171123,20171122,210624000,3822.0,207914,2314734,7957565840.0,3823.0,383,3822.0,87
rb1805,20171123,20171122,210624500,3823.0,207932,2314736,7958253840.0,3823.0,381,3822.0,83
rb1805,20171123,20171122,210625000,3823.0,207998,2314736,7960776600.0,3823.0,478,3822.0,73
rb1805,20171123,20171122,210625500,3822.0,208250,2314868,7970409120.0,3823.0,428,3822.0,21
rb1805,20171123,20171122,210626000,3823.0,208330,2314874,7973467200.0,3823.0,406,3822.0,26
rb1805,20171123,20171122,210626500,3822.0,208428,2314856,7977212780.0,3822.0,274,3821.0,435
rb1805,20171123,20171122,210627000,3822.0,208592,2314886,7983480860.0,3822.0,192,3821.0,396
rb1805,20171123,20171122,210627500,3822.0,208710,2314972,7987990800.0,3822.0,151,3821.0,403
rb1805,20171123,20171122,210628000,3822.0,208868,2315044,7994029140.0,3822.0,108,3821.0,383
rb1805,20171123,20171122,210628500,3822.0,209020,2315078,7999838580.0,3822.0,55,3821.0,383
rb1805,20171123,20171122,210629000,3822.0,209064,2315076,8001520240.0,3822.0,60,3821.0,385
rb1805,20171123,20171122,210629500,3822.0,209156,2315076,8005036460.0,3822.0,60,3821.0,388
rb1805,20171123,20171122,210630000,3822.0,209290,2315082,8010157860.0,3822.0,73,3821.0,388
rb1805,20171123,20171122,210630500,3821.0,209336,2315068,8011915920.0,3822.0,68,3821.0,388
rb1805,20171123,20171122,210631000,3822.0,209406,2315038,8014591220.0,3822.0,40,3821.0,392
rb1805,20171123,20171122,210631500,3822.0,209432,2315050,8015584940.0,3822.0,80,3821.0,396
rb1805,20171123,20171122,210632000,3821.0,209492,2315086,8017877980.0,3822.0,110,3821.0,390
rb1805,20171123,20171122,210632500,3821.0,209574,2315056,8021011980.0,3822.0,184,3821.0,396
rb1805,20171123,20171122,210633000,3822.0,209608,2315042,8022311300.0,3822.0,198,3821.0,392
rb1805,20171123,20171122,210633500,3821.0,209660,2315006,8024298680.0,3822.0,198,3821.0,393
rb1805,20171123,20171122,210634000,3822.0,209682,2315006,8025139520.0,3822.0,192,3821.0,395
rb1805,20171123,20171122,210634500,3822.0,209692,2315002,8025521680.0,3822.0,191,3821.0,394
rb1805,20171123,20171122,210635000,3821.0,209714,2314998,8026362420.0,3822.0,189,3821.0,390
rb1805,20171123,20171122,210635500,3822.0,209916,2315078,8034082860.0,3822.0,89,3821.0,390
rb1805,20171123,20171122,210636000,3822.0,210004,2315060,8037446180.0,3822.0,45,3821.0,391
rb1805,20171123,20171122,210636500,3822.0,210026,2315060,8038287020.0,3822.0,49,3821.0,393
rb1805,20171123,20171122,210637000,3822.0,210044,2315054,8038974900.0,3822.0,84,3821.0,394
rb1805,20171123,20171122,210637500,3821.0,210106,2315054,8041344440.0,3822.0,61,3821.0,401
rb1805,20171123,20171122,210638000,3822.0,210420,2314786,8053345500.0,3823.0,305,3822.0,21
rb1805,20171123,20171122,210638500,3822.0,210484,2314794,8055791580.0,3822.0,98,3821.0,407
rb1805,20171123,20171122,210639000,3821.0,210540,2314826,8057931840.0,3822.0,75,3821.0,441
rb1805,20171123,20171122,210639500,3822.0,210546,2314828,8058161160.0,3822.0,172,3821.0,444
rb1805,20171123,20171122,210640000,3822.0,210582,2314854,8059537080.0,3822.0,157,3821.0,448
rb1805,20171123,20171122,210640500,3821.0,210612,2314832,8060683400.0,3822.0,157,3821.0,436
rb1805,20171123,20171122,210641000,3822.0,210686,2314878,8063511540.0,3822.0,137,3821.0,432
rb1805,20171123,20171122,210641500,3822.0,210806,2314824,8068097900.0,3822.0,81,3821.0,467
rb1805,20171123,20171122,210642000,3822.0,211692,2314338,8101953100.0,3822.0,26,3821.0,82
rb1805,20171123,20171122,210642500,3822.0,211802,2314344,8106156740.0,3822.0,11,3821.0,54
rb1805,20171123,20171122,210643000,3822.0,211850,2314346,8107991260.0,3822.0,48,3821.0,55
rb1805,20171123,20171122,210643500,3822.0,211912,2314352,8110360800.0,3822.0,57,3821.0,55
rb1805,20171123,20171122,210644000,3821.0,211988,2314346,8113264940.0,3822.0,72,3821.0,29
rb1805,20171123,20171122,210644500,3822.0,212030,2314336,8114869940.0,3822.0,88,3821.0,22
rb1805,20171123,20171122,210645000,3822.0,212078,2314322,8116704440.0,3822.0,387,3821.0,22
rb1805,20171123,20171122,210645500,3821.0,212152,2314310,8119531980.0,3821.0,55,3820.0,672
rb1805,20171123,20171122,210646000,3821.0,212176,2314306,8120449020.0,3821.0,304,3820.0,720
rb1805,20171123,20171122,210646500,3821.0,212208,2314288,8121671720.0,3821.0,306,3820.0,719
rb1805,20171123,20171122,210647000,3821.0,212236,2314274,8122741520.0,3821.0,316,3820.0,717
rb1805,20171123,20171122,210647500,3821.0,212380,2314290,8128242460.0,3821.0,342,3820.0,643
rb1805,20171123,20171122,210648000,3821.0,212596,2314398,8136493820.0,3821.0,337,3820.0,546
rb1805,20171123,20171122,210648500,3820.0,212824,2314584,8145203500.0,3821.0,398,3820.0,439
rb1805,20171123,20171122,210649000,3820.0,213352,2314638,8165373580.0,3821.0,376,3820.0,206
rb1805,20171123,20171122,210649500,3820.0,213872,2314754,8185237580.0,3820.0,297,3819.0,381
rb1805,20171123,20171122,210650000,3820.0,214402,2314822,8205479060.0,3820.0,325,3819.0,186
rb1805,20171123,20171122,210650500,3820.0,214428,2314834,8206472260.0,3820.0,315,3819.0,186
rb1805,20171123,20171122,210651000,3819.0,214686,2314984,8216325920.0,3820.0,284,3819.0,89
rb1805,20171123,20171122,210651500,3820.0,214834,2315022,8221978220.0,3820.0,286,3819.0,25
rb1805,20171123,20171122,210652000,3819.0,215034,2315078,8229617580.0,3820.0,223,3819.0,26
rb1805,20171123,20171122,210652500,3819.0,215086,2315082,8231603540.0,3820.0,227,3819.0,87
rb1805,20171123,20171122,210653000,3819.0,215332,2315272,8240998260.0,3819.0,134,3818.0,730
rb1805,20171123,20171122,210653500,3819.0,215376,2315292,8242678600.0,3819.0,121,3818.0,763
rb1805,20171123,20171122,210654000,3818.0,215492,2315300,8247108280.0,3819.0,87,3818.0,746
rb1805,20171123,20171122,210654500,3819.0,215742,2315238,8256653640.0,3819.0,104,3818.0,651
rb1805,20171123,20171122,210655000,3819.0,215766,2315244,8257570140.0,3819.0,103,3818.0,650
rb1805,20171123,20171122,210655500,3818.0,215894,2315306,8262457380.0,3819.0,98,3818.0,619
rb1805,20171123,20171122,210656000,3818.0,215942,2315324,8264290220.0,3819.0,89,3818.0,608
rb1805,20171123,20171122,210656500,3818.0,216052,2315402,8268490140.0,3819.0,84,3818.0,567
rb1805,20171123,20171122,210657000,3818.0,216224,2315492,8275057900.0,3819.0,49,3818.0,523
rb1805,20171123,20171122,210657500,3818.0,216322,2315494,8278800080.0,3819.0,30,3818.0,513
rb1805,20171123,20171122,210658000,3819.0,216342,2315492,8279563820.0,3819.0,30,3818.0,512
rb1805,20171123,20171122,210658500,3819.0,216630,2315496,8290560060.0,3819.0,136,3818.0,401
rb1805,20171123,20171122,210659000,3818.0,216680,2315540,8292469080.0,3819.0,147,3818.0,381
rb1805,20171123,20171122,210659500,3819.0,216786,2315514,8296516200.0,3819.0,194,3818.0,424
rb1805,20171123,20171122,210700000,3818.0,216858,2315550,8299265300.0,3819.0,195,3818.0,397
rb1805,20171123,20171122,210700500,3819.0,216932,2315578,8302090720.0,3819.0,193,3818.0,370
rb1805,20171123,20171122,210701000,3818.0,217250,2315822,8314232200.0,3819.0,232,3818.0,227
rb1805,20171123,20171122,210701500,3819.0,217454,2315828,8322021060.0,3819.0,226,3818.0,228
rb1805,20171123,20171122,210702000,3819.0,217470,2315840,8322632080.0,3819.0,229,3818.0,267
rb1805,20171123,20171122,210702500,3819.0,217574,2315920,8326603600.0,3819.0,175,3818.0,266
rb1805,20171123,20171122,210703000,3818.0,217892,2315838,8338747760.0,3819.0,36,3818.0,263
rb1805,20171123,20171122,210703500,3819.0,217982,2315810,8342184880.0,3820.0,148,3819.0,698
rb1805,20171123,20171122,210704000,3820.0,218364,2315948,8356777380.0,3821.0,71,3820.0,19
rb1805,20171123,20171122,210704500,3820.0,218446,2315950,8359910240.0,3821.0,59,3820.0,477
rb1805,20171123,20171122,210705000,3821.0,218606,2316042,8366023840.0,3822.0,120,3821.0,125
rb1805,20171123,20171122,210705500,3821.0,218738,2316100,8371068600.0,3822.0,31,3821.0,120
rb1805,20171123,20171122,210706000,3822.0,218972,2316090,8380011980.0,3823.0,391,3822.0,43
rb1805,20171123,20171122,210706500,3822.0,219046,2316022,8382840260.0,3823.0,388,3822.0,77
rb1805,20171123,20171122,210707000,3822.0,219166,2315960,8387426700.0,3823.0,388,3822.0,56
rb1805,20171123,20171122,210707500,3822.0,219202,2315968,8388802660.0,3823.0,388,3822.0,50
rb1805,20171123,20171122,210708000,3822.0,219208,2315972,8389032000.0,3823.0,388,3822.0,73
rb1805,20171123,20171122,210708500,3822.0,219246,2315976,8390484460.0,3823.0,385,3822.0,72
rb1805,20171123,20171122,210709000,3822.0,219326,2315940,8393542200.0,3823.0,378,3822.0,39
rb1805,20171123,20171122,210709500,3822.0,219566,2315854,8402715340.0,3822.0,58,3821.0,105
rb1805,20171123,20171122,210710000,3822.0,219736,2315956,8409211400.0,3822.0,21,3821.0,17
rb1805,20171123,20171122,210710500,3822.0,219846,2316006,8413415560.0,3822.0,21,3821.0,23
rb1805,20171123,20171122,210711000,3822.0,220014,2316106,8419836420.0,3823.0,351,3822.0,270
rb1805,20171123,20171122,210711500,3822.0,220388,2316192,8434130900.0,3823.0,351,3822.0,124
rb1805,20171123,20171122,210712000,3822.0,220680,2316164,8445291180.0,3822.0,2,3821.0,88
rb1805,20171123,20171122,210712500,3822.0,220700,2316180,8446055580.0,3822.0,23,3821.0,130
rb1805,20171123,20171122,210713000,3822.0,220734,2316160,8447355040.0,3822.0,11,3821.0,129
rb1805,20171123,20171122,210713500,3822.0,220770,2316174,8448730960.0,3823.0,406,3822.0,44
rb1805,20171123,20171122,210714000,3822.0,220838,2316210,8451329920.0,3823.0,405,3822.0,30
rb1805,20171123,20171122,210714500,3822.0,221006,2316376,8457752400.0,3823.0,332,3822.0,55
rb1805,20171123,20171122,210715000,3822.0,221092,2316420,8461039380.0,3823.0,332,3822.0,136
rb1805,20171123,20171122,210715500,3823.0,221190,2316394,8464785880.0,3823.0,291,3822.0,138
rb1805,20171123,20171122,210716000,3823.0,221786,2316830,8487570860.0,3824.0,562,3823.0,139
rb1805,20171123,20171122,210716500,3823.0,222120,2317044,8500339580.0,3823.0,2,3822.0,174
rb1805,20171123,20171122,210717000,3823.0,222208,2317044,8503703100.0,3823.0,5,3822.0,168
rb1805,20171123,20171122,210717500,3823.0,222508,2316912,8515171140.0,3824.0,538,3823.0,17
rb1805,20171123,20171122,210718000,3824.0,222616,2316940,8519300440.0,3824.0,514,3823.0,27
rb1805,20171123,20171122,210718500,3823.0,222668,2316944,8521288540.0,3824.0,509,3823.0,14
rb1805,20171123,20171122,210719000,3823.0,222726,2316964,8523505900.0,3823.0,63,3822.0,129
rb1805,20171123,20171122,210719500,3823.0,222856,2317090,8528475800.0,3823.0,1,3822.0,161
rb1805,20171123,20171122,210720000,3824.0,222924,2317128,8531075940.0,3824.0,508,3823.0,12
rb1805,20171123,20171122,210720500,3824.0,223382,2317562,8548589780.0,3824.0,316,3823.0,37
rb1805,20171123,20171122,210721000,3823.0,223416,2317562,8549889640.0,3824.0,304,3823.0,35
rb1805,20171123,20171122,210721500,3823.0,223478,2317584,8552260100.0,3824.0,298,3823.0,71
rb1805,20171123,20171122,210722000,3824.0,223498,2317586,8553024740.0,3824.0,298,3823.0,70
rb1805,20171123,20171122,210722500,3823.0,223510,2317590,8553483520.0,3824.0,315,3823.0,70
rb1805,20171123,20171122,210723000,3824.0,223582,2317566,8556236180.0,3824.0,343,3823.0,39
rb1805,20171123,20171122,210723500,3824.0,223614,2317572,8557459740.0,3824.0,342,3823.0,37
rb1805,20171123,20171122,210724000,3824.0,223920,2317744,8569160400.0,3824.0,229,3822.0,243
rb1805,20171123,20171122,210724500,3824.0,223948,2317770,8570231100.0,3824.0,266,3823.0,24
rb1805,20171123,20171122,210725000,3824.0,223986,2317808,8571684180.0,3824.0,253,3823.0,44
rb1805,20171123,20171122,210725500,3823.0,224006,2317814,8572448820.0,3824.0,253,3823.0,37
rb1805,20171123,20171122,210726000,3824.0,224036,2317834,8573595960.0,3824.0,244,3823.0,41
rb1805,20171123,20171122,210726500,3823.0,224110,2317822,8576424980.0,3824.0,262,3823.0,6
rb1805,20171123,20171122,210727000,3823.0,224162,2317838,8578413240.0,3823.0,12,3822.0,226
rb1805,20171123,20171122,210727500,3824.0,224230,2317850,8581013280.0,3824.0,260,3822.0,226
rb1805,20171123,20171122,210728000,3824.0,224308,2317856,8583994780.0,3824.0,262,3823.0,19
rb1805,20171123,20171122,210728500,3823.0,224364,2317802,8586135660.0,3823.0,115,3822.0,202
rb1805,20171123,20171122,210729000,3823.0,224412,2317800,8587970660.0,3823.0,148,3822.0,173
rb1805,20171123,20171122,210729500,3823.0,224480,2317796,8590570300.0,3823.0,146,3822.0,182
rb1805,20171123,20171122,210730000,3822.0,224510,2317804,8591717000.0,3823.0,148,3822.0,172
rb1805,20171123,20171122,210730500,3822.0,224528,2317802,8592405020.0,3823.0,154,3822.0,166
rb1805,20171123,20171122,210731000,3822.0,224538,2317804,8592787260.0,3823.0,156,3822.0,269
rb1805,20171123,20171122,210731500,3823.0,224694,2317858,8598751100.0,3823.0,82,3822.0,272
rb1805,20171123,20171122,210732000,3822.0,224720,2317878,8599744920.0,3823.0,85,3822.0,268
rb1805,20171123,20171122,210732500,3823.0,224752,2317910,8600968280.0,3823.0,130,3822.0,271
rb1805,20171123,20171122,210733000,3823.0,224784,2317912,8602191640.0,3823.0,120,3822.0,271
rb1805,20171123,20171122,210733500,3823.0,224814,2317896,8603338480.0,3823.0,108,3822.0,269
rb1805,20171123,20171122,210734000,3822.0,224816,2317896,8603414920.0,3823.0,109,3822.0,324
rb1805,20171123,20171122,210734500,3822.0,224840,2317900,8604332380.0,3823.0,95,3822.0,332
rb1805,20171123,20171122,210735000,3823.0,224854,2317914,8604867600.0,3823.0,93,3822.0,363
rb1805,20171123,20171122,210735500,3823.0,224918,2317916,8607314120.0,3823.0,122,3822.0,354
rb1805,20171123,20171122,210736000,3822.0,224958,2317956,8608843280.0,3823.0,109,3822.0,357
rb1805,20171123,20171122,210736500,3823.0,224992,2317982,8610143060.0,3823.0,108,3822.0,358
rb1805,20171123,20171122,210737000,3823.0,225010,2318000,8610831200.0,3823.0,102,3822.0,364
rb1805,20171123,20171122,210737500,3823.0,225012,2318002,8610907660.0,3823.0,102,3822.0,366
rb1805,20171123,20171122,210738000,3823.0,225034,2318022,8611748700.0,3823.0,97,3822.0,364
rb1805,20171123,20171122,210738500,3823.0,225060,2318032,8612742680.0,3823.0,88,3822.0,366
rb1805,20171123,20171122,210739000,3823.0,225076,2318034,8613354280.0,3823.0,87,3822.0,362
rb1805,20171123,20171122,210739500,3823.0,225182,2317948,8617405620.0,3823.0,97,3822.0,320
rb1805,20171123,20171122,210740000,3822.0,225220,2317974,8618858100.0,3823.0,91,3822.0,308
rb1805,20171123,20171122,210740500,3823.0,225288,2317922,8621457700.0,3823.0,70,3822.0,306
rb1805,20171123,20171122,210741000,3823.0,225430,2318016,8626886360.0,3824.0,304,3823.0,249
rb1805,20171123,20171122,210741500,3824.0,225548,2318046,8631398620.0,3824.0,248,3823.0,265
rb1805,20171123,20171122,210742000,3823.0,225554,2318048,8631628000.0,3824.0,259,3823.0,295
rb1805,20171123,20171122,210742500,3823.0,225566,2318046,8632086840.0,3824.0,275,3823.0,296
rb1805,20171123,20171122,210743000,3823.0,225588,2318066,8632927900.0,3824.0,275,3823.0,314
rb1805,20171123,20171122,210743500,3824.0,225796,2318132,8640881800.0,3824.0,183,3823.0,318
rb1805,20171123,20171122,210744000,3823.0,225848,2318154,8642869880.0,3824.0,182,3823.0,305
rb1805,20171123,20171122,210744500,3824.0,225906,2318184,8645087800.0,3824.0,168,3823.0,337
rb1805,20171123,20171122,210745000,3824.0,225928,2318192,8645928980.0,3824.0,176,3823.0,333
rb1805,20171123,20171122,210745500,3824.0,226012,2318216,8649140480.0,3824.0,167,3823.0,301
rb1805,20171123,20171122,210746000,3824.0,226176,2318278,8655411800.0,3824.0,87,3823.0,302
rb1805,20171123,20171122,210746500,3824.0,226188,2318280,8655870660.0,3824.0,96,3823.0,332
rb1805,20171123,20171122,210747000,3824.0,226250,2318288,8658241460.0,3824.0,72,3823.0,330
rb1805,20171123,20171122,210747500,3824.0,226264,2318292,8658776720.0,3824.0,264,3823.0,327
rb1805,20171123,20171122,210748000,3823.0,226292,2318300,8659847240.0,3824.0,328,3823.0,317
rb1805,20171123,20171122,210748500,3824.0,226626,2318626,8672616140.0,3824.0,375,3823.0,155
rb1805,20171123,20171122,210749000,3823.0,226960,2318632,8685384940.0,3823.0,181,3822.0,309
rb1805,20171123,20171122,210749500,3823.0,226988,2318644,8686455240.0,3823.0,202,3822.0,303
rb1805,20171123,20171122,210750000,3822.0,226998,2318646,8686837460.0,3823.0,204,3822.0,299
rb1805,20171123,20171122,210750500,3823.0,227020,2318656,8687678440.0,3823.0,218,3822.0,303
rb1805,20171123,20171122,210751000,3822.0,227034,2318658,8688213540.0,3823.0,224,3822.0,297
rb1805,20171123,20171122,210751500,3823.0,227170,2318794,8693412780.0,3823.0,165,3822.0,295
rb1805,20171123,20171122,210752000,3822.0,227190,2318812,8694177240.0,3823.0,165,3822.0,288
rb1805,20171123,20171122,210752500,3823.0,227196,2318816,8694406600.0,3823.0,168,3822.0,298
rb1805,20171123,20171122,210753000,3823.0,227218,2318838,8695247660.0,3823.0,140,3822.0,300
rb1805,20171123,20171122,210753500,3822.0,227834,2318732,8718791320.0,3823.0,139,3822.0,2
rb1805,20171123,20171122,210754000,3822.0,227904,2318760,8721466720.0,3822.0,14,3821.0,274
rb1805,20171123,20171122,210754500,3823.0,227944,2318770,8722995640.0,3823.0,144,3822.0,1
rb1805,20171123,20171122,210755000,3822.0,227976,2318778,8724218680.0,3823.0,144,3821.0,275
rb1805,20171123,20171122,210755500,3822.0,227986,2318788,8724600940.0,3822.0,2,3821.0,279
rb1805,20171123,20171122,210756000,3822.0,228002,2318798,8725212540.0,3822.0,6,3821.0,279
rb1805,20171123,20171122,210756500,3822.0,228014,2318798,8725671180.0,3822.0,14,3821.0,280
rb1805,20171123,20171122,210757000,3822.0,228028,2318810,8726206240.0,3822.0,8,3821.0,286
rb1805,20171123,20171122,210757500,3822.0,228042,2318818,8726741300.0,3822.0,114,3821.0,290
rb1805,20171123,20171122,210758000,3822.0,228068,2318838,8727734860.0,3822.0,115,3821.0,283
rb1805,20171123,20171122,210758500,3822.0,228104,2318864,8729110660.0,3822.0,103,3821.0,283
rb1805,20171123,20171122,210759000,3822.0,228116,2318876,8729569300.0,3822.0,98,3821.0,274
rb1805,20171123,20171122,210759500,3822.0,228260,2319016,8735072960.0,3822.0,329,3821.0,272
rb1805,20171123,20171122,210800000,3822.0,228278,2319030,8735760780.0,3822.0,328,3821.0,271
rb1805,20171123,20171122,210800500,3822.0,228306,2319032,8736830800.0,3822.0,321,3821.0,264
rb1805,20171123,20171122,210801000,3822.0,228350,2319060,8738512480.0,3822.0,304,3821.0,259
rb1805,20171123,20171122,210801500,3822.0,228378,2319050,8739582640.0,3822.0,309,3821.0,259
rb1805,20171123,20171122,210802000,3822.0,228420,2319050,8741187680.0,3822.0,303,3821.0,255
rb1805,20171123,20171122,210802500,3822.0,228436,2319048,8741799180.0,3822.0,298,3821.0,254
rb1805,20171123,20171122,210803000,3821.0,228530,2319034,8745391560.0,3822.0,264,3821.0,239
rb1805,20171123,20171122,210803500,3822.0,228564,2319034,8746691020.0,3822.0,249,3821.0,241
rb1805,20171123,20171122,210804000,3821.0,228610,2319028,8748448860.0,3822.0,245,3821.0,233
rb1805,20171123,20171122,210804500,3821.0,228674,2318974,8750894320.0,3822.0,249,3821.0,205
rb1805,20171123,20171122,210805000,3822.0,228712,2318990,8752346480.0,3822.0,304,3821.0,196
rb1805,20171123,20171122,210805500,3821.0,228960,2319152,8761822580.0,3822.0,307,3821.0,83
rb1805,20171123,20171122,210806000,3821.0,229558,2318992,8784672160.0,3821.0,119,3820.0,576
rb1805,20171123,20171122,210806500,3821.0,229836,2319022,8795294480.0,3821.0,150,3820.0,572
rb1805,20171123,20171122,210807000,3821.0,230146,2319318,8807139580.0,3821.0,49,3820.0,571
rb1805,20171123,20171122,210807500,3821.0,230206,2319290,8809432000.0,3821.0,43,3820.0,559
rb1805,20171123,20171122,210808000,3820.0,230244,2319318,8810883960.0,3821.0,86,3820.0,557
rb1805,20171123,20171122,210808500,3820.0,230376,2319256,8815926700.0,3821.0,92,3820.0,524
rb1805,20171123,20171122,210809000,3820.0,230402,2319238,8816919940.0,3821.0,190,3820.0,554
rb1805,20171123,20171122,210809500,3820.0,230416,2319238,8817454760.0,3821.0,274,3820.0,548
rb1805,20171123,20171122,210810000,3820.0,230502,2319272,8820740500.0,3821.0,256,3820.0,532
rb1805,20171123,20171122,210810500,3821.0,230528,2319266,8821733860.0,3821.0,262,3820.0,527
rb1805,20171123,20171122,210811000,3820.0,230622,2319244,8825325240.0,3821.0,237,3820.0,509
rb1805,20171123,20171122,210811500,3820.0,230640,2319248,8826012920.0,3821.0,261,3820.0,513
rb1805,20171123,20171122,210812000,3820.0,230784,2319176,8831514380.0,3821.0,230,3820.0,476
rb1805,20171123,20171122,210812500,3820.0,230918,2319216,8836633200.0,3821.0,222,3820.0,468
rb1805,20171123,20171122,210813000,3821.0,231818,2319316,8871013260.0,3821.0,224,3820.0,124
rb1805,20171123,20171122,210813500,3820.0,231954,2319302,8876208500.0,3821.0,223,3820.0,59
rb1805,20171123,20171122,210814000,3819.0,232098,2319262,8881709240.0,3820.0,31,3819.0,493
rb1805,20171123,20171122,210814500,3821.0,232386,2319040,8892710920.0,3821.0,227,3820.0,146
rb1805,20171123,20171122,210815000,3820.0,232726,2319090,8905699260.0,3820.0,31,3819.0,496
rb1805,20171123,20171122,210815500,3820.0,232896,2319172,8912192920.0,3821.0,211,3820.0,185
rb1805,20171123,20171122,210816000,3821.0,233376,2319542,8930527940.0,3821.0,262,3819.0,443
rb1805,20171123,20171122,210816500,3820.0,233484,2319516,8934654540.0,3821.0,253,3820.0,18
rb1805,20171123,20171122,210817000,3821.0,233572,2319520,8938016340.0,3821.0,236,3820.0,252
rb1805,20171123,20171122,210817500,3820.0,233638,2319514,8940537540.0,3821.0,241,3820.0,239
rb1805,20171123,20171122,210818000,3820.0,233718,2319520,8943593840.0,3821.0,228,3820.0,235
rb1805,20171123,20171122,210818500,3820.0,233744,2319512,8944587060.0,3821.0,227,3820.0,232
rb1805,20171123,20171122,210819000,3821.0,233790,2319492,8946344480.0,3821.0,218,3820.0,231
rb1805,20171123,20171122,210819500,3820.0,233826,2319488,8947719680.0,3821.0,218,3820.0,224
rb1805,20171123,20171122,210820000,3820.0,233950,2319468,8952456740.0,3821.0,229,3820.0,188
rb1805,20171123,20171122,210820500,3820.0,233964,2319468,8952991540.0,3821.0,233,3820.0,188
rb1805,20171123,20171122,210821000,3820.0,234142,2319442,8959792380.0,3821.0,174,3820.0,162
rb1805,20171123,20171122,210821500,3821.0,234172,2319418,8960938620.0,3821.0,161,3820.0,169
rb1805,20171123,20171122,210822000,3820.0,234292,2319404,8965523640.0,3821.0,120,3820.0,206
rb1805,20171123,20171122,210822500,3820.0,234326,2319392,8966822440.0,3821.0,120,3820.0,192
rb1805,20171123,20171122,210823000,3820.0,234350,2319388,8967739260.0,3821.0,121,3820.0,187
rb1805,20171123,20171122,210823500,3820.0,234418,2319352,8970337400.0,3821.0,101,3820.0,181
rb1805,20171123,20171122,210824000,3821.0,234522,2319292,8974310380.0,3821.0,133,3820.0,139
rb1805,20171123,20171122,210824500,3820.0,234766,2319190,8983633400.0,3821.0,23,3820.0,131
rb1805,20171123,20171122,210825000,3820.0,234804,2319194,8985085040.0,3821.0,21,3820.0,124
rb1805,20171123,20171122,210825500,3821.0,235096,2319022,8996239480.0,3821.0,81,3820.0,4
rb1805,20171123,20171122,210826000,3820.0,235136,2319010,8997767800.0,3821.0,82,3820.0,5
rb1805,20171123,20171122,210826500,3820.0,235160,2319028,8998684800.0,3821.0,97,3820.0,235
rb1805,20171123,20171122,210827000,3820.0,235192,2319046,8999907400.0,3821.0,200,3820.0,242
rb1805,20171123,20171122,210827500,3820.0,235218,2319050,9000900640.0,3821.0,199,3820.0,259
rb1805,20171123,20171122,210828000,3821.0,235632,2319148,9016715520.0,3821.0,199,3820.0,62
rb1805,20171123,20171122,210828500,3820.0,235692,2319160,9019007820.0,3821.0,204,3820.0,54
rb1805,20171123,20171122,210829000,3820.0,235754,2319180,9021376500.0,3821.0,191,3820.0,43
rb1805,20171123,20171122,210829500,3820.0,235850,2319122,9025043800.0,3820.0,16,3819.0,406
rb1805,20171123,20171122,210830000,3820.0,235880,2319122,9026189800.0,3820.0,51,3819.0,410
rb1805,20171123,20171122,210830500,3819.0,235914,2319130,9027488480.0,3820.0,41,3819.0,422
rb1805,20171123,20171122,210831000,3819.0,235990,2319136,9030391620.0,3820.0,17,3819.0,423
rb1805,20171123,20171122,210831500,3820.0,236076,2319166,9033676840.0,3821.0,197,3820.0,38
rb1805,20171123,20171122,210832000,3819.0,236476,2319314,9048953740.0,3821.0,198,3819.0,275
rb1805,20171123,20171122,210832500,3820.0,236516,2319312,9050481800.0,3821.0,193,3820.0,9
rb1805,20171123,20171122,210833000,3820.0,236586,2319374,9053155800.0,3821.0,192,3820.0,40
rb1805,20171123,20171122,210833500,3820.0,236594,2319382,9053461400.0,3821.0,194,3820.0,54
rb1805,20171123,20171122,210834000,3820.0,236684,2319404,9056899460.0,3821.0,194,3820.0,28
rb1805,20171123,20171122,210834500,3820.0,236710,2319420,9057892660.0,3821.0,197,3820.0,25
rb1805,20171123,20171122,210835000,3820.0,236748,2319408,9059344260.0,3821.0,208,3820.0,37
rb1805,20171123,20171122,210835500,3820.0,236776,2319422,9060413860.0,3821.0,236,3820.0,175
rb1805,20171123,20171122,210836000,3820.0,236896,2319458,9064997960.0,3821.0,256,3820.0,138
rb1805,20171123,20171122,210836500,3820.0,236936,2319444,9066525960.0,3821.0,259,3820.0,583
rb1805,20171123,20171122,210837000,3820.0,237010,2319444,9069353240.0,3821.0,233,3820.0,1065
rb1805,20171123,20171122,210837500,3821.0,237500,2319878,9088076140.0,3822.0,531,3821.0,249
rb1805,20171123,20171122,210838000,3822.0,237528,2319880,9089146060.0,3822.0,529,3821.0,284
rb1805,20171123,20171122,210838500,3822.0,237544,2319880,9089757520.0,3822.0,540,3821.0,282
rb1805,20171123,20171122,210839000,3821.0,237568,2319866,9090674560.0,3822.0,538,3821.0,290
rb1805,20171123,20171122,210839500,3821.0,237642,2319920,9093502100.0,3822.0,538,3821.0,265
rb1805,20171123,20171122,210840000,3821.0,237644,2319922,9093578520.0,3822.0,518,3821.0,265
rb1805,20171123,20171122,210840500,3821.0,237672,2319926,9094648640.0,3822.0,512,3821.0,273
rb1805,20171123,20171122,210841000,3821.0,237686,2319934,9095183600.0,3822.0,511,3821.0,269
rb1805,20171123,20171122,210841500,3821.0,237988,2319898,9106723020.0,3822.0,518,3821.0,106
rb1805,20171123,20171122,210842000,3821.0,238220,2319806,9115587740.0,3821.0,60,3820.0,263
rb1805,20171123,20171122,210842500,3821.0,238228,2319804,9115893380.0,3821.0,86,3820.0,253
rb1805,20171123,20171122,210843000,3821.0,238256,2319792,9116963120.0,3821.0,31,3820.0,312
rb1805,20171123,20171122,210843500,3821.0,238270,2319790,9117498060.0,3821.0,25,3820.0,312
rb1805,20171123,20171122,210844000,3822.0,238328,2319812,9119714240.0,3822.0,524,3821.0,46
rb1805,20171123,20171122,210844500,3821.0,238424,2319820,9123382440.0,3821.0,10,3820.0,347
rb1805,20171123,20171122,210845000,3821.0,238470,2319826,9125140100.0,3822.0,515,3821.0,19
rb1805,20171123,20171122,210845500,3821.0,238474,2319826,9125292940.0,3822.0,517,3821.0,21
rb1805,20171123,20171122,210846000,3821.0,238488,2319828,9125827880.0,3822.0,520,3821.0,19
rb1805,20171123,20171122,210846500,3822.0,238510,2319810,9126668700.0,3822.0,517,3821.0,21
rb1805,20171123,20171122,210847000,3822.0,238510,2319810,9126668700.0,3822.0,523,3821.0,29
rb1805,20171123,20171122,210847500,3821.0,238512,2319810,9126745120.0,3822.0,525,3821.0,33
rb1805,20171123,20171122,210848000,3821.0,238536,2319824,9127662180.0,3822.0,533,3821.0,24
rb1805,20171123,20171122,210848500,3821.0,238568,2319842,9128884900.0,3822.0,536,3821.0,29
rb1805,20171123,20171122,210849000,3821.0,238580,2319842,9129343420.0,3822.0,550,3821.0,31
rb1805,20171123,20171122,210849500,3822.0,238600,2319840,9130107720.0,3822.0,546,3821.0,30
rb1805,20171123,20171122,210850000,3821.0,238672,2319852,9132858840.0,3821.0,69,3820.0,407
rb1805,20171123,20171122,210850500,3821.0,238684,2319854,9133317320.0,3821.0,70,3820.0,411
rb1805,20171123,20171122,210851000,3820.0,238712,2319866,9134387120.0,3821.0,95,3820.0,457
rb1805,20171123,20171122,210851500,3821.0,238916,2319990,9142181960.0,3822.0,560,3821.0,324
rb1805,20171123,20171122,210852000,3821.0,238918,2319990,9142258380.0,3822.0,558,3821.0,328
rb1805,20171123,20171122,210852500,3821.0,238920,2319992,9142334800.0,3822.0,564,3821.0,337
rb1805,20171123,20171122,210853000,3821.0,238922,2319994,9142411220.0,3822.0,564,3821.0,341
rb1805,20171123,20171122,210853500,3821.0,238942,2319996,9143175420.0,3822.0,565,3821.0,334
rb1805,20171123,20171122,210854000,3821.0,238988,2319998,9144933500.0,3822.0,547,3821.0,333
rb1805,20171123,20171122,210854500,3821.0,239008,2320008,9145697760.0,3822.0,546,3821.0,337
rb1805,20171123,20171122,210855000,3821.0,239020,2320008,9146156360.0,3822.0,550,3821.0,356
rb1805,20171123,20171122,210855500,3821.0,239032,2320008,9146614960.0,3822.0,546,3821.0,364
rb1805,20171123,20171122,210856000,3821.0,239046,2320016,9147149920.0,3822.0,555,3821.0,368
rb1805,20171123,20171122,210856500,3821.0,239072,2320042,9148143380.0,3822.0,557,3821.0,357
rb1805,20171123,20171122,210857000,3821.0,239086,2320056,9148678320.0,3822.0,556,3821.0,355
rb1805,20171123,20171122,210857500,3821.0,239102,2320068,9149289700.0,3822.0,556,3821.0,363
rb1805,20171123,20171122,210858000,3821.0,239132,2320086,9150436040.0,3822.0,558,3821.0,353
rb1805,20171123,20171122,210858500,3822.0,239178,2320046,9152194120.0,3822.0,527,3821.0,352
rb1805,20171123,20171122,210859000,3821.0,239314,2320046,9157390720.0,3822.0,526,3821.0,291
rb1805,20171123,20171122,210859500,3821.0,239346,2320050,9158613640.0,3822.0,519,3821.0,285
rb1805,20171123,20171122,210900000,3822.0,239360,2320050,9159148680.0,3822.0,528,3821.0,285
rb1805,20171123,20171122,210900500,3821.0,239478,2320050,9163657640.0,3822.0,518,3821.0,238
rb1805,20171123,20171122,210901000,3821.0,239614,2320182,9168854220.0,3822.0,517,3821.0,173
rb1805,20171123,20171122,210901500,3821.0,239632,2320190,9169542060.0,3822.0,514,3821.0,164
rb1805,20171123,20171122,210902000,3821.0,239752,2320110,9174128260.0,3822.0,465,3821.0,210
rb1805,20171123,20171122,210902500,3821.0,239786,2320132,9175427400.0,3822.0,477,3821.0,193
rb1805,20171123,20171122,210903000,3821.0,239806,2320146,9176191640.0,3822.0,477,3821.0,186
rb1805,20171123,20171122,210903500,3821.0,239818,2320154,9176650180.0,3822.0,476,3821.0,241
rb1805,20171123,20171122,210904000,3821.0,239834,2320162,9177261620.0,3822.0,473,3821.0,237
rb1805,20171123,20171122,210904500,3821.0,239862,2320148,9178331660.0,3822.0,465,3821.0,232
rb1805,20171123,20171122,210905000,3821.0,239884,2320160,9179172280.0,3822.0,465,3821.0,222
rb1805,20171123,20171122,210905500,3822.0,239892,2320162,9179477980.0,3822.0,464,3821.0,219
rb1805,20171123,20171122,210906000,3821.0,239916,2320174,9180395040.0,3822.0,464,3821.0,212
rb1805,20171123,20171122,210906500,3822.0,239918,2320174,9180471480.0,3822.0,464,3821.0,231
rb1805,20171123,20171122,210907000,3821.0,239946,2320182,9181541560.0,3822.0,454,3821.0,228
rb1805,20171123,20171122,210907500,3822.0,240010,2320188,9183987560.0,3822.0,426,3821.0,226
