instrument,tradingday,calendarday,time,lastp,volume,openinterest,turnover,ask1,asksz1,bid1,bidsz1
rb1805,20170919,20170918,205900500,3678.0,490,351908,18022200.0,3679.0,1,3678.0,1
rb1805,20170919,20170918,210000500,3679.0,544,351940,20008480.0,3680.0,16,3679.0,21
rb1805,20170919,20170918,210001000,3680.0,706,352008,25969180.0,3682.0,2,3679.0,37
rb1805,20170919,20170918,210001500,3682.0,734,352012,26999880.0,3683.0,5,3682.0,7
rb1805,20170919,20170918,210002000,3682.0,924,352076,33997980.0,3684.0,5,3682.0,23
rb1805,20170919,20170918,210002500,3681.0,1040,352076,38268260.0,3681.0,4,3679.0,87
rb1805,20170919,20170918,210003000,3681.0,1104,352082,40623700.0,3682.0,57,3681.0,2
rb1805,20170919,20170918,210003500,3682.0,1136,352098,41801760.0,3682.0,11,3681.0,1
rb1805,20170919,20170918,210004000,3681.0,1174,352098,43200420.0,3681.0,32,3679.0,66
rb1805,20170919,20170918,210004500,3679.0,1230,352098,45260660.0,3681.0,58,3679.0,39
rb1805,20170919,20170918,210005000,3680.0,1444,352198,53136880.0,3682.0,17,3680.0,30
rb1805,20170919,20170918,210005500,3681.0,1490,352206,54830440.0,3681.0,2,3680.0,42
rb1805,20170919,20170918,210006000,3681.0,1494,352206,54977680.0,3682.0,11,3681.0,30
rb1805,20170919,20170918,210006500,3681.0,1558,352226,57333560.0,3682.0,10,3681.0,3
rb1805,20170919,20170918,210007000,3681.0,1596,352216,58732620.0,3683.0,3,3682.0,46
rb1805,20170919,20170918,210007500,3682.0,1616,352202,59469080.0,3684.0,37,3683.0,4
rb1805,20170919,20170918,210008000,3682.0,1634,352208,60131960.0,3684.0,38,3683.0,1
rb1805,20170919,20170918,210008500,3684.0,1684,352202,61973420.0,3684.0,30,3682.0,45
rb1805,20170919,20170918,210009000,3682.0,1718,352184,63225580.0,3683.0,1,3682.0,42
rb1805,20170919,20170918,210009500,3684.0,1742,352168,64109700.0,3684.0,20,3683.0,4
rb1805,20170919,20170918,210010000,3683.0,1800,352142,66246280.0,3685.0,52,3683.0,5
rb1805,20170919,20170918,210010500,3683.0,1806,352142,66467260.0,3685.0,57,3684.0,9
rb1805,20170919,20170918,210011000,3683.0,1958,352096,72067440.0,3683.0,3,3682.0,52
rb1805,20170919,20170918,210011500,3685.0,2002,352084,73688460.0,3685.0,2,3683.0,36
rb1805,20170919,20170918,210012000,3686.0,2120,352050,78036800.0,3686.0,35,3683.0,34
rb1805,20170919,20170918,210012500,3684.0,2390,351970,87989560.0,3687.0,12,3686.0,1
rb1805,20170919,20170918,210013000,3686.0,2520,351890,92781240.0,3686.0,7,3685.0,6
rb1805,20170919,20170918,210013500,3685.0,2656,351870,97795780.0,3686.0,5,3685.0,9
rb1805,20170919,20170918,210014000,3686.0,2736,351862,100743820.0,3686.0,24,3684.0,1
rb1805,20170919,20170918,210014500,3685.0,2748,351860,101185980.0,3684.0,3,3683.0,25
rb1805,20170919,20170918,210015000,3684.0,3084,351922,113573360.0,3685.0,6,3684.0,35
rb1805,20170919,20170918,210015500,3684.0,3160,351882,116373740.0,3686.0,95,3684.0,19
rb1805,20170919,20170918,210016000,3685.0,3246,351844,119541520.0,3683.0,2,3682.0,53
rb1805,20170919,20170918,210016500,3685.0,3286,351870,121015520.0,3684.0,5,3682.0,53
rb1805,20170919,20170918,210017000,3684.0,3314,351886,122047020.0,3684.0,3,3683.0,1
rb1805,20170919,20170918,210017500,3684.0,3362,351906,123815100.0,3685.0,57,3684.0,81
rb1805,20170919,20170918,210018000,3683.0,3584,352040,131992520.0,3684.0,90,3683.0,2
rb1805,20170919,20170918,210018500,3683.0,3606,352044,132802680.0,3683.0,7,3682.0,123
rb1805,20170919,20170918,210019000,3684.0,3652,352048,134496880.0,3684.0,18,3683.0,5
rb1805,20170919,20170918,210019500,3683.0,3672,352054,135233500.0,3683.0,2,3682.0,120
rb1805,20170919,20170918,210020000,3684.0,3726,352058,137221980.0,3684.0,24,3682.0,100
rb1805,20170919,20170918,210020500,3682.0,3756,352044,138327020.0,3683.0,19,3682.0,99
rb1805,20170919,20170918,210021000,3683.0,3766,352044,138695320.0,3683.0,20,3682.0,98
rb1805,20170919,20170918,210021500,3683.0,3774,352040,138989960.0,3683.0,21,3682.0,99
rb1805,20170919,20170918,210022000,3683.0,3882,352110,142966860.0,3683.0,10,3682.0,62
rb1805,20170919,20170918,210022500,3682.0,3988,352110,146869800.0,3683.0,10,3682.0,16
rb1805,20170919,20170918,210023000,3682.0,4024,352106,148195320.0,3682.0,27,3681.0,25
rb1805,20170919,20170918,210023500,3682.0,4032,352104,148489880.0,3682.0,28,3681.0,38
rb1805,20170919,20170918,210024000,3682.0,4094,352146,150772760.0,3683.0,15,3681.0,39
rb1805,20170919,20170918,210024500,3682.0,4098,352150,150920040.0,3683.0,15,3682.0,19
rb1805,20170919,20170918,210025000,3682.0,4098,352150,150920040.0,3683.0,15,3682.0,20
rb1805,20170919,20170918,210025500,3682.0,4102,352152,151067340.0,3683.0,15,3682.0,26
rb1805,20170919,20170918,210026000,3682.0,4112,352162,151435540.0,3683.0,15,3682.0,17
rb1805,20170919,20170918,210026500,3682.0,4112,352162,151435540.0,3683.0,30,3682.0,25
rb1805,20170919,20170918,210027000,3682.0,4142,352186,152540140.0,3683.0,38,3682.0,15
rb1805,20170919,20170918,210027500,3682.0,4156,352184,153055620.0,3683.0,38,3682.0,2
rb1805,20170919,20170918,210028000,3682.0,4170,352174,153571100.0,3683.0,50,3682.0,2
rb1805,20170919,20170918,210028500,3682.0,4180,352184,153939300.0,3683.0,38,3681.0,44
rb1805,20170919,20170918,210029000,3683.0,4182,352184,154012960.0,3683.0,38,3681.0,46
rb1805,20170919,20170918,210029500,3681.0,4188,352190,154233820.0,3682.0,1,3681.0,43
rb1805,20170919,20170918,210030000,3682.0,4216,352208,155264540.0,3682.0,4,3681.0,32
rb1805,20170919,20170918,210030500,3682.0,4250,352204,156516220.0,3682.0,3,3681.0,24
rb1805,20170919,20170918,210031000,3682.0,4274,352198,157399780.0,3683.0,40,3681.0,19
rb1805,20170919,20170918,210031500,3682.0,4274,352198,157399780.0,3682.0,3,3681.0,26
rb1805,20170919,20170918,210032000,3682.0,4290,352198,157988900.0,3683.0,41,3682.0,4
rb1805,20170919,20170918,210032500,3682.0,4374,352172,161082600.0,3683.0,1,3682.0,12
rb1805,20170919,20170918,210033000,3682.0,4392,352168,161745380.0,3684.0,35,3683.0,2
rb1805,20170919,20170918,210033500,3683.0,4410,352182,162408280.0,3683.0,3,3682.0,7
rb1805,20170919,20170918,210034000,3683.0,4428,352166,163071200.0,3683.0,22,3682.0,6
rb1805,20170919,20170918,210034500,3683.0,4434,352164,163292160.0,3683.0,26,3682.0,31
rb1805,20170919,20170918,210035000,3683.0,4434,352164,163292160.0,3683.0,30,3682.0,32
rb1805,20170919,20170918,210035500,3683.0,4434,352164,163292160.0,3683.0,31,3682.0,34
rb1805,20170919,20170918,210036000,3683.0,4448,352166,163807720.0,3683.0,27,3682.0,32
rb1805,20170919,20170918,210036500,3683.0,4448,352166,163807720.0,3683.0,21,3682.0,34
rb1805,20170919,20170918,210037000,3683.0,4456,352174,164102340.0,3683.0,23,3682.0,32
rb1805,20170919,20170918,210037500,3682.0,4528,352230,166753380.0,3683.0,26,3682.0,8
rb1805,20170919,20170918,210038000,3681.0,4562,352234,168005080.0,3682.0,3,3681.0,10
rb1805,20170919,20170918,210038500,3682.0,4576,352230,168520560.0,3682.0,13,3681.0,23
rb1805,20170919,20170918,210039000,3682.0,4580,352230,168667820.0,3682.0,35,3681.0,21
rb1805,20170919,20170918,210039500,3681.0,4650,352182,171245100.0,3682.0,10,3681.0,21
rb1805,20170919,20170918,210040000,3682.0,4670,352192,171981380.0,3682.0,13,3681.0,15
rb1805,20170919,20170918,210040500,3681.0,4680,352200,172349500.0,3681.0,6,3680.0,50
rb1805,20170919,20170918,210041000,3681.0,4684,352204,172496740.0,3681.0,11,3680.0,50
rb1805,20170919,20170918,210041500,3681.0,4692,352204,172791200.0,3681.0,14,3680.0,129
rb1805,20170919,20170918,210042000,3681.0,4720,352192,173821880.0,3682.0,14,3681.0,51
rb1805,20170919,20170918,210042500,3681.0,4726,352186,174042740.0,3682.0,8,3681.0,48
rb1805,20170919,20170918,210043000,3682.0,4730,352186,174190020.0,3682.0,9,3681.0,48
rb1805,20170919,20170918,210043500,3681.0,4746,352192,174779120.0,3682.0,2,3681.0,39
rb1805,20170919,20170918,210044000,3681.0,4748,352190,174852740.0,3682.0,2,3681.0,38
rb1805,20170919,20170918,210044500,3682.0,4760,352194,175294580.0,3683.0,75,3682.0,5
rb1805,20170919,20170918,210045000,3682.0,4762,352194,175368220.0,3683.0,69,3682.0,6
rb1805,20170919,20170918,210045500,3682.0,4772,352192,175736420.0,3683.0,69,3682.0,3
rb1805,20170919,20170918,210046000,3681.0,4826,352226,177725060.0,3683.0,49,3681.0,24
rb1805,20170919,20170918,210046500,3681.0,4828,352226,177798680.0,3683.0,51,3682.0,5
rb1805,20170919,20170918,210047000,3682.0,4830,352228,177872320.0,3683.0,52,3682.0,14
rb1805,20170919,20170918,210047500,3682.0,4852,352236,178682360.0,3683.0,52,3682.0,15
rb1805,20170919,20170918,210048000,3683.0,4958,352184,182586280.0,3683.0,3,3682.0,18
rb1805,20170919,20170918,210048500,3683.0,4968,352184,182954500.0,3683.0,18,3682.0,5
rb1805,20170919,20170918,210049000,3681.0,4980,352182,183396300.0,3682.0,1,3681.0,46
rb1805,20170919,20170918,210049500,3683.0,4984,352184,183543600.0,3683.0,23,3682.0,13
rb1805,20170919,20170918,210050000,3682.0,5024,352192,185016600.0,3683.0,14,3682.0,3
rb1805,20170919,20170918,210050500,3683.0,5026,352190,185090260.0,3683.0,22,3682.0,8
rb1805,20170919,20170918,210051000,3683.0,5028,352190,185163920.0,3683.0,15,3682.0,10
rb1805,20170919,20170918,210051500,3683.0,5060,352192,186342460.0,3684.0,37,3683.0,43
rb1805,20170919,20170918,210052000,3683.0,5060,352192,186342460.0,3684.0,137,3683.0,43
rb1805,20170919,20170918,210052500,3684.0,5184,352142,190910380.0,3684.0,91,3683.0,33
rb1805,20170919,20170918,210053000,3683.0,5186,352142,190984040.0,3684.0,91,3683.0,32
rb1805,20170919,20170918,210053500,3683.0,5250,352142,193341160.0,3684.0,95,3682.0,36
rb1805,20170919,20170918,210054000,3683.0,5270,352144,194077760.0,3683.0,1,3682.0,36
rb1805,20170919,20170918,210054500,3682.0,5284,352144,194593460.0,3683.0,1,3682.0,38
rb1805,20170919,20170918,210055000,3682.0,5288,352146,194740740.0,3683.0,15,3682.0,36
rb1805,20170919,20170918,210055500,3682.0,5290,352144,194814380.0,3683.0,17,3682.0,36
rb1805,20170919,20170918,210056000,3683.0,5304,352140,195330000.0,3683.0,10,3682.0,42
rb1805,20170919,20170918,210056500,3683.0,5310,352136,195550980.0,3683.0,6,3682.0,43
rb1805,20170919,20170918,210057000,3683.0,5324,352138,196066600.0,3683.0,14,3682.0,43
rb1805,20170919,20170918,210057500,3683.0,5352,352146,197097840.0,3684.0,89,3683.0,36
rb1805,20170919,20170918,210058000,3683.0,5448,352144,200633380.0,3683.0,6,3682.0,46
rb1805,20170919,20170918,210058500,3682.0,5544,352134,204168100.0,3683.0,17,3682.0,6
rb1805,20170919,20170918,210059000,3682.0,5568,352140,205051780.0,3682.0,6,3681.0,54
rb1805,20170919,20170918,210059500,3681.0,5570,352140,205125400.0,3682.0,14,3681.0,53
rb1805,20170919,20170918,210100000,3682.0,5576,352140,205346320.0,3682.0,14,3681.0,54
rb1805,20170919,20170918,210100500,3682.0,5596,352144,206082560.0,3682.0,27,3681.0,33
rb1805,20170919,20170918,210101000,3681.0,5660,352196,208438400.0,3682.0,27,3681.0,1
rb1805,20170919,20170918,210101500,3681.0,5674,352198,208953740.0,3681.0,3,3680.0,185
rb1805,20170919,20170918,210102000,3680.0,5698,352222,209836940.0,3681.0,21,3680.0,174
rb1805,20170919,20170918,210102500,3680.0,5704,352222,210057740.0,3681.0,23,3680.0,172
rb1805,20170919,20170918,210103000,3680.0,5710,352226,210278580.0,3681.0,21,3680.0,174
rb1805,20170919,20170918,210103500,3680.0,5712,352228,210352180.0,3681.0,21,3680.0,173
rb1805,20170919,20170918,210104000,3680.0,5818,352232,214253020.0,3681.0,19,3680.0,119
rb1805,20170919,20170918,210104500,3680.0,5832,352240,214768240.0,3681.0,19,3680.0,65
rb1805,20170919,20170918,210105000,3681.0,5908,352256,217565080.0,3681.0,23,3680.0,29
rb1805,20170919,20170918,210105500,3681.0,5970,352306,219846820.0,3681.0,104,3680.0,5
rb1805,20170919,20170918,210106000,3680.0,6090,352324,224262760.0,3680.0,31,3679.0,136
rb1805,20170919,20170918,210106500,3680.0,6098,352324,224557160.0,3680.0,27,3679.0,136
rb1805,20170919,20170918,210107000,3679.0,6108,352324,224925100.0,3680.0,34,3679.0,133
rb1805,20170919,20170918,210107500,3679.0,6130,352326,225734480.0,3680.0,57,3679.0,122
rb1805,20170919,20170918,210108000,3679.0,6172,352316,227279960.0,3680.0,42,3679.0,116
rb1805,20170919,20170918,210108500,3679.0,6208,352350,228604480.0,3680.0,53,3679.0,102
rb1805,20170919,20170918,210109000,3679.0,6210,352352,228678060.0,3680.0,54,3679.0,101
rb1805,20170919,20170918,210109500,3679.0,6230,352372,229413940.0,3680.0,50,3679.0,95
rb1805,20170919,20170918,210110000,3680.0,6236,352374,229634720.0,3680.0,50,3679.0,94
rb1805,20170919,20170918,210110500,3679.0,6262,352400,230591360.0,3680.0,54,3679.0,88
rb1805,20170919,20170918,210111000,3679.0,6262,352400,230591360.0,3680.0,54,3679.0,88
rb1805,20170919,20170918,210111500,3680.0,6276,352400,231106520.0,3680.0,50,3679.0,86
rb1805,20170919,20170918,210112000,3679.0,6380,352412,234933680.0,3680.0,1,3679.0,84
rb1805,20170919,20170918,210112500,3680.0,6382,352412,235007280.0,3681.0,50,3680.0,27
rb1805,20170919,20170918,210113000,3680.0,6398,352406,235596140.0,3681.0,7,3680.0,23
rb1805,20170919,20170918,210113500,3681.0,6414,352396,236185100.0,3682.0,57,3681.0,4
rb1805,20170919,20170918,210114000,3681.0,6418,352394,236332340.0,3682.0,55,3681.0,9
rb1805,20170919,20170918,210114500,3681.0,6444,352388,237289500.0,3682.0,49,3681.0,11
rb1805,20170919,20170918,210115000,3681.0,6472,352400,238320220.0,3681.0,93,3680.0,30
rb1805,20170919,20170918,210115500,3681.0,6480,352402,238614700.0,3681.0,89,3680.0,31
rb1805,20170919,20170918,210116000,3681.0,6586,352502,242516560.0,3681.0,36,3680.0,31
rb1805,20170919,20170918,210116500,3681.0,6594,352510,242811040.0,3681.0,43,3680.0,31
rb1805,20170919,20170918,210117000,3681.0,6610,352510,243400000.0,3681.0,35,3680.0,30
rb1805,20170919,20170918,210117500,3680.0,6612,352512,243473600.0,3681.0,35,3680.0,27
rb1805,20170919,20170918,210118000,3680.0,6612,352512,243473600.0,3681.0,35,3680.0,27
rb1805,20170919,20170918,210118500,3681.0,6686,352510,246197540.0,3682.0,9,3681.0,12
rb1805,20170919,20170918,210119000,3681.0,6686,352510,246197540.0,3682.0,10,3681.0,6
rb1805,20170919,20170918,210119500,3681.0,6702,352522,246786500.0,3681.0,34,3680.0,39
rb1805,20170919,20170918,210120000,3680.0,6716,352536,247301760.0,3681.0,39,3680.0,31
rb1805,20170919,20170918,210120500,3680.0,6718,352538,247375360.0,3681.0,40,3680.0,29
rb1805,20170919,20170918,210121000,3680.0,6748,352556,248479360.0,3681.0,42,3680.0,14
rb1805,20170919,20170918,210121500,3681.0,6750,352558,248552980.0,3681.0,42,3680.0,26
rb1805,20170919,20170918,210122000,3680.0,6812,352612,250835180.0,3681.0,13,3680.0,25
rb1805,20170919,20170918,210122500,3680.0,6816,352614,250982400.0,3681.0,4,3680.0,24
rb1805,20170919,20170918,210123000,3681.0,6866,352588,252822420.0,3681.0,63,3680.0,2
rb1805,20170919,20170918,210123500,3680.0,6870,352588,252969620.0,3680.0,2,3679.0,96
rb1805,20170919,20170918,210124000,3680.0,6878,352592,253264020.0,3681.0,69,3680.0,7
rb1805,20170919,20170918,210124500,3680.0,6890,352604,253705620.0,3681.0,59,3680.0,3
rb1805,20170919,20170918,210125000,3680.0,6890,352604,253705620.0,3681.0,60,3680.0,3
rb1805,20170919,20170918,210125500,3680.0,6894,352608,253852820.0,3681.0,14,3680.0,11
rb1805,20170919,20170918,210126000,3680.0,6898,352608,254000040.0,3681.0,13,3680.0,10
rb1805,20170919,20170918,210126500,3680.0,6898,352608,254000040.0,3681.0,25,3680.0,3
rb1805,20170919,20170918,210127000,3680.0,6900,352610,254073640.0,3681.0,25,3680.0,2
rb1805,20170919,20170918,210127500,3680.0,6902,352610,254147240.0,3681.0,15,3680.0,7
rb1805,20170919,20170918,210128000,3680.0,6904,352612,254220840.0,3681.0,15,3680.0,6
rb1805,20170919,20170918,210128500,3680.0,6914,352622,254588840.0,3681.0,15,3680.0,3
rb1805,20170919,20170918,210129000,3681.0,6922,352630,254883320.0,3681.0,11,3680.0,4
rb1805,20170919,20170918,210129500,3680.0,6930,352632,255177720.0,3681.0,11,3680.0,53
rb1805,20170919,20170918,210130000,3680.0,6958,352656,256208240.0,3681.0,5,3680.0,45
rb1805,20170919,20170918,210130500,3680.0,6960,352656,256281840.0,3681.0,5,3680.0,63
rb1805,20170919,20170918,210131000,3680.0,6968,352648,256576240.0,3681.0,5,3680.0,60
rb1805,20170919,20170918,210131500,3681.0,6972,352646,256723480.0,3681.0,4,3680.0,60
rb1805,20170919,20170918,210132000,3681.0,6972,352646,256723480.0,3681.0,8,3680.0,55
rb1805,20170919,20170918,210132500,3681.0,6972,352646,256723480.0,3681.0,8,3680.0,49
rb1805,20170919,20170918,210133000,3680.0,6974,352646,256797080.0,3681.0,9,3680.0,102
rb1805,20170919,20170918,210133500,3681.0,7002,352640,257827780.0,3682.0,56,3681.0,55
rb1805,20170919,20170918,210134000,3682.0,7004,352642,257901420.0,3682.0,53,3681.0,38
rb1805,20170919,20170918,210134500,3681.0,7030,352630,258858660.0,3682.0,44,3681.0,39
rb1805,20170919,20170918,210135000,3681.0,7030,352630,258858660.0,3682.0,44,3681.0,40
rb1805,20170919,20170918,210135500,3681.0,7034,352630,259005920.0,3682.0,43,3681.0,39
rb1805,20170919,20170918,210136000,3681.0,7034,352630,259005920.0,3682.0,33,3681.0,40
rb1805,20170919,20170918,210136500,3682.0,7120,352566,262172440.0,3683.0,46,3682.0,8
rb1805,20170919,20170918,210137000,3682.0,7120,352566,262172440.0,3683.0,52,3682.0,9
rb1805,20170919,20170918,210137500,3682.0,7130,352562,262540640.0,3683.0,51,3682.0,4
rb1805,20170919,20170918,210138000,3682.0,7138,352560,262835200.0,3683.0,44,3681.0,47
rb1805,20170919,20170918,210138500,3681.0,7140,352558,262908820.0,3683.0,52,3681.0,46
rb1805,20170919,20170918,210139000,3682.0,7142,352560,262982460.0,3682.0,3,3681.0,76
rb1805,20170919,20170918,210139500,3683.0,7150,352566,263277040.0,3683.0,49,3681.0,51
rb1805,20170919,20170918,210140000,3682.0,7164,352556,263792560.0,3682.0,9,3681.0,41
rb1805,20170919,20170918,210140500,3682.0,7164,352556,263792560.0,3682.0,16,3681.0,43
rb1805,20170919,20170918,210141000,3682.0,7164,352556,263792560.0,3682.0,16,3681.0,43
rb1805,20170919,20170918,210141500,3682.0,7164,352556,263792560.0,3682.0,16,3681.0,43
rb1805,20170919,20170918,210142000,3682.0,7164,352556,263792560.0,3682.0,17,3681.0,43
rb1805,20170919,20170918,210142500,3682.0,7168,352556,263939840.0,3682.0,20,3681.0,44
rb1805,20170919,20170918,210143000,3682.0,7180,352556,264381680.0,3682.0,14,3681.0,44
rb1805,20170919,20170918,210143500,3682.0,7192,352544,264823520.0,3682.0,8,3681.0,44
rb1805,20170919,20170918,210144000,3680.0,7292,352476,268504400.0,3682.0,7,3680.0,119
rb1805,20170919,20170918,210144500,3682.0,7314,352478,269314440.0,3682.0,11,3680.0,119
rb1805,20170919,20170918,210145000,3682.0,7316,352478,269388080.0,3682.0,20,3681.0,57
rb1805,20170919,20170918,210145500,3681.0,7318,352478,269461700.0,3682.0,20,3681.0,24
rb1805,20170919,20170918,210146000,3681.0,7318,352478,269461700.0,3682.0,20,3681.0,31
rb1805,20170919,20170918,210146500,3682.0,7366,352440,271229060.0,3683.0,114,3682.0,46
rb1805,20170919,20170918,210147000,3682.0,7366,352440,271229060.0,3683.0,114,3682.0,46
rb1805,20170919,20170918,210147500,3682.0,7382,352430,271818300.0,3683.0,108,3682.0,44
rb1805,20170919,20170918,210148000,3683.0,7392,352430,272186600.0,3683.0,104,3682.0,44
rb1805,20170919,20170918,210148500,3682.0,7410,352416,272849360.0,3683.0,102,3682.0,41
rb1805,20170919,20170918,210149000,3682.0,7410,352416,272849360.0,3683.0,98,3682.0,41
rb1805,20170919,20170918,210149500,3681.0,7514,352340,276678460.0,3683.0,100,3681.0,41
rb1805,20170919,20170918,210150000,3683.0,7534,352342,277415060.0,3683.0,92,3681.0,22
rb1805,20170919,20170918,210150500,3683.0,7538,352346,277562380.0,3682.0,6,3681.0,14
rb1805,20170919,20170918,210151000,3682.0,7540,352346,277636020.0,3682.0,7,3681.0,20
rb1805,20170919,20170918,210151500,3682.0,7544,352350,277783300.0,3682.0,7,3681.0,25
rb1805,20170919,20170918,210152000,3681.0,7578,352342,279034840.0,3682.0,10,3681.0,9
rb1805,20170919,20170918,210152500,3681.0,7582,352340,279182080.0,3682.0,16,3681.0,5
rb1805,20170919,20170918,210153000,3682.0,7584,352342,279255720.0,3682.0,16,3681.0,39
rb1805,20170919,20170918,210153500,3682.0,7692,352252,283230980.0,3682.0,40,3680.0,107
rb1805,20170919,20170918,210154000,3682.0,7694,352254,283304620.0,3682.0,41,3680.0,107
rb1805,20170919,20170918,210154500,3682.0,7696,352256,283378260.0,3682.0,45,3681.0,3
rb1805,20170919,20170918,210155000,3682.0,7700,352256,283525520.0,3682.0,45,3681.0,2
rb1805,20170919,20170918,210155500,3682.0,7700,352256,283525520.0,3682.0,45,3681.0,2
rb1805,20170919,20170918,210156000,3681.0,7702,352256,283599140.0,3682.0,45,3681.0,14
rb1805,20170919,20170918,210156500,3681.0,7704,352256,283672760.0,3682.0,43,3681.0,13
rb1805,20170919,20170918,210157000,3681.0,7708,352256,283820020.0,3682.0,42,3681.0,31
rb1805,20170919,20170918,210157500,3682.0,7724,352258,284409140.0,3682.0,28,3681.0,12
rb1805,20170919,20170918,210158000,3681.0,7732,352266,284703620.0,3682.0,29,3681.0,10
rb1805,20170919,20170918,210158500,3682.0,7736,352270,284850900.0,3682.0,28,3681.0,11
rb1805,20170919,20170918,210159000,3682.0,7738,352270,284924540.0,3682.0,27,3681.0,11
rb1805,20170919,20170918,210159500,3682.0,7740,352272,284998180.0,3682.0,28,3681.0,11
rb1805,20170919,20170918,210200000,3681.0,7742,352274,285071800.0,3682.0,28,3681.0,11
rb1805,20170919,20170918,210200500,3682.0,7756,352270,285587260.0,3682.0,22,3681.0,45
rb1805,20170919,20170918,210201000,3682.0,7802,352224,287280980.0,3683.0,97,3682.0,58
rb1805,20170919,20170918,210201500,3681.0,7932,352180,292067420.0,3683.0,97,3681.0,46
rb1805,20170919,20170918,210202000,3681.0,7934,352180,292141040.0,3683.0,98,3681.0,46
rb1805,20170919,20170918,210202500,3681.0,7942,352180,292435580.0,3683.0,97,3681.0,55
rb1805,20170919,20170918,210203000,3681.0,8044,352192,296192200.0,3683.0,47,3681.0,54
rb1805,20170919,20170918,210203500,3683.0,8046,352190,296265860.0,3683.0,47,3681.0,23
rb1805,20170919,20170918,210204000,3682.0,8048,352190,296339500.0,3683.0,56,3681.0,24
rb1805,20170919,20170918,210204500,3683.0,8054,352188,296560480.0,3683.0,53,3681.0,24
rb1805,20170919,20170918,210205000,3681.0,8056,352188,296634100.0,3683.0,52,3681.0,48
rb1805,20170919,20170918,210205500,3681.0,8056,352188,296634100.0,3683.0,52,3681.0,50
rb1805,20170919,20170918,210206000,3683.0,8058,352186,296707760.0,3683.0,51,3681.0,50
rb1805,20170919,20170918,210206500,3683.0,8058,352186,296707760.0,3683.0,58,3681.0,25
rb1805,20170919,20170918,210207000,3683.0,8060,352186,296781420.0,3682.0,1,3681.0,25
rb1805,20170919,20170918,210207500,3682.0,8062,352186,296855060.0,3683.0,54,3682.0,2
rb1805,20170919,20170918,210208000,3683.0,8064,352186,296928720.0,3683.0,49,3682.0,4
rb1805,20170919,20170918,210208500,3683.0,8066,352184,297002380.0,3683.0,49,3682.0,21
rb1805,20170919,20170918,210209000,3683.0,8170,352088,300832680.0,3683.0,11,3682.0,23
rb1805,20170919,20170918,210209500,3683.0,8192,352066,301642940.0,3684.0,150,3683.0,118
rb1805,20170919,20170918,210210000,3684.0,8296,351966,305474280.0,3684.0,99,3683.0,87
rb1805,20170919,20170918,210210500,3684.0,8334,351932,306874100.0,3684.0,85,3683.0,84
rb1805,20170919,20170918,210211000,3684.0,8414,351956,309821300.0,3684.0,45,3683.0,104
rb1805,20170919,20170918,210211500,3684.0,8504,351944,313136900.0,3685.0,99,3684.0,11
rb1805,20170919,20170918,210212000,3684.0,8536,351956,314315780.0,3684.0,18,3683.0,107
rb1805,20170919,20170918,210212500,3684.0,8570,351958,315568100.0,3684.0,21,3683.0,95
rb1805,20170919,20170918,210213000,3684.0,8574,351958,315715460.0,3684.0,40,3683.0,95
rb1805,20170919,20170918,210213500,3683.0,8582,351960,316010140.0,3684.0,29,3683.0,93
rb1805,20170919,20170918,210214000,3684.0,8606,351948,316894300.0,3684.0,18,3683.0,93
rb1805,20170919,20170918,210214500,3684.0,8618,351948,317336380.0,3684.0,18,3683.0,93
rb1805,20170919,20170918,210215000,3684.0,8620,351946,317410060.0,3684.0,18,3683.0,95
rb1805,20170919,20170918,210215500,3683.0,8624,351948,317557400.0,3684.0,11,3683.0,94
rb1805,20170919,20170918,210216000,3684.0,8630,351948,317778440.0,3684.0,9,3683.0,94
rb1805,20170919,20170918,210216500,3684.0,8634,351952,317925800.0,3684.0,7,3683.0,94
rb1805,20170919,20170918,210217000,3684.0,8636,351952,317999480.0,3684.0,8,3683.0,94
rb1805,20170919,20170918,210217500,3684.0,8636,351952,317999480.0,3684.0,13,3683.0,95
rb1805,20170919,20170918,210218000,3683.0,8640,351952,318146800.0,3684.0,29,3683.0,93
rb1805,20170919,20170918,210218500,3684.0,8720,351934,321093400.0,3684.0,32,3683.0,83
rb1805,20170919,20170918,210219000,3684.0,8742,351936,321903860.0,3684.0,22,3683.0,82
rb1805,20170919,20170918,210219500,3684.0,8748,351936,322124860.0,3684.0,23,3683.0,81
rb1805,20170919,20170918,210220000,3683.0,8752,351932,322272180.0,3684.0,23,3683.0,78
rb1805,20170919,20170918,210220500,3683.0,8766,351932,322787800.0,3684.0,28,3683.0,72
rb1805,20170919,20170918,210221000,3684.0,8770,351930,322935140.0,3684.0,27,3683.0,71
rb1805,20170919,20170918,210221500,3684.0,8770,351930,322935140.0,3684.0,27,3683.0,71
rb1805,20170919,20170918,210222000,3684.0,8774,351930,323082500.0,3684.0,25,3683.0,71
rb1805,20170919,20170918,210222500,3684.0,8784,351930,323450900.0,3684.0,20,3683.0,71
rb1805,20170919,20170918,210223000,3684.0,8790,351934,323671920.0,3684.0,12,3683.0,70
rb1805,20170919,20170918,210223500,3684.0,8818,351922,324703460.0,3685.0,49,3684.0,8
rb1805,20170919,20170918,210224000,3683.0,8844,351902,325661220.0,3685.0,49,3684.0,2
rb1805,20170919,20170918,210224500,3684.0,8852,351908,325955940.0,3684.0,3,3683.0,65
rb1805,20170919,20170918,210225000,3684.0,8858,351906,326176980.0,3684.0,14,3683.0,65
rb1805,20170919,20170918,210225500,3684.0,8878,351922,326913780.0,3684.0,4,3683.0,65
rb1805,20170919,20170918,210226000,3683.0,8884,351922,327134780.0,3684.0,3,3683.0,63
rb1805,20170919,20170918,210226500,3684.0,8892,351930,327429500.0,3684.0,11,3683.0,61
rb1805,20170919,20170918,210227000,3684.0,8892,351930,327429500.0,3684.0,11,3683.0,61
rb1805,20170919,20170918,210227500,3683.0,8906,351930,327945180.0,3684.0,16,3683.0,57
rb1805,20170919,20170918,210228000,3683.0,8906,351930,327945180.0,3684.0,22,3683.0,57
rb1805,20170919,20170918,210228500,3683.0,8934,351912,328976460.0,3684.0,45,3683.0,48
rb1805,20170919,20170918,210229000,3683.0,8936,351914,329050120.0,3684.0,45,3683.0,47
rb1805,20170919,20170918,210229500,3683.0,8936,351914,329050120.0,3684.0,46,3683.0,47
rb1805,20170919,20170918,210230000,3684.0,8950,351914,329565880.0,3684.0,39,3683.0,47
rb1805,20170919,20170918,210230500,3683.0,8958,351918,329860540.0,3684.0,32,3683.0,43
rb1805,20170919,20170918,210231000,3683.0,8970,351920,330302500.0,3684.0,38,3683.0,37
rb1805,20170919,20170918,210231500,3683.0,8972,351922,330376160.0,3684.0,49,3683.0,36
rb1805,20170919,20170918,210232000,3684.0,9036,351978,332733880.0,3684.0,19,3683.0,34
rb1805,20170919,20170918,210232500,3684.0,9058,351980,333544360.0,3684.0,8,3683.0,37
rb1805,20170919,20170918,210233000,3683.0,9060,351982,333618020.0,3684.0,9,3683.0,45
rb1805,20170919,20170918,210233500,3684.0,9080,351984,334354800.0,3685.0,81,3684.0,12
rb1805,20170919,20170918,210234000,3685.0,9112,351986,335533880.0,3685.0,71,3684.0,7
rb1805,20170919,20170918,210234500,3685.0,9234,351940,340029560.0,3685.0,12,3684.0,16
rb1805,20170919,20170918,210235000,3684.0,9274,351920,341503160.0,3684.0,4,3683.0,45
rb1805,20170919,20170918,210235500,3684.0,9350,351944,344302260.0,3684.0,10,3683.0,36
rb1805,20170919,20170918,210236000,3683.0,9356,351942,344523240.0,3684.0,15,3683.0,34
rb1805,20170919,20170918,210236500,3685.0,9422,351970,346954520.0,3685.0,60,3683.0,25
rb1805,20170919,20170918,210237000,3683.0,9424,351970,347028180.0,3684.0,17,3683.0,30
rb1805,20170919,20170918,210237500,3684.0,9456,351940,348207060.0,3684.0,1,3683.0,30
rb1805,20170919,20170918,210238000,3683.0,9464,351938,348501740.0,3684.0,6,3683.0,28
rb1805,20170919,20170918,210238500,3684.0,9472,351946,348796460.0,3684.0,2,3683.0,30
rb1805,20170919,20170918,210239000,3684.0,9472,351946,348796460.0,3684.0,18,3683.0,31
rb1805,20170919,20170918,210239500,3684.0,9476,351946,348943800.0,3684.0,25,3683.0,35
rb1805,20170919,20170918,210240000,3684.0,9476,351946,348943800.0,3684.0,25,3683.0,33
rb1805,20170919,20170918,210240500,3684.0,9476,351946,348943800.0,3684.0,27,3683.0,34
rb1805,20170919,20170918,210241000,3684.0,9480,351948,349091160.0,3684.0,33,3683.0,34
rb1805,20170919,20170918,210241500,3683.0,9482,351950,349164820.0,3684.0,41,3683.0,36
rb1805,20170919,20170918,210242000,3684.0,9502,351950,349901620.0,3684.0,31,3683.0,36
rb1805,20170919,20170918,210242500,3684.0,9528,351968,350859260.0,3684.0,28,3683.0,26
rb1805,20170919,20170918,210243000,3684.0,9528,351968,350859260.0,3684.0,28,3683.0,26
rb1805,20170919,20170918,210243500,3684.0,9530,351968,350932940.0,3684.0,27,3683.0,26
rb1805,20170919,20170918,210244000,3684.0,9530,351968,350932940.0,3684.0,27,3683.0,26
rb1805,20170919,20170918,210244500,3684.0,9532,351970,351006620.0,3684.0,26,3683.0,31
rb1805,20170919,20170918,210245000,3684.0,9540,351966,351301340.0,3684.0,22,3683.0,30
rb1805,20170919,20170918,210245500,3684.0,9540,351966,351301340.0,3684.0,23,3683.0,30
rb1805,20170919,20170918,210246000,3684.0,9542,351966,351375020.0,3684.0,22,3683.0,28
rb1805,20170919,20170918,210246500,3683.0,9550,351966,351669680.0,3684.0,21,3683.0,25
rb1805,20170919,20170918,210247000,3683.0,9552,351968,351743340.0,3684.0,22,3683.0,30
rb1805,20170919,20170918,210247500,3683.0,9552,351968,351743340.0,3684.0,17,3683.0,34
rb1805,20170919,20170918,210248000,3683.0,9552,351968,351743340.0,3684.0,19,3683.0,34
rb1805,20170919,20170918,210248500,3684.0,9580,351982,352774860.0,3684.0,8,3683.0,36
rb1805,20170919,20170918,210249000,3683.0,9582,351984,352848520.0,3684.0,10,3683.0,30
rb1805,20170919,20170918,210249500,3684.0,9584,351986,352922200.0,3684.0,9,3683.0,36
rb1805,20170919,20170918,210250000,3684.0,9586,351986,352995880.0,3684.0,12,3683.0,36
rb1805,20170919,20170918,210250500,3683.0,9646,351978,355205700.0,3683.0,71,3682.0,40
rb1805,20170919,20170918,210251000,3684.0,9814,351846,361393400.0,3685.0,35,3684.0,13
rb1805,20170919,20170918,210251500,3684.0,9834,351828,362130320.0,3685.0,29,3684.0,9
rb1805,20170919,20170918,210252000,3684.0,9838,351824,362277680.0,3685.0,34,3684.0,13
rb1805,20170919,20170918,210252500,3684.0,9840,351824,362351360.0,3685.0,31,3684.0,12
rb1805,20170919,20170918,210253000,3685.0,9902,351864,364636060.0,3686.0,132,3685.0,33
rb1805,20170919,20170918,210253500,3685.0,9966,351928,366994460.0,3686.0,147,3685.0,2
rb1805,20170919,20170918,210254000,3685.0,9982,351924,367584060.0,3685.0,5,3684.0,22
rb1805,20170919,20170918,210254500,3684.0,9988,351920,367805120.0,3685.0,5,3684.0,20
rb1805,20170919,20170918,210255000,3685.0,10012,351930,368689300.0,3685.0,15,3684.0,9
rb1805,20170919,20170918,210255500,3685.0,10012,351930,368689300.0,3685.0,17,3684.0,9
rb1805,20170919,20170918,210256000,3685.0,10012,351930,368689300.0,3685.0,25,3684.0,11
rb1805,20170919,20170918,210256500,3685.0,10012,351930,368689300.0,3685.0,26,3684.0,8
rb1805,20170919,20170918,210257000,3685.0,10012,351930,368689300.0,3685.0,26,3684.0,8
rb1805,20170919,20170918,210257500,3684.0,10018,351930,368910360.0,3685.0,25,3684.0,7
rb1805,20170919,20170918,210258000,3684.0,10036,351926,369573500.0,3684.0,43,3683.0,66
rb1805,20170919,20170918,210258500,3684.0,10096,351870,371783900.0,3684.0,13,3683.0,74
rb1805,20170919,20170918,210259000,3684.0,10104,351866,372078620.0,3684.0,9,3683.0,74
rb1805,20170919,20170918,210259500,3684.0,10122,351866,372741740.0,3685.0,20,3684.0,36
rb1805,20170919,20170918,210300000,3684.0,10126,351866,372889100.0,3685.0,21,3684.0,71
rb1805,20170919,20170918,210300500,3684.0,10126,351866,372889100.0,3685.0,29,3684.0,62
rb1805,20170919,20170918,210301000,3685.0,10146,351872,373625920.0,3685.0,21,3684.0,56
rb1805,20170919,20170918,210301500,3684.0,10154,351872,373920640.0,3685.0,21,3684.0,53
rb1805,20170919,20170918,210302000,3684.0,10196,351870,375467940.0,3685.0,22,3684.0,16
rb1805,20170919,20170918,210302500,3685.0,10222,351894,376426040.0,3685.0,10,3684.0,16
rb1805,20170919,20170918,210303000,3684.0,10278,351890,378489160.0,3684.0,4,3683.0,92
rb1805,20170919,20170918,210303500,3685.0,10338,351854,380700040.0,3685.0,33,3684.0,48
rb1805,20170919,20170918,210304000,3685.0,10406,351790,383205840.0,3685.0,1,3684.0,96
rb1805,20170919,20170918,210304500,3685.0,10766,351934,396475100.0,3686.0,1,3685.0,41
rb1805,20170919,20170918,210305000,3686.0,10838,351978,399129660.0,3688.0,50,3686.0,61
rb1805,20170919,20170918,210305500,3687.0,10882,352020,400751520.0,3688.0,55,3686.0,38
rb1805,20170919,20170918,210306000,3687.0,10888,352018,400972780.0,3688.0,54,3686.0,45
rb1805,20170919,20170918,210306500,3688.0,10906,352004,401636620.0,3688.0,46,3686.0,45
rb1805,20170919,20170918,210307000,3688.0,10932,351996,402595400.0,3688.0,37,3687.0,4
rb1805,20170919,20170918,210307500,3688.0,10948,351998,403185460.0,3688.0,30,3687.0,23
rb1805,20170919,20170918,210308000,3688.0,11006,351992,405324500.0,3688.0,6,3687.0,23
rb1805,20170919,20170918,210308500,3688.0,11030,352004,406209620.0,3689.0,92,3688.0,11
rb1805,20170919,20170918,210309000,3688.0,11086,352004,408274940.0,3688.0,4,3687.0,30
rb1805,20170919,20170918,210309500,3688.0,11118,352006,409455220.0,3689.0,88,3688.0,27
rb1805,20170919,20170918,210310000,3688.0,11180,351964,411741760.0,3688.0,6,3687.0,24
rb1805,20170919,20170918,210310500,3687.0,11240,351938,413954240.0,3688.0,56,3686.0,28
rb1805,20170919,20170918,210311000,3686.0,11304,351966,416313740.0,3687.0,2,3686.0,15
rb1805,20170919,20170918,210311500,3686.0,11344,352002,417788140.0,3686.0,3,3685.0,9
rb1805,20170919,20170918,210312000,3685.0,11376,351978,418967340.0,3685.0,8,3684.0,71
rb1805,20170919,20170918,210312500,3685.0,11398,351998,419778040.0,3686.0,15,3685.0,16
rb1805,20170919,20170918,210313000,3685.0,11438,352022,421252040.0,3685.0,27,3684.0,72
rb1805,20170919,20170918,210313500,3685.0,11496,352038,423388840.0,3684.0,16,3683.0,91
rb1805,20170919,20170918,210314000,3684.0,11518,352038,424199200.0,3684.0,14,3683.0,85
rb1805,20170919,20170918,210314500,3684.0,11520,352038,424272880.0,3684.0,24,3683.0,46
rb1805,20170919,20170918,210315000,3684.0,11526,352036,424493920.0,3684.0,22,3683.0,47
rb1805,20170919,20170918,210315500,3685.0,11578,352040,426409620.0,3685.0,25,3684.0,3
rb1805,20170919,20170918,210316000,3684.0,11584,352044,426630660.0,3684.0,8,3683.0,48
rb1805,20170919,20170918,210316500,3684.0,11606,352040,427441140.0,3684.0,3,3683.0,49
rb1805,20170919,20170918,210317000,3684.0,11606,352040,427441140.0,3684.0,6,3683.0,50
rb1805,20170919,20170918,210317500,3685.0,11720,352116,431641360.0,3686.0,50,3685.0,11
rb1805,20170919,20170918,210318000,3684.0,11768,352144,433409680.0,3685.0,165,3684.0,2
rb1805,20170919,20170918,210318500,3683.0,11834,352132,435840300.0,3684.0,84,3682.0,19
rb1805,20170919,20170918,210319000,3683.0,11866,352158,437018800.0,3683.0,13,3682.0,22
rb1805,20170919,20170918,210319500,3682.0,11906,352160,438491760.0,3683.0,33,3682.0,4
rb1805,20170919,20170918,210320000,3682.0,11934,352170,439522600.0,3682.0,13,3681.0,47
rb1805,20170919,20170918,210320500,3681.0,11948,352172,440037940.0,3682.0,39,3681.0,38
rb1805,20170919,20170918,210321000,3682.0,11998,352214,441878860.0,3682.0,12,3681.0,29
rb1805,20170919,20170918,210321500,3682.0,11998,352214,441878860.0,3682.0,18,3681.0,29
rb1805,20170919,20170918,210322000,3681.0,12008,352222,442247040.0,3682.0,16,3681.0,27
rb1805,20170919,20170918,210322500,3682.0,12110,352274,446003360.0,3683.0,21,3681.0,28
rb1805,20170919,20170918,210323000,3682.0,12120,352270,446371540.0,3683.0,28,3682.0,3
rb1805,20170919,20170918,210323500,3682.0,12142,352270,447181580.0,3683.0,23,3682.0,4
rb1805,20170919,20170918,210324000,3682.0,12154,352278,447623420.0,3682.0,2,3681.0,32
rb1805,20170919,20170918,210324500,3682.0,12156,352280,447697060.0,3682.0,1,3681.0,39
rb1805,20170919,20170918,210325000,3683.0,12196,352302,449169840.0,3683.0,16,3681.0,30
rb1805,20170919,20170918,210325500,3681.0,12210,352300,449685180.0,3682.0,4,3681.0,22
rb1805,20170919,20170918,210326000,3684.0,12256,352310,451379260.0,3684.0,88,3683.0,29
rb1805,20170919,20170918,210326500,3683.0,12314,352360,453515400.0,3683.0,35,3681.0,27
rb1805,20170919,20170918,210327000,3683.0,12318,352362,453662720.0,3683.0,33,3682.0,1
rb1805,20170919,20170918,210327500,3682.0,12424,352308,457564700.0,3683.0,11,3681.0,6
rb1805,20170919,20170918,210328000,3683.0,12524,352328,461247700.0,3683.0,2,3682.0,1
rb1805,20170919,20170918,210328500,3682.0,12528,352330,461394980.0,3683.0,12,3682.0,60
rb1805,20170919,20170918,210329000,3682.0,12528,352330,461394980.0,3683.0,13,3682.0,66
rb1805,20170919,20170918,210329500,3682.0,12550,352318,462205180.0,3683.0,5,3682.0,63
rb1805,20170919,20170918,210330000,3682.0,12552,352316,462278820.0,3683.0,5,3682.0,62
rb1805,20170919,20170918,210330500,3683.0,12564,352314,462720780.0,3684.0,97,3683.0,74
rb1805,20170919,20170918,210331000,3683.0,12568,352310,462868100.0,3684.0,84,3683.0,72
rb1805,20170919,20170918,210331500,3683.0,12582,352300,463383720.0,3684.0,84,3683.0,65
rb1805,20170919,20170918,210332000,3683.0,12588,352306,463604700.0,3684.0,84,3683.0,62
rb1805,20170919,20170918,210332500,3683.0,12588,352306,463604700.0,3684.0,85,3683.0,62
rb1805,20170919,20170918,210333000,3683.0,12592,352308,463752040.0,3684.0,84,3683.0,61
rb1805,20170919,20170918,210333500,3683.0,12618,352328,464709620.0,3684.0,81,3683.0,48
rb1805,20170919,20170918,210334000,3683.0,12650,352328,465888180.0,3684.0,82,3683.0,32
rb1805,20170919,20170918,210334500,3683.0,12658,352332,466182860.0,3684.0,81,3683.0,25
rb1805,20170919,20170918,210335000,3683.0,12686,352334,467214100.0,3684.0,81,3683.0,11
rb1805,20170919,20170918,210335500,3683.0,12710,352354,468098020.0,3683.0,36,3682.0,24
rb1805,20170919,20170918,210336000,3682.0,12720,352360,468466220.0,3683.0,37,3682.0,17
rb1805,20170919,20170918,210336500,3682.0,12732,352360,468908060.0,3683.0,37,3682.0,11
rb1805,20170919,20170918,210337000,3682.0,12768,352336,470233880.0,3683.0,30,3682.0,8
rb1805,20170919,20170918,210337500,3682.0,12788,352340,470970260.0,3682.0,16,3681.0,62
rb1805,20170919,20170918,210338000,3682.0,12796,352348,471264820.0,3682.0,12,3681.0,51
rb1805,20170919,20170918,210338500,3682.0,12796,352348,471264820.0,3682.0,13,3681.0,53
rb1805,20170919,20170918,210339000,3683.0,12894,352390,474873900.0,3684.0,85,3683.0,1
rb1805,20170919,20170918,210339500,3681.0,13000,352306,478775900.0,3683.0,61,3682.0,1
rb1805,20170919,20170918,210340000,3680.0,13012,352296,479217620.0,3681.0,2,3680.0,73
rb1805,20170919,20170918,210340500,3681.0,13034,352294,480027440.0,3682.0,4,3681.0,20
rb1805,20170919,20170918,210341000,3681.0,13036,352294,480101060.0,3682.0,20,3681.0,17
rb1805,20170919,20170918,210341500,3681.0,13040,352296,480248300.0,3682.0,27,3681.0,20
rb1805,20170919,20170918,210342000,3681.0,13092,352308,482162420.0,3681.0,54,3680.0,79
rb1805,20170919,20170918,210342500,3680.0,13094,352306,482236020.0,3681.0,59,3680.0,69
rb1805,20170919,20170918,210343000,3680.0,13124,352304,483340020.0,3681.0,60,3680.0,54
rb1805,20170919,20170918,210343500,3680.0,13150,352302,484297040.0,3681.0,54,3680.0,55
rb1805,20170919,20170918,210344000,3680.0,13160,352296,484665040.0,3681.0,41,3680.0,51
rb1805,20170919,20170918,210344500,3680.0,13214,352254,486652240.0,3681.0,11,3680.0,24
rb1805,20170919,20170918,210345000,3681.0,13316,352242,490405340.0,3681.0,10,3679.0,81
rb1805,20170919,20170918,210345500,3680.0,13318,352242,490478940.0,3680.0,6,3679.0,86
rb1805,20170919,20170918,210346000,3680.0,13338,352238,491214940.0,3681.0,12,3680.0,20
rb1805,20170919,20170918,210346500,3680.0,13338,352238,491214940.0,3681.0,12,3680.0,26
rb1805,20170919,20170918,210347000,3681.0,13340,352238,491288560.0,3681.0,13,3680.0,26
rb1805,20170919,20170918,210347500,3681.0,13340,352238,491288560.0,3681.0,13,3680.0,26
rb1805,20170919,20170918,210348000,3681.0,13348,352234,491583000.0,3681.0,11,3680.0,32
rb1805,20170919,20170918,210348500,3681.0,13354,352232,491803860.0,3681.0,14,3680.0,23
rb1805,20170919,20170918,210349000,3680.0,13396,352234,493349460.0,3681.0,18,3680.0,3
rb1805,20170919,20170918,210349500,3679.0,13502,352234,497249260.0,3680.0,3,3679.0,40
rb1805,20170919,20170918,210350000,3679.0,13534,352244,498426580.0,3680.0,13,3679.0,25
rb1805,20170919,20170918,210350500,3679.0,13584,352276,500266080.0,3679.0,6,3678.0,43
rb1805,20170919,20170918,210351000,3678.0,13588,352274,500413200.0,3679.0,18,3678.0,54
rb1805,20170919,20170918,210351500,3678.0,13594,352276,500633900.0,3679.0,23,3678.0,40
rb1805,20170919,20170918,210352000,3678.0,13622,352286,501663740.0,3679.0,19,3678.0,27
rb1805,20170919,20170918,210352500,3678.0,13662,352306,503134960.0,3679.0,18,3678.0,8
rb1805,20170919,20170918,210353000,3678.0,13682,352322,503870560.0,3678.0,7,3677.0,57
rb1805,20170919,20170918,210353500,3678.0,13784,352230,507621120.0,3678.0,15,3677.0,20
rb1805,20170919,20170918,210354000,3678.0,13790,352228,507841760.0,3678.0,14,3677.0,16
rb1805,20170919,20170918,210354500,3677.0,13798,352228,508135920.0,3678.0,14,3677.0,17
rb1805,20170919,20170918,210355000,3678.0,13846,352210,509901140.0,3679.0,19,3678.0,1
rb1805,20170919,20170918,210355500,3677.0,13850,352210,510048240.0,3678.0,3,3677.0,11
rb1805,20170919,20170918,210356000,3677.0,13852,352212,510121780.0,3678.0,9,3677.0,5
rb1805,20170919,20170918,210356500,3677.0,13866,352214,510636580.0,3678.0,12,3677.0,3
rb1805,20170919,20170918,210357000,3677.0,13868,352214,510710120.0,3678.0,22,3677.0,2
rb1805,20170919,20170918,210357500,3678.0,13872,352212,510857240.0,3678.0,19,3677.0,8
rb1805,20170919,20170918,210358000,3677.0,13894,352220,511666180.0,3677.0,25,3676.0,41
rb1805,20170919,20170918,210358500,3677.0,13926,352224,512842820.0,3677.0,9,3676.0,41
rb1805,20170919,20170918,210359000,3677.0,13966,352208,514313380.0,3677.0,1,3676.0,29
rb1805,20170919,20170918,210359500,3676.0,13986,352218,515048800.0,3678.0,21,3676.0,50
rb1805,20170919,20170918,210400000,3676.0,14002,352230,515636960.0,3677.0,1,3676.0,47
rb1805,20170919,20170918,210400500,3677.0,14074,352300,518284400.0,3678.0,21,3677.0,3
rb1805,20170919,20170918,210401000,3678.0,14076,352300,518357960.0,3678.0,18,3677.0,59
rb1805,20170919,20170918,210401500,3677.0,14122,352346,520049380.0,3678.0,18,3677.0,68
rb1805,20170919,20170918,210402000,3677.0,14164,352380,521594080.0,3679.0,13,3678.0,1
rb1805,20170919,20170918,210402500,3677.0,14276,352374,525712360.0,3679.0,15,3677.0,41
rb1805,20170919,20170918,210403000,3677.0,14278,352374,525785900.0,3679.0,60,3678.0,1
rb1805,20170919,20170918,210403500,3677.0,14284,352372,526006560.0,3678.0,17,3677.0,33
rb1805,20170919,20170918,210404000,3677.0,14298,352372,526521460.0,3678.0,11,3677.0,32
rb1805,20170919,20170918,210404500,3677.0,14340,352350,528065900.0,3678.0,8,3677.0,23
rb1805,20170919,20170918,210405000,3678.0,14342,352350,528139460.0,3678.0,13,3677.0,28
rb1805,20170919,20170918,210405500,3678.0,14358,352354,528727940.0,3678.0,5,3677.0,28
rb1805,20170919,20170918,210406000,3677.0,14376,352368,529389840.0,3678.0,13,3677.0,21
rb1805,20170919,20170918,210406500,3677.0,14378,352370,529463380.0,3678.0,21,3677.0,20
rb1805,20170919,20170918,210407000,3677.0,14392,352378,529978200.0,3678.0,24,3677.0,15
rb1805,20170919,20170918,210407500,3677.0,14430,352402,531375460.0,3678.0,24,3676.0,96
rb1805,20170919,20170918,210408000,3678.0,14442,352402,531816820.0,3677.0,11,3676.0,97
rb1805,20170919,20170918,210408500,3677.0,14452,352406,532184500.0,3677.0,7,3676.0,114
rb1805,20170919,20170918,210409000,3677.0,14466,352412,532699220.0,3677.0,26,3676.0,92
rb1805,20170919,20170918,210409500,3677.0,14504,352380,534096480.0,3677.0,11,3676.0,93
rb1805,20170919,20170918,210410000,3677.0,14536,352388,535273140.0,3678.0,35,3677.0,20
rb1805,20170919,20170918,210410500,3676.0,14656,352460,539684780.0,3678.0,35,3677.0,1
rb1805,20170919,20170918,210411000,3676.0,14660,352464,539831840.0,3678.0,35,3677.0,1
rb1805,20170919,20170918,210411500,3677.0,14662,352464,539905380.0,3677.0,1,3676.0,56
rb1805,20170919,20170918,210412000,3677.0,14668,352464,540126000.0,3678.0,37,3677.0,7
rb1805,20170919,20170918,210412500,3677.0,14710,352442,541670340.0,3678.0,37,3677.0,3
rb1805,20170919,20170918,210413000,3677.0,14794,352460,544759760.0,3678.0,1,3677.0,15
rb1805,20170919,20170918,210413500,3677.0,14896,352360,548510420.0,3679.0,20,3677.0,47
rb1805,20170919,20170918,210414000,3677.0,14898,352360,548583960.0,3679.0,20,3677.0,60
rb1805,20170919,20170918,210414500,3679.0,14900,352362,548657540.0,3679.0,19,3678.0,8
rb1805,20170919,20170918,210415000,3679.0,14938,352378,550055560.0,3680.0,49,3679.0,51
rb1805,20170919,20170918,210415500,3680.0,14984,352386,551748340.0,3680.0,27,3679.0,37
rb1805,20170919,20170918,210416000,3680.0,15038,352378,553735540.0,3681.0,58,3680.0,24
rb1805,20170919,20170918,210416500,3681.0,15048,352376,554103600.0,3681.0,59,3680.0,23
rb1805,20170919,20170918,210417000,3680.0,15104,352352,556164380.0,3680.0,5,3679.0,42
rb1805,20170919,20170918,210417500,3680.0,15130,352344,557121160.0,3680.0,1,3679.0,37
rb1805,20170919,20170918,210418000,3680.0,15140,352342,557489160.0,3680.0,1,3679.0,39
rb1805,20170919,20170918,210418500,3679.0,15222,352414,560505980.0,3679.0,20,3678.0,58
rb1805,20170919,20170918,210419000,3679.0,15240,352414,561168200.0,3679.0,33,3678.0,64
rb1805,20170919,20170918,210419500,3679.0,15244,352418,561315360.0,3679.0,31,3678.0,61
rb1805,20170919,20170918,210420000,3679.0,15246,352420,561388940.0,3679.0,31,3678.0,58
rb1805,20170919,20170918,210420500,3679.0,15248,352422,561462520.0,3679.0,30,3678.0,66
rb1805,20170919,20170918,210421000,3678.0,15264,352430,562051060.0,3679.0,28,3678.0,60
rb1805,20170919,20170918,210421500,3678.0,15292,352436,563080920.0,3679.0,27,3678.0,47
rb1805,20170919,20170918,210422000,3678.0,15292,352436,563080920.0,3679.0,27,3678.0,47
rb1805,20170919,20170918,210422500,3679.0,15348,352472,565141160.0,3680.0,18,3678.0,49
rb1805,20170919,20170918,210423000,3677.0,15448,352428,568819140.0,3680.0,21,3677.0,93
rb1805,20170919,20170918,210423500,3678.0,15450,352430,568892700.0,3679.0,3,3678.0,22
rb1805,20170919,20170918,210424000,3679.0,15456,352424,569113440.0,3680.0,27,3679.0,47
rb1805,20170919,20170918,210424500,3679.0,15456,352424,569113440.0,3680.0,23,3679.0,50
rb1805,20170919,20170918,210425000,3679.0,15458,352424,569187020.0,3680.0,23,3679.0,49
rb1805,20170919,20170918,210425500,3680.0,15462,352424,569334220.0,3680.0,22,3679.0,49
rb1805,20170919,20170918,210426000,3680.0,15462,352424,569334220.0,3680.0,22,3679.0,49
rb1805,20170919,20170918,210426500,3678.0,15564,352332,573086800.0,3680.0,41,3678.0,27
rb1805,20170919,20170918,210427000,3678.0,15564,352332,573086800.0,3680.0,47,3678.0,33
rb1805,20170919,20170918,210427500,3680.0,15566,352332,573160400.0,3680.0,47,3678.0,33
rb1805,20170919,20170918,210428000,3680.0,15574,352334,573454800.0,3680.0,45,3678.0,35
rb1805,20170919,20170918,210428500,3678.0,15576,352336,573528360.0,3680.0,47,3678.0,38
rb1805,20170919,20170918,210429000,3680.0,15686,352280,577574120.0,3680.0,42,3677.0,65
rb1805,20170919,20170918,210429500,3679.0,15688,352282,577647700.0,3679.0,3,3678.0,30
rb1805,20170919,20170918,210430000,3679.0,15696,352280,577942020.0,3680.0,42,3679.0,12
rb1805,20170919,20170918,210430500,3679.0,15696,352280,577942020.0,3680.0,43,3679.0,8
rb1805,20170919,20170918,210431000,3679.0,15712,352284,578530660.0,3679.0,3,3678.0,59
rb1805,20170919,20170918,210431500,3680.0,15738,352304,579487400.0,3680.0,33,3679.0,4
rb1805,20170919,20170918,210432000,3679.0,15744,352302,579708140.0,3680.0,34,3679.0,1
rb1805,20170919,20170918,210432500,3679.0,15746,352302,579781720.0,3680.0,34,3678.0,39
rb1805,20170919,20170918,210433000,3678.0,15754,352296,580075980.0,3680.0,34,3679.0,1
rb1805,20170919,20170918,210433500,3678.0,15754,352296,580075980.0,3680.0,42,3679.0,1
rb1805,20170919,20170918,210434000,3679.0,15768,352310,580591160.0,3680.0,36,3679.0,1
rb1805,20170919,20170918,210434500,3679.0,15768,352310,580591160.0,3680.0,36,3679.0,2
rb1805,20170919,20170918,210435000,3678.0,15782,352318,581106120.0,3679.0,6,3678.0,16
rb1805,20170919,20170918,210435500,3678.0,15782,352318,581106120.0,3679.0,8,3678.0,16
rb1805,20170919,20170918,210436000,3679.0,15790,352318,581400440.0,3679.0,5,3678.0,12
rb1805,20170919,20170918,210436500,3679.0,15790,352318,581400440.0,3679.0,10,3678.0,12
rb1805,20170919,20170918,210437000,3679.0,15794,352318,581547600.0,3679.0,16,3678.0,12
rb1805,20170919,20170918,210437500,3679.0,15808,352326,582062660.0,3679.0,4,3678.0,12
rb1805,20170919,20170918,210438000,3679.0,15816,352334,582356980.0,3679.0,4,3678.0,13
rb1805,20170919,20170918,210438500,3680.0,15836,352348,583092900.0,3680.0,46,3679.0,32
rb1805,20170919,20170918,210439000,3679.0,15900,352284,585447460.0,3679.0,2,3678.0,27
rb1805,20170919,20170918,210439500,3679.0,15904,352284,585594620.0,3680.0,47,3679.0,1
rb1805,20170919,20170918,210440000,3679.0,15910,352284,585815360.0,3680.0,48,3679.0,1
rb1805,20170919,20170918,210440500,3680.0,15914,352284,585962540.0,3680.0,49,3678.0,30
rb1805,20170919,20170918,210441000,3678.0,15920,352282,586183220.0,3680.0,49,3678.0,28
rb1805,20170919,20170918,210441500,3678.0,15922,352284,586256780.0,3679.0,16,3678.0,26
rb1805,20170919,20170918,210442000,3679.0,15924,352284,586330360.0,3679.0,15,3678.0,29
rb1805,20170919,20170918,210442500,3679.0,15924,352284,586330360.0,3679.0,46,3678.0,29
rb1805,20170919,20170918,210443000,3679.0,15926,352284,586403940.0,3679.0,46,3678.0,29
rb1805,20170919,20170918,210443500,3679.0,15942,352276,586992440.0,3679.0,45,3678.0,24
rb1805,20170919,20170918,210444000,3678.0,15990,352288,588757880.0,3678.0,2,3677.0,61
rb1805,20170919,20170918,210444500,3679.0,15994,352288,588905020.0,3679.0,45,3678.0,1
rb1805,20170919,20170918,210445000,3677.0,16004,352290,589272760.0,3679.0,45,3677.0,54
rb1805,20170919,20170918,210445500,3679.0,16008,352288,589419920.0,3679.0,48,3677.0,54
rb1805,20170919,20170918,210446000,3679.0,16008,352288,589419920.0,3679.0,48,3678.0,1
rb1805,20170919,20170918,210446500,3678.0,16010,352290,589493480.0,3678.0,11,3677.0,54
rb1805,20170919,20170918,210447000,3678.0,16010,352290,589493480.0,3678.0,16,3677.0,54
rb1805,20170919,20170918,210447500,3677.0,16096,352338,592655700.0,3678.0,22,3677.0,11
rb1805,20170919,20170918,210448000,3677.0,16122,352338,593611720.0,3677.0,2,3676.0,45
rb1805,20170919,20170918,210448500,3677.0,16140,352340,594273500.0,3677.0,5,3676.0,43
rb1805,20170919,20170918,210449000,3677.0,16140,352340,594273500.0,3677.0,12,3676.0,43
rb1805,20170919,20170918,210449500,3677.0,16142,352340,594347040.0,3677.0,9,3676.0,33
rb1805,20170919,20170918,210450000,3677.0,16148,352346,594567660.0,3677.0,9,3676.0,33
rb1805,20170919,20170918,210450500,3677.0,16166,352352,595229520.0,3678.0,16,3677.0,10
rb1805,20170919,20170918,210451000,3677.0,16166,352352,595229520.0,3678.0,18,3677.0,11
rb1805,20170919,20170918,210451500,3677.0,16166,352352,595229520.0,3678.0,18,3677.0,11
rb1805,20170919,20170918,210452000,3677.0,16168,352354,595303060.0,3678.0,18,3677.0,12
rb1805,20170919,20170918,210452500,3678.0,16188,352374,596038660.0,3678.0,8,3677.0,13
rb1805,20170919,20170918,210453000,3678.0,16190,352376,596112220.0,3678.0,5,3677.0,14
rb1805,20170919,20170918,210453500,3677.0,16200,352386,596479920.0,3678.0,5,3677.0,9
rb1805,20170919,20170918,210454000,3677.0,16200,352386,596479920.0,3678.0,5,3677.0,17
rb1805,20170919,20170918,210454500,3677.0,16200,352386,596479920.0,3678.0,7,3677.0,19
rb1805,20170919,20170918,210455000,3678.0,16204,352388,596627020.0,3678.0,6,3677.0,21
rb1805,20170919,20170918,210455500,3678.0,16218,352386,597141940.0,3679.0,46,3678.0,2
rb1805,20170919,20170918,210456000,3678.0,16218,352386,597141940.0,3679.0,46,3678.0,6
rb1805,20170919,20170918,210456500,3678.0,16218,352386,597141940.0,3679.0,46,3678.0,14
rb1805,20170919,20170918,210457000,3679.0,16220,352388,597215520.0,3679.0,33,3678.0,14
rb1805,20170919,20170918,210457500,3679.0,16348,352446,601924640.0,3680.0,43,3679.0,12
rb1805,20170919,20170918,210458000,3679.0,16350,352448,601998220.0,3679.0,1,3678.0,15
rb1805,20170919,20170918,210458500,3679.0,16352,352448,602071800.0,3680.0,43,3679.0,1
rb1805,20170919,20170918,210459000,3679.0,16352,352448,602071800.0,3680.0,43,3678.0,15
rb1805,20170919,20170918,210459500,3679.0,16352,352448,602071800.0,3679.0,1,3678.0,15
rb1805,20170919,20170918,210500000,3677.0,16418,352428,604498840.0,3677.0,17,3676.0,36
rb1805,20170919,20170918,210500500,3677.0,16424,352426,604719460.0,3677.0,14,3676.0,36
rb1805,20170919,20170918,210501000,3677.0,16424,352426,604719460.0,3677.0,14,3676.0,37
rb1805,20170919,20170918,210501500,3677.0,16452,352400,605749020.0,3679.0,58,3677.0,2
rb1805,20170919,20170918,210502000,3678.0,16454,352400,605822580.0,3678.0,7,3677.0,5
rb1805,20170919,20170918,210502500,3677.0,16462,352396,606116740.0,3678.0,14,3677.0,2
rb1805,20170919,20170918,210503000,3677.0,16478,352406,606705000.0,3677.0,2,3676.0,54
rb1805,20170919,20170918,210503500,3677.0,16478,352406,606705000.0,3677.0,5,3676.0,56
rb1805,20170919,20170918,210504000,3677.0,16482,352410,606852060.0,3677.0,36,3676.0,55
rb1805,20170919,20170918,210504500,3677.0,16584,352468,610601620.0,3677.0,57,3676.0,109
rb1805,20170919,20170918,210505000,3676.0,16728,352530,615895060.0,3677.0,59,3676.0,39
rb1805,20170919,20170918,210505500,3675.0,16832,352528,619717860.0,3676.0,6,3675.0,153
rb1805,20170919,20170918,210506000,3675.0,16980,352542,625156960.0,3676.0,14,3675.0,84
rb1805,20170919,20170918,210506500,3676.0,16992,352538,625597980.0,3676.0,17,3675.0,79
rb1805,20170919,20170918,210507000,3676.0,17012,352526,626333020.0,3676.0,21,3675.0,73
rb1805,20170919,20170918,210507500,3675.0,17018,352526,626553520.0,3676.0,21,3675.0,70
rb1805,20170919,20170918,210508000,3676.0,17028,352520,626921060.0,3676.0,19,3675.0,67
rb1805,20170919,20170918,210508500,3675.0,17032,352518,627068060.0,3676.0,25,3675.0,65
rb1805,20170919,20170918,210509000,3675.0,17032,352518,627068060.0,3676.0,25,3675.0,66
rb1805,20170919,20170918,210509500,3676.0,17036,352518,627215080.0,3676.0,32,3675.0,65
rb1805,20170919,20170918,210510000,3675.0,17042,352514,627435580.0,3676.0,32,3675.0,63
rb1805,20170919,20170918,210510500,3676.0,17046,352512,627582600.0,3676.0,37,3675.0,63
rb1805,20170919,20170918,210511000,3676.0,17052,352514,627803160.0,3676.0,34,3675.0,69
rb1805,20170919,20170918,210511500,3676.0,17054,352516,627876680.0,3676.0,31,3675.0,69
rb1805,20170919,20170918,210512000,3676.0,17062,352518,628170700.0,3676.0,30,3675.0,69
rb1805,20170919,20170918,210512500,3675.0,17078,352510,628758760.0,3676.0,22,3675.0,64
rb1805,20170919,20170918,210513000,3675.0,17092,352510,629273280.0,3676.0,22,3675.0,58
rb1805,20170919,20170918,210513500,3676.0,17098,352516,629493840.0,3676.0,20,3675.0,58
rb1805,20170919,20170918,210514000,3676.0,17098,352516,629493840.0,3676.0,20,3675.0,59
rb1805,20170919,20170918,210514500,3676.0,17104,352518,629714360.0,3676.0,19,3675.0,59
rb1805,20170919,20170918,210515000,3676.0,17108,352518,629861400.0,3676.0,17,3675.0,59
rb1805,20170919,20170918,210515500,3675.0,17112,352518,630008420.0,3676.0,21,3675.0,58
rb1805,20170919,20170918,210516000,3675.0,17152,352482,631478440.0,3676.0,23,3675.0,39
rb1805,20170919,20170918,210516500,3676.0,17214,352522,633757560.0,3676.0,1,3675.0,40
rb1805,20170919,20170918,210517000,3676.0,17232,352522,634419080.0,3676.0,2,3675.0,36
rb1805,20170919,20170918,210517500,3676.0,17248,352522,635007240.0,3677.0,65,3676.0,5
rb1805,20170919,20170918,210518000,3676.0,17248,352522,635007240.0,3677.0,61,3676.0,5
rb1805,20170919,20170918,210518500,3676.0,17248,352522,635007240.0,3677.0,52,3676.0,9
rb1805,20170919,20170918,210519000,3677.0,17254,352522,635227820.0,3677.0,51,3676.0,52
rb1805,20170919,20170918,210519500,3676.0,17264,352524,635595420.0,3677.0,51,3676.0,107
rb1805,20170919,20170918,210520000,3676.0,17274,352524,635963100.0,3677.0,49,3676.0,108
rb1805,20170919,20170918,210520500,3677.0,17374,352570,639640100.0,3678.0,45,3677.0,59
rb1805,20170919,20170918,210521000,3678.0,17378,352572,639787200.0,3678.0,41,3677.0,37
rb1805,20170919,20170918,210521500,3677.0,17400,352582,640596180.0,3678.0,39,3677.0,34
rb1805,20170919,20170918,210522000,3677.0,17402,352582,640669720.0,3678.0,39,3677.0,36
rb1805,20170919,20170918,210522500,3677.0,17402,352582,640669720.0,3678.0,30,3677.0,22
rb1805,20170919,20170918,210523000,3677.0,17406,352584,640816800.0,3678.0,30,3677.0,28
rb1805,20170919,20170918,210523500,3678.0,17446,352614,642288000.0,3678.0,4,3677.0,30
rb1805,20170919,20170918,210524000,3677.0,17448,352616,642361540.0,3678.0,9,3677.0,29
rb1805,20170919,20170918,210524500,3678.0,17450,352616,642435100.0,3678.0,8,3677.0,29
rb1805,20170919,20170918,210525000,3678.0,17450,352616,642435100.0,3678.0,8,3677.0,29
rb1805,20170919,20170918,210525500,3678.0,17456,352618,642655760.0,3678.0,6,3677.0,28
rb1805,20170919,20170918,210526000,3678.0,17502,352628,644347200.0,3678.0,17,3676.0,45
rb1805,20170919,20170918,210526500,3678.0,17504,352628,644420760.0,3678.0,18,3677.0,1
rb1805,20170919,20170918,210527000,3677.0,17510,352624,644641380.0,3677.0,4,3676.0,38
rb1805,20170919,20170918,210527500,3677.0,17510,352624,644641380.0,3677.0,6,3676.0,33
rb1805,20170919,20170918,210528000,3677.0,17510,352624,644641380.0,3677.0,8,3676.0,29
rb1805,20170919,20170918,210528500,3677.0,17510,352624,644641380.0,3677.0,11,3676.0,29
rb1805,20170919,20170918,210529000,3677.0,17514,352624,644788460.0,3677.0,6,3676.0,29
rb1805,20170919,20170918,210529500,3676.0,17520,352622,645009040.0,3677.0,5,3676.0,27
rb1805,20170919,20170918,210530000,3676.0,17520,352622,645009040.0,3677.0,5,3676.0,27
rb1805,20170919,20170918,210530500,3676.0,17566,352626,646700400.0,3677.0,8,3676.0,26
rb1805,20170919,20170918,210531000,3676.0,17566,352626,646700400.0,3677.0,26,3676.0,28
rb1805,20170919,20170918,210531500,3677.0,17620,352658,648685640.0,3677.0,17,3676.0,11
rb1805,20170919,20170918,210532000,3676.0,17646,352652,649641400.0,3676.0,4,3675.0,47
rb1805,20170919,20170918,210532500,3675.0,17654,352648,649935400.0,3677.0,18,3676.0,12
rb1805,20170919,20170918,210533000,3676.0,17658,352648,650082440.0,3677.0,13,3676.0,10
rb1805,20170919,20170918,210533500,3677.0,17680,352650,650891180.0,3677.0,13,3676.0,2
rb1805,20170919,20170918,210534000,3677.0,17706,352666,651847200.0,3678.0,19,3677.0,7
rb1805,20170919,20170918,210534500,3676.0,17724,352676,652509060.0,3677.0,20,3676.0,29
rb1805,20170919,20170918,210535000,3676.0,17736,352676,652950180.0,3677.0,20,3676.0,24
rb1805,20170919,20170918,210535500,3676.0,17738,352678,653023700.0,3677.0,25,3676.0,27
rb1805,20170919,20170918,210536000,3676.0,17738,352678,653023700.0,3677.0,20,3676.0,28
rb1805,20170919,20170918,210536500,3677.0,17750,352690,653464940.0,3677.0,15,3676.0,28
rb1805,20170919,20170918,210537000,3677.0,17750,352690,653464940.0,3677.0,18,3676.0,28
rb1805,20170919,20170918,210537500,3677.0,17750,352690,653464940.0,3677.0,18,3676.0,34
rb1805,20170919,20170918,210538000,3677.0,17800,352712,655303440.0,3678.0,23,3677.0,21
rb1805,20170919,20170918,210538500,3677.0,17810,352722,655671140.0,3678.0,18,3677.0,36
rb1805,20170919,20170918,210539000,3677.0,17810,352722,655671140.0,3678.0,21,3677.0,37
rb1805,20170919,20170918,210539500,3678.0,17858,352698,657436580.0,3679.0,70,3678.0,6
rb1805,20170919,20170918,210540000,3678.0,17864,352692,657657260.0,3679.0,70,3678.0,2
rb1805,20170919,20170918,210540500,3678.0,17868,352688,657804380.0,3679.0,70,3677.0,51
rb1805,20170919,20170918,210541000,3677.0,17878,352692,658172080.0,3679.0,68,3677.0,46
rb1805,20170919,20170918,210541500,3677.0,17878,352692,658172080.0,3679.0,68,3677.0,48
rb1805,20170919,20170918,210542000,3677.0,17908,352700,659275180.0,3679.0,68,3677.0,33
rb1805,20170919,20170918,210542500,3677.0,17908,352700,659275180.0,3679.0,68,3677.0,33
rb1805,20170919,20170918,210543500,3677.0,17918,352702,659642920.0,3678.0,1,3677.0,28
rb1805,20170919,20170918,210544000,3677.0,17918,352702,659642920.0,3678.0,8,3677.0,26
rb1805,20170919,20170918,210544500,3677.0,17920,352704,659716460.0,3678.0,8,3677.0,25
rb1805,20170919,20170918,210545000,3677.0,17926,352708,659937080.0,3678.0,13,3677.0,22
rb1805,20170919,20170918,210545500,3677.0,17932,352714,660157700.0,3678.0,10,3677.0,23
rb1805,20170919,20170918,210546000,3677.0,17932,352714,660157700.0,3678.0,16,3677.0,23
rb1805,20170919,20170918,210546500,3677.0,17932,352714,660157700.0,3678.0,19,3677.0,27
rb1805,20170919,20170918,210547000,3677.0,17932,352714,660157700.0,3678.0,19,3677.0,29
rb1805,20170919,20170918,210547500,3677.0,17932,352714,660157700.0,3678.0,19,3677.0,29
rb1805,20170919,20170918,210548000,3678.0,17940,352720,660451920.0,3678.0,17,3677.0,28
rb1805,20170919,20170918,210548500,3678.0,17944,352724,660599040.0,3678.0,20,3677.0,28
rb1805,20170919,20170918,210549000,3677.0,17952,352732,660893200.0,3678.0,20,3677.0,24
rb1805,20170919,20170918,210549500,3677.0,18000,352712,662658160.0,3678.0,20,3676.0,73
rb1805,20170919,20170918,210550000,3678.0,18010,352708,663025880.0,3678.0,22,3676.0,66
rb1805,20170919,20170918,210550500,3678.0,18010,352708,663025880.0,3678.0,23,3676.0,66
rb1805,20170919,20170918,210551000,3678.0,18014,352708,663173000.0,3678.0,23,3677.0,2
rb1805,20170919,20170918,210551500,3677.0,18018,352710,663320080.0,3677.0,4,3676.0,69
rb1805,20170919,20170918,210552000,3678.0,18020,352710,663393640.0,3678.0,22,3676.0,64
rb1805,20170919,20170918,210552500,3678.0,18020,352710,663393640.0,3678.0,32,3676.0,64
rb1805,20170919,20170918,210553000,3678.0,18020,352710,663393640.0,3678.0,33,3676.0,64
rb1805,20170919,20170918,210553500,3678.0,18020,352710,663393640.0,3678.0,33,3676.0,64
rb1805,20170919,20170918,210554000,3678.0,18020,352710,663393640.0,3678.0,33,3676.0,64
rb1805,20170919,20170918,210554500,3678.0,18020,352710,663393640.0,3677.0,10,3676.0,64
rb1805,20170919,20170918,210555000,3678.0,18020,352710,663393640.0,3677.0,11,3676.0,64
rb1805,20170919,20170918,210555500,3678.0,18020,352710,663393640.0,3677.0,12,3676.0,64
rb1805,20170919,20170918,210556000,3677.0,18022,352710,663467180.0,3677.0,12,3676.0,71
rb1805,20170919,20170918,210556500,3677.0,18022,352710,663467180.0,3677.0,12,3676.0,71
rb1805,20170919,20170918,210557000,3677.0,18026,352710,663614260.0,3677.0,10,3676.0,67
rb1805,20170919,20170918,210557500,3677.0,18068,352736,665158600.0,3677.0,13,3676.0,72
rb1805,20170919,20170918,210558000,3677.0,18070,352736,665232140.0,3677.0,12,3676.0,70
rb1805,20170919,20170918,210558500,3677.0,18094,352736,666114620.0,3678.0,26,3676.0,70
rb1805,20170919,20170918,210559000,3678.0,18096,352736,666188180.0,3678.0,22,3676.0,70
rb1805,20170919,20170918,210559500,3677.0,18098,352738,666261720.0,3678.0,22,3677.0,15
rb1805,20170919,20170918,210600000,3677.0,18100,352740,666335260.0,3678.0,17,3677.0,14
rb1805,20170919,20170918,210600500,3677.0,18102,352742,666408800.0,3678.0,17,3677.0,15
rb1805,20170919,20170918,210601000,3678.0,18122,352758,667144400.0,3678.0,7,3677.0,35
rb1805,20170919,20170918,210601500,3678.0,18122,352758,667144400.0,3678.0,8,3677.0,35
rb1805,20170919,20170918,210602000,3678.0,18122,352758,667144400.0,3678.0,9,3677.0,35
rb1805,20170919,20170918,210602500,3678.0,18142,352750,667880000.0,3678.0,8,3677.0,35
rb1805,20170919,20170918,210603000,3677.0,18146,352750,668027080.0,3678.0,3,3677.0,33
rb1805,20170919,20170918,210603500,3678.0,18162,352748,668615560.0,3678.0,5,3677.0,38
rb1805,20170919,20170918,210604000,3677.0,18164,352750,668689100.0,3678.0,5,3677.0,37
rb1805,20170919,20170918,210604500,3677.0,18164,352750,668689100.0,3678.0,16,3677.0,37
rb1805,20170919,20170918,210605000,3677.0,18184,352750,669424500.0,3678.0,16,3677.0,27
rb1805,20170919,20170918,210605500,3677.0,18186,352748,669498040.0,3678.0,17,3677.0,27
rb1805,20170919,20170918,210606000,3677.0,18188,352748,669571580.0,3678.0,17,3677.0,26
rb1805,20170919,20170918,210606500,3678.0,18224,352772,670895640.0,3679.0,58,3678.0,33
rb1805,20170919,20170918,210607000,3678.0,18290,352822,673323120.0,3678.0,27,3677.0,25
rb1805,20170919,20170918,210607500,3678.0,18292,352822,673396680.0,3678.0,18,3677.0,25
rb1805,20170919,20170918,210608000,3678.0,18292,352822,673396680.0,3678.0,19,3677.0,25
rb1805,20170919,20170918,210608500,3678.0,18294,352820,673470240.0,3678.0,18,3677.0,25
rb1805,20170919,20170918,210609000,3678.0,18294,352820,673470240.0,3678.0,18,3677.0,25
rb1805,20170919,20170918,210609500,3678.0,18298,352820,673617340.0,3678.0,18,3677.0,24
rb1805,20170919,20170918,210610000,3678.0,18298,352820,673617340.0,3678.0,23,3677.0,24
rb1805,20170919,20170918,210610500,3678.0,18338,352786,675088540.0,3678.0,8,3677.0,25
rb1805,20170919,20170918,210611000,3678.0,18342,352790,675235660.0,3678.0,10,3677.0,29
rb1805,20170919,20170918,210611500,3677.0,18400,352840,677368320.0,3678.0,16,3676.0,82
rb1805,20170919,20170918,210612000,3677.0,18428,352842,678397620.0,3677.0,11,3676.0,69
rb1805,20170919,20170918,210612500,3675.0,18560,352898,683249900.0,3676.0,3,3675.0,52
rb1805,20170919,20170918,210613000,3677.0,18656,352972,686779460.0,3678.0,20,3677.0,3
rb1805,20170919,20170918,210613500,3676.0,18668,352976,687220640.0,3677.0,49,3676.0,2
rb1805,20170919,20170918,210614000,3676.0,18808,353060,692365720.0,3676.0,15,3674.0,77
rb1805,20170919,20170918,210614500,3676.0,18812,353064,692512760.0,3675.0,3,3674.0,77
rb1805,20170919,20170918,210615000,3675.0,18818,353064,692733260.0,3675.0,23,3674.0,77
rb1805,20170919,20170918,210615500,3674.0,18850,353068,693908940.0,3675.0,33,3674.0,61
rb1805,20170919,20170918,210616000,3675.0,18882,353054,695084640.0,3675.0,37,3674.0,46
rb1805,20170919,20170918,210616500,3674.0,18910,353050,696113380.0,3675.0,33,3674.0,33
rb1805,20170919,20170918,210617000,3674.0,18934,353032,696995140.0,3675.0,33,3674.0,23
rb1805,20170919,20170918,210617500,3674.0,18936,353030,697068620.0,3675.0,33,3674.0,26
rb1805,20170919,20170918,210618000,3674.0,18948,353030,697509500.0,3675.0,33,3674.0,20
rb1805,20170919,20170918,210618500,3674.0,18962,353020,698023860.0,3675.0,25,3674.0,13
rb1805,20170919,20170918,210619000,3675.0,18970,353022,698317840.0,3675.0,22,3674.0,13
rb1805,20170919,20170918,210619500,3674.0,18972,353022,698391320.0,3675.0,30,3674.0,70
rb1805,20170919,20170918,210620000,3674.0,18974,353020,698464800.0,3675.0,30,3674.0,75
rb1805,20170919,20170918,210620500,3675.0,18982,353016,698758740.0,3675.0,29,3674.0,73
rb1805,20170919,20170918,210621000,3674.0,19018,352998,700081380.0,3675.0,29,3674.0,60
rb1805,20170919,20170918,210621500,3674.0,19040,353018,700889660.0,3675.0,32,3674.0,50
rb1805,20170919,20170918,210622000,3674.0,19042,353020,700963140.0,3675.0,32,3674.0,50
rb1805,20170919,20170918,210622500,3675.0,19046,353020,701110140.0,3675.0,31,3674.0,50
rb1805,20170919,20170918,210623000,3675.0,19046,353020,701110140.0,3675.0,31,3674.0,50
rb1805,20170919,20170918,210623500,3674.0,19048,353020,701183620.0,3675.0,31,3674.0,50
rb1805,20170919,20170918,210624000,3674.0,19050,353022,701257100.0,3675.0,31,3674.0,51
rb1805,20170919,20170918,210624500,3674.0,19056,353022,701477540.0,3675.0,32,3674.0,49
rb1805,20170919,20170918,210625000,3674.0,19058,353022,701551020.0,3675.0,33,3674.0,48
rb1805,20170919,20170918,210625500,3675.0,19068,353032,701918480.0,3675.0,33,3674.0,46
rb1805,20170919,20170918,210626000,3675.0,19068,353032,701918480.0,3675.0,32,3674.0,46
rb1805,20170919,20170918,210626500,3674.0,19070,353032,701991960.0,3675.0,24,3674.0,45
rb1805,20170919,20170918,210627000,3674.0,19078,353036,702285900.0,3675.0,31,3674.0,42
rb1805,20170919,20170918,210627500,3674.0,19078,353036,702285900.0,3675.0,24,3674.0,52
rb1805,20170919,20170918,210628000,3674.0,19182,353020,706106880.0,3675.0,23,3674.0,3
rb1805,20170919,20170918,210628500,3675.0,19210,353040,707135840.0,3675.0,22,3674.0,7
rb1805,20170919,20170918,210629000,3675.0,19210,353040,707135840.0,3675.0,14,3674.0,7
rb1805,20170919,20170918,210629500,3674.0,19240,353024,708238040.0,3674.0,15,3673.0,53
rb1805,20170919,20170918,210630000,3674.0,19282,352996,709781120.0,3675.0,14,3674.0,27
rb1805,20170919,20170918,210630500,3674.0,19300,353004,710442440.0,3675.0,14,3674.0,15
rb1805,20170919,20170918,210631000,3674.0,19302,353004,710515920.0,3675.0,24,3673.0,57
rb1805,20170919,20170918,210631500,3673.0,19308,353002,710736300.0,3675.0,25,3673.0,59
rb1805,20170919,20170918,210632000,3673.0,19372,353000,713087100.0,3674.0,1,3673.0,26
rb1805,20170919,20170918,210632500,3674.0,19374,352998,713160580.0,3675.0,14,3674.0,27
rb1805,20170919,20170918,210633000,3674.0,19378,352996,713307560.0,3675.0,21,3674.0,26
rb1805,20170919,20170918,210633500,3674.0,19382,352994,713454540.0,3675.0,20,3674.0,35
rb1805,20170919,20170918,210634000,3674.0,19388,352996,713675020.0,3675.0,21,3674.0,34
rb1805,20170919,20170918,210634500,3674.0,19406,352988,714336340.0,3675.0,21,3674.0,29
rb1805,20170919,20170918,210635000,3675.0,19430,352990,715218120.0,3675.0,19,3674.0,20
rb1805,20170919,20170918,210635500,3674.0,19442,352992,715659080.0,3675.0,16,3674.0,24
rb1805,20170919,20170918,210636000,3674.0,19442,352992,715659080.0,3675.0,17,3674.0,26
rb1805,20170919,20170918,210636500,3674.0,19452,352992,716026480.0,3675.0,17,3674.0,21
rb1805,20170919,20170918,210637000,3674.0,19454,352990,716099960.0,3675.0,16,3674.0,46
rb1805,20170919,20170918,210637500,3675.0,19486,353014,717275960.0,3676.0,15,3674.0,98
rb1805,20170919,20170918,210638000,3677.0,19528,353004,718819940.0,3677.0,7,3675.0,1
rb1805,20170919,20170918,210638500,3677.0,19580,353018,720731480.0,3676.0,3,3675.0,14
rb1805,20170919,20170918,210639000,3675.0,19588,353012,721025540.0,3677.0,11,3675.0,16
rb1805,20170919,20170918,210639500,3675.0,19594,353010,721246040.0,3677.0,4,3676.0,3
rb1805,20170919,20170918,210640000,3675.0,19596,353008,721319540.0,3677.0,5,3676.0,7
rb1805,20170919,20170918,210640500,3675.0,19596,353008,721319540.0,3677.0,6,3676.0,7
rb1805,20170919,20170918,210641000,3675.0,19598,353008,721393040.0,3677.0,6,3676.0,6
rb1805,20170919,20170918,210641500,3677.0,19602,353006,721540100.0,3677.0,6,3676.0,7
rb1805,20170919,20170918,210642000,3677.0,19602,353006,721540100.0,3677.0,7,3676.0,10
rb1805,20170919,20170918,210642500,3676.0,19616,353006,722054740.0,3676.0,23,3675.0,20
rb1805,20170919,20170918,210643000,3676.0,19616,353006,722054740.0,3676.0,25,3675.0,20
rb1805,20170919,20170918,210643500,3675.0,19618,353004,722128240.0,3676.0,25,3675.0,16
rb1805,20170919,20170918,210644000,3675.0,19618,353004,722128240.0,3676.0,27,3675.0,16
rb1805,20170919,20170918,210644500,3676.0,19622,353008,722275280.0,3676.0,25,3675.0,22
rb1805,20170919,20170918,210645000,3677.0,19676,353060,724260360.0,3677.0,19,3676.0,2
rb1805,20170919,20170918,210645500,3677.0,19676,353060,724260360.0,3677.0,19,3676.0,11
rb1805,20170919,20170918,210646000,3677.0,19676,353060,724260360.0,3677.0,29,3676.0,11
rb1805,20170919,20170918,210646500,3676.0,19696,353046,724995560.0,3676.0,3,3675.0,23
rb1805,20170919,20170918,210647000,3675.0,19698,353044,725069060.0,3677.0,29,3675.0,17
rb1805,20170919,20170918,210647500,3677.0,19710,353044,725510300.0,3677.0,23,3676.0,17
rb1805,20170919,20170918,210648000,3677.0,19710,353044,725510300.0,3677.0,24,3676.0,17
rb1805,20170919,20170918,210648500,3677.0,19710,353044,725510300.0,3677.0,25,3676.0,17
rb1805,20170919,20170918,210649000,3677.0,19710,353044,725510300.0,3677.0,27,3676.0,17
rb1805,20170919,20170918,210649500,3677.0,19710,353044,725510300.0,3677.0,27,3676.0,17
rb1805,20170919,20170918,210650000,3677.0,19712,353044,725583840.0,3677.0,26,3676.0,26
rb1805,20170919,20170918,210650500,3677.0,19712,353044,725583840.0,3677.0,26,3676.0,26
rb1805,20170919,20170918,210651000,3676.0,19722,353044,725951440.0,3677.0,29,3676.0,21
rb1805,20170919,20170918,210651500,3677.0,19730,353040,726245600.0,3677.0,25,3676.0,22
rb1805,20170919,20170918,210652000,3677.0,19732,353038,726319140.0,3677.0,24,3676.0,23
rb1805,20170919,20170918,210652500,3677.0,19732,353038,726319140.0,3677.0,24,3676.0,23
rb1805,20170919,20170918,210653000,3677.0,19740,353038,726613300.0,3677.0,25,3676.0,23
rb1805,20170919,20170918,210653500,3677.0,19770,353016,727716400.0,3677.0,12,3676.0,23
rb1805,20170919,20170918,210654000,3677.0,19794,353022,728598880.0,3678.0,75,3677.0,39
rb1805,20170919,20170918,210654500,3677.0,19800,353022,728819500.0,3678.0,70,3677.0,31
rb1805,20170919,20170918,210655000,3677.0,20082,352954,739190660.0,3679.0,17,3677.0,6
rb1805,20170919,20170918,210655500,3678.0,20086,352958,739337760.0,3679.0,15,3678.0,7
rb1805,20170919,20170918,210656000,3678.0,20120,352962,740588620.0,3680.0,149,3678.0,15
rb1805,20170919,20170918,210656500,3680.0,20124,352962,740735820.0,3680.0,147,3679.0,7
rb1805,20170919,20170918,210657000,3680.0,20130,352962,740956620.0,3680.0,144,3679.0,7
rb1805,20170919,20170918,210657500,3679.0,20140,352964,741324560.0,3680.0,142,3679.0,15
rb1805,20170919,20170918,210658000,3680.0,20144,352962,741471760.0,3680.0,140,3679.0,15
rb1805,20170919,20170918,210658500,3680.0,20146,352962,741545360.0,3680.0,139,3679.0,16
rb1805,20170919,20170918,210659000,3680.0,20158,352958,741986940.0,3680.0,134,3679.0,16
rb1805,20170919,20170918,210659500,3680.0,20160,352958,742060540.0,3680.0,133,3679.0,13
rb1805,20170919,20170918,210700000,3679.0,20168,352958,742354860.0,3680.0,139,3679.0,9
rb1805,20170919,20170918,210700500,3679.0,20196,352962,743384920.0,3679.0,33,3678.0,41
rb1805,20170919,20170918,210701000,3679.0,20206,352952,743752820.0,3679.0,24,3678.0,33
rb1805,20170919,20170918,210701500,3679.0,20206,352952,743752820.0,3679.0,28,3678.0,26
rb1805,20170919,20170918,210702000,3679.0,20242,352952,745077260.0,3679.0,15,3678.0,26
rb1805,20170919,20170918,210702500,3679.0,20242,352952,745077260.0,3679.0,16,3678.0,26
rb1805,20170919,20170918,210703000,3679.0,20246,352952,745224420.0,3679.0,14,3678.0,26
rb1805,20170919,20170918,210703500,3679.0,20246,352952,745224420.0,3679.0,14,3678.0,26
rb1805,20170919,20170918,210704000,3679.0,20248,352950,745298000.0,3679.0,13,3678.0,26
rb1805,20170919,20170918,210704500,3679.0,20268,352938,746033800.0,3679.0,3,3678.0,26
rb1805,20170919,20170918,210705000,3678.0,20310,352900,747578560.0,3679.0,3,3678.0,6
rb1805,20170919,20170918,210705500,3679.0,20314,352898,747725720.0,3679.0,6,3678.0,5
rb1805,20170919,20170918,210706000,3678.0,20324,352896,748093520.0,3679.0,12,3677.0,14
rb1805,20170919,20170918,210706500,3678.0,20334,352888,748461320.0,3679.0,13,3678.0,46
rb1805,20170919,20170918,210707000,3679.0,20342,352890,748755620.0,3679.0,10,3678.0,71
rb1805,20170919,20170918,210707500,3678.0,20344,352888,748829180.0,3679.0,6,3678.0,70
rb1805,20170919,20170918,210708000,3678.0,20346,352888,748902740.0,3679.0,16,3678.0,69
rb1805,20170919,20170918,210708500,3678.0,20352,352890,749123440.0,3679.0,16,3678.0,69
rb1805,20170919,20170918,210709000,3678.0,20352,352890,749123440.0,3679.0,17,3678.0,70
rb1805,20170919,20170918,210709500,3678.0,20354,352890,749197000.0,3679.0,17,3678.0,69
rb1805,20170919,20170918,210710000,3678.0,20354,352890,749197000.0,3679.0,17,3678.0,69
rb1805,20170919,20170918,210710500,3678.0,20354,352890,749197000.0,3679.0,17,3678.0,81
rb1805,20170919,20170918,210711000,3679.0,20368,352896,749712060.0,3679.0,11,3678.0,84
rb1805,20170919,20170918,210711500,3678.0,20370,352894,749785620.0,3679.0,11,3678.0,83
rb1805,20170919,20170918,210712000,3678.0,20370,352894,749785620.0,3679.0,61,3678.0,84
rb1805,20170919,20170918,210712500,3678.0,20370,352894,749785620.0,3679.0,61,3678.0,86
rb1805,20170919,20170918,210713000,3676.0,20644,352844,759861660.0,3677.0,2,3675.0,27
rb1805,20170919,20170918,210713500,3676.0,20644,352844,759861660.0,3677.0,3,3676.0,4
rb1805,20170919,20170918,210714000,3677.0,20658,352846,760376440.0,3677.0,1,3676.0,18
rb1805,20170919,20170918,210714500,3677.0,20662,352846,760523520.0,3678.0,9,3677.0,19
rb1805,20170919,20170918,210715000,3678.0,20666,352846,760670640.0,3678.0,5,3677.0,8
rb1805,20170919,20170918,210715500,3678.0,20666,352846,760670640.0,3678.0,5,3677.0,11
rb1805,20170919,20170918,210716000,3678.0,20668,352846,760744200.0,3678.0,4,3677.0,11
rb1805,20170919,20170918,210716500,3678.0,20674,352852,760964880.0,3678.0,3,3677.0,11
rb1805,20170919,20170918,210717000,3678.0,20682,352860,761259120.0,3679.0,70,3678.0,46
rb1805,20170919,20170918,210717500,3679.0,20684,352860,761332700.0,3679.0,65,3678.0,46
rb1805,20170919,20170918,210718000,3679.0,20684,352860,761332700.0,3679.0,66,3678.0,46
rb1805,20170919,20170918,210718500,3679.0,20684,352860,761332700.0,3679.0,67,3678.0,52
rb1805,20170919,20170918,210719000,3678.0,20686,352862,761406260.0,3679.0,77,3678.0,51
rb1805,20170919,20170918,210719500,3678.0,20688,352864,761479820.0,3679.0,77,3678.0,50
rb1805,20170919,20170918,210720000,3679.0,20698,352864,761847640.0,3679.0,82,3678.0,46
rb1805,20170919,20170918,210720500,3679.0,20698,352864,761847640.0,3679.0,84,3678.0,50
rb1805,20170919,20170918,210721000,3678.0,20700,352864,761921200.0,3679.0,84,3678.0,49
rb1805,20170919,20170918,210721500,3678.0,20700,352864,761921200.0,3679.0,84,3678.0,49
rb1805,20170919,20170918,210722000,3679.0,20706,352868,762141900.0,3679.0,83,3678.0,47
rb1805,20170919,20170918,210722500,3679.0,20708,352866,762215480.0,3679.0,83,3678.0,47
rb1805,20170919,20170918,210723000,3679.0,20718,352862,762583380.0,3679.0,89,3678.0,47
rb1805,20170919,20170918,210723500,3679.0,20724,352856,762804120.0,3679.0,98,3678.0,47
rb1805,20170919,20170918,210724000,3679.0,20726,352856,762877700.0,3679.0,97,3678.0,54
rb1805,20170919,20170918,210724500,3679.0,20726,352856,762877700.0,3679.0,97,3678.0,54
rb1805,20170919,20170918,210725000,3679.0,20794,352864,765379340.0,3679.0,67,3678.0,851
rb1805,20170919,20170918,210725500,3679.0,20928,352852,770309200.0,3680.0,159,3679.0,93
rb1805,20170919,20170918,210726000,3679.0,20928,352852,770309200.0,3680.0,159,3679.0,94
rb1805,20170919,20170918,210726500,3680.0,20930,352852,770382800.0,3680.0,158,3679.0,95
rb1805,20170919,20170918,210727000,3680.0,20930,352852,770382800.0,3680.0,158,3679.0,96
rb1805,20170919,20170918,210727500,3680.0,20930,352852,770382800.0,3680.0,158,3679.0,83
rb1805,20170919,20170918,210728000,3680.0,20930,352852,770382800.0,3680.0,159,3679.0,86
rb1805,20170919,20170918,210728500,3680.0,20984,352866,772370000.0,3680.0,132,3679.0,86
rb1805,20170919,20170918,210729000,3680.0,21212,352768,780758820.0,3680.0,97,3679.0,8
rb1805,20170919,20170918,210729500,3680.0,21250,352768,782157220.0,3680.0,78,3679.0,14
rb1805,20170919,20170918,210730000,3680.0,21252,352766,782230820.0,3680.0,77,3679.0,33
rb1805,20170919,20170918,210730500,3680.0,21254,352766,782304420.0,3680.0,76,3679.0,38
rb1805,20170919,20170918,210731000,3680.0,21280,352742,783261220.0,3680.0,63,3679.0,48
rb1805,20170919,20170918,210731500,3680.0,21296,352738,783850000.0,3680.0,56,3679.0,48
rb1805,20170919,20170918,210732000,3680.0,21314,352734,784512400.0,3680.0,47,3679.0,48
rb1805,20170919,20170918,210732500,3680.0,21334,352724,785248400.0,3680.0,37,3679.0,49
rb1805,20170919,20170918,210733000,3679.0,21340,352720,785469140.0,3680.0,37,3679.0,46
rb1805,20170919,20170918,210733500,3680.0,21352,352712,785910740.0,3680.0,31,3679.0,51
rb1805,20170919,20170918,210734000,3680.0,21354,352712,785984340.0,3680.0,30,3679.0,51
rb1805,20170919,20170918,210734500,3680.0,21360,352716,786205120.0,3680.0,28,3679.0,50
rb1805,20170919,20170918,210735000,3680.0,21364,352714,786352300.0,3680.0,27,3679.0,49
rb1805,20170919,20170918,210735500,3680.0,21370,352712,786573100.0,3680.0,25,3679.0,49
rb1805,20170919,20170918,210736000,3680.0,21376,352712,786793900.0,3680.0,22,3679.0,49
rb1805,20170919,20170918,210736500,3679.0,21386,352718,787161880.0,3680.0,20,3679.0,52
rb1805,20170919,20170918,210737000,3679.0,21386,352718,787161880.0,3680.0,14,3679.0,103
rb1805,20170919,20170918,210737500,3679.0,21386,352718,787161880.0,3680.0,22,3679.0,103
rb1805,20170919,20170918,210738000,3680.0,21432,352702,788854680.0,3681.0,140,3679.0,103
rb1805,20170919,20170918,210738500,3680.0,21432,352702,788854680.0,3681.0,140,3679.0,102
rb1805,20170919,20170918,210739000,3680.0,21436,352704,789001900.0,3681.0,139,3680.0,5
rb1805,20170919,20170918,210739500,3681.0,21440,352706,789149120.0,3681.0,98,3680.0,12
rb1805,20170919,20170918,210740000,3681.0,21478,352688,790547900.0,3681.0,79,3680.0,13
rb1805,20170919,20170918,210740500,3681.0,21482,352688,790695140.0,3681.0,77,3680.0,22
rb1805,20170919,20170918,210741000,3681.0,21492,352684,791063220.0,3681.0,73,3680.0,21
rb1805,20170919,20170918,210741500,3680.0,21494,352686,791136820.0,3681.0,73,3680.0,19
rb1805,20170919,20170918,210742000,3680.0,21494,352686,791136820.0,3681.0,73,3680.0,21
rb1805,20170919,20170918,210742500,3681.0,21506,352684,791578520.0,3681.0,68,3680.0,28
rb1805,20170919,20170918,210743000,3680.0,21510,352686,791725720.0,3681.0,68,3680.0,27
rb1805,20170919,20170918,210743500,3681.0,21614,352682,795553960.0,3681.0,17,3680.0,27
rb1805,20170919,20170918,210744000,3681.0,21670,352658,797615320.0,3682.0,90,3681.0,27
rb1805,20170919,20170918,210744500,3681.0,21680,352658,797983420.0,3682.0,50,3681.0,40
rb1805,20170919,20170918,210745000,3682.0,21710,352648,799088020.0,3682.0,35,3681.0,46
rb1805,20170919,20170918,210745500,3681.0,21732,352638,799898040.0,3682.0,26,3681.0,46
rb1805,20170919,20170918,210746000,3681.0,21732,352638,799898040.0,3682.0,26,3681.0,48
rb1805,20170919,20170918,210746500,3682.0,21756,352644,800781720.0,3682.0,15,3681.0,50
rb1805,20170919,20170918,210747000,3681.0,21760,352646,800928960.0,3682.0,16,3681.0,48
rb1805,20170919,20170918,210747500,3682.0,21794,352638,802180840.0,3683.0,107,3682.0,74
rb1805,20170919,20170918,210748000,3683.0,21796,352638,802254500.0,3683.0,111,3682.0,74
rb1805,20170919,20170918,210748500,3682.0,21834,352614,803654000.0,3683.0,94,3682.0,75
rb1805,20170919,20170918,210749000,3683.0,21838,352614,803801320.0,3683.0,92,3682.0,80
rb1805,20170919,20170918,210749500,3683.0,21852,352612,804316940.0,3683.0,80,3682.0,80
rb1805,20170919,20170918,210750000,3683.0,21868,352602,804906220.0,3683.0,72,3682.0,84
rb1805,20170919,20170918,210750500,3683.0,21872,352600,805053540.0,3683.0,70,3682.0,86
rb1805,20170919,20170918,210751000,3683.0,21882,352602,805421820.0,3683.0,68,3682.0,85
rb1805,20170919,20170918,210751500,3682.0,21898,352608,806011080.0,3683.0,62,3682.0,86
rb1805,20170919,20170918,210752000,3683.0,22000,352598,809767740.0,3683.0,12,3682.0,87
rb1805,20170919,20170918,210752500,3683.0,22046,352588,811461920.0,3684.0,90,3683.0,40
rb1805,20170919,20170918,210753000,3684.0,22060,352574,811977680.0,3684.0,83,3683.0,47
rb1805,20170919,20170918,210753500,3683.0,22092,352546,813156540.0,3684.0,68,3683.0,100
rb1805,20170919,20170918,210754000,3684.0,22102,352542,813524940.0,3684.0,66,3683.0,100
rb1805,20170919,20170918,210754500,3684.0,22130,352550,814556460.0,3684.0,53,3683.0,105
rb1805,20170919,20170918,210755000,3684.0,22132,352552,814630140.0,3684.0,52,3683.0,106
rb1805,20170919,20170918,210755500,3683.0,22134,352550,814703800.0,3684.0,58,3683.0,107
rb1805,20170919,20170918,210756000,3684.0,22142,352558,814998520.0,3684.0,53,3683.0,113
rb1805,20170919,20170918,210756500,3683.0,22158,352560,815587800.0,3684.0,60,3683.0,107
rb1805,20170919,20170918,210757000,3683.0,22194,352564,816913820.0,3684.0,48,3683.0,102
rb1805,20170919,20170918,210757500,3683.0,22218,352570,817797900.0,3684.0,40,3683.0,98
rb1805,20170919,20170918,210758000,3683.0,22278,352618,820008040.0,3684.0,27,3683.0,86
rb1805,20170919,20170918,210758500,3684.0,22296,352624,820671160.0,3684.0,19,3683.0,87
rb1805,20170919,20170918,210759000,3684.0,22318,352640,821481640.0,3684.0,9,3683.0,87
rb1805,20170919,20170918,210759500,3683.0,22338,352648,822218380.0,3684.0,5,3683.0,85
rb1805,20170919,20170918,210800000,3684.0,22352,352654,822734140.0,3685.0,121,3684.0,44
rb1805,20170919,20170918,210800500,3683.0,22458,352748,826639020.0,3684.0,5,3683.0,68
rb1805,20170919,20170918,210801000,3684.0,22466,352742,826933740.0,3684.0,12,3683.0,89
rb1805,20170919,20170918,210801500,3683.0,22484,352742,827596680.0,3684.0,23,3683.0,80
rb1805,20170919,20170918,210802000,3683.0,22562,352744,830469560.0,3684.0,19,3683.0,48
rb1805,20170919,20170918,210802500,3683.0,22572,352744,830837860.0,3684.0,24,3683.0,42
rb1805,20170919,20170918,210803000,3684.0,22576,352748,830985220.0,3684.0,28,3683.0,42
rb1805,20170919,20170918,210803500,3683.0,22580,352750,831132540.0,3684.0,33,3683.0,40
rb1805,20170919,20170918,210804000,3683.0,22584,352754,831279860.0,3684.0,33,3683.0,39
rb1805,20170919,20170918,210804500,3683.0,22586,352756,831353520.0,3684.0,37,3683.0,38
rb1805,20170919,20170918,210805000,3683.0,22596,352758,831721880.0,3684.0,35,3683.0,36
rb1805,20170919,20170918,210805500,3684.0,22678,352710,834742760.0,3685.0,127,3684.0,16
rb1805,20170919,20170918,210806000,3684.0,22716,352694,836142640.0,3684.0,3,3683.0,25
rb1805,20170919,20170918,210806500,3683.0,22732,352688,836732040.0,3684.0,2,3683.0,27
rb1805,20170919,20170918,210807000,3685.0,22744,352682,837174160.0,3685.0,131,3684.0,1
rb1805,20170919,20170918,210807500,3684.0,22766,352672,837984600.0,3684.0,26,3683.0,54
rb1805,20170919,20170918,210808000,3683.0,22790,352670,838868540.0,3684.0,26,3683.0,46
rb1805,20170919,20170918,210808500,3683.0,22790,352670,838868540.0,3684.0,25,3683.0,46
rb1805,20170919,20170918,210809000,3684.0,22794,352670,839015900.0,3684.0,29,3683.0,46
rb1805,20170919,20170918,210809500,3684.0,22802,352670,839310620.0,3684.0,25,3683.0,46
rb1805,20170919,20170918,210810000,3684.0,22808,352670,839531660.0,3684.0,22,3683.0,53
rb1805,20170919,20170918,210810500,3684.0,22812,352670,839679020.0,3684.0,20,3683.0,53
rb1805,20170919,20170918,210811000,3683.0,22818,352676,839900000.0,3684.0,21,3683.0,60
rb1805,20170919,20170918,210811500,3684.0,22826,352676,840194720.0,3684.0,19,3683.0,63
rb1805,20170919,20170918,210812000,3683.0,22954,352742,844908960.0,3683.0,26,3682.0,14
rb1805,20170919,20170918,210812500,3683.0,22986,352724,846087240.0,3683.0,4,3681.0,19
rb1805,20170919,20170918,210813000,3683.0,22986,352724,846087240.0,3682.0,9,3681.0,70
rb1805,20170919,20170918,210813500,3682.0,22988,352724,846160880.0,3682.0,6,3681.0,96
rb1805,20170919,20170918,210814000,3682.0,23010,352710,846971000.0,3683.0,10,3682.0,5
rb1805,20170919,20170918,210814500,3682.0,23010,352710,846971000.0,3683.0,16,3682.0,10
rb1805,20170919,20170918,210815000,3682.0,23024,352714,847486480.0,3683.0,10,3682.0,11
rb1805,20170919,20170918,210815500,3683.0,23026,352716,847560140.0,3683.0,15,3682.0,32
rb1805,20170919,20170918,210816000,3683.0,23026,352716,847560140.0,3683.0,10,3682.0,32
rb1805,20170919,20170918,210816500,3683.0,23028,352718,847633800.0,3683.0,5,3682.0,32
rb1805,20170919,20170918,210817000,3682.0,23030,352720,847707440.0,3683.0,5,3682.0,32
rb1805,20170919,20170918,210817500,3682.0,23054,352718,848591120.0,3683.0,7,3682.0,20
rb1805,20170919,20170918,210818000,3683.0,23056,352720,848664780.0,3683.0,7,3682.0,20
rb1805,20170919,20170918,210818500,3682.0,23058,352722,848738420.0,3683.0,7,3682.0,21
rb1805,20170919,20170918,210819000,3683.0,23072,352732,849254040.0,3684.0,38,3683.0,44
rb1805,20170919,20170918,210819500,3683.0,23078,352738,849475020.0,3684.0,40,3683.0,41
rb1805,20170919,20170918,210820000,3684.0,23092,352742,849990660.0,3684.0,43,3683.0,35
rb1805,20170919,20170918,210820500,3684.0,23092,352742,849990660.0,3684.0,49,3683.0,36
rb1805,20170919,20170918,210821000,3684.0,23092,352742,849990660.0,3684.0,43,3683.0,36
rb1805,20170919,20170918,210821500,3683.0,23106,352744,850506300.0,3684.0,48,3683.0,30
rb1805,20170919,20170918,210822000,3682.0,23168,352804,852789740.0,3683.0,23,3682.0,30
rb1805,20170919,20170918,210822500,3682.0,23168,352804,852789740.0,3683.0,23,3682.0,30
rb1805,20170919,20170918,210823000,3682.0,23168,352804,852789740.0,3683.0,26,3682.0,31
rb1805,20170919,20170918,210823500,3683.0,23182,352808,853305360.0,3683.0,19,3682.0,31
rb1805,20170919,20170918,210824000,3683.0,23182,352808,853305360.0,3683.0,21,3682.0,32
rb1805,20170919,20170918,210824500,3683.0,23184,352810,853379020.0,3683.0,20,3682.0,32
rb1805,20170919,20170918,210825000,3682.0,23186,352812,853452660.0,3683.0,21,3682.0,27
rb1805,20170919,20170918,210825500,3682.0,23186,352812,853452660.0,3683.0,22,3682.0,29
rb1805,20170919,20170918,210826000,3683.0,23190,352814,853599960.0,3683.0,26,3682.0,28
rb1805,20170919,20170918,210826500,3683.0,23192,352816,853673620.0,3683.0,38,3682.0,28
rb1805,20170919,20170918,210827000,3683.0,23192,352816,853673620.0,3683.0,38,3682.0,28
rb1805,20170919,20170918,210827500,3683.0,23192,352816,853673620.0,3683.0,38,3682.0,29
rb1805,20170919,20170918,210828000,3683.0,23202,352826,854041920.0,3683.0,35,3682.0,29
rb1805,20170919,20170918,210828500,3683.0,23206,352824,854189240.0,3683.0,33,3682.0,29
rb1805,20170919,20170918,210829000,3683.0,23210,352828,854336540.0,3683.0,33,3682.0,28
rb1805,20170919,20170918,210829500,3682.0,23212,352830,854410180.0,3683.0,38,3682.0,26
rb1805,20170919,20170918,210830000,3682.0,23214,352832,854483820.0,3683.0,39,3682.0,25
rb1805,20170919,20170918,210830500,3683.0,23216,352834,854557480.0,3683.0,39,3682.0,26
rb1805,20170919,20170918,210831000,3683.0,23216,352834,854557480.0,3683.0,42,3682.0,23
rb1805,20170919,20170918,210831500,3683.0,23216,352834,854557480.0,3683.0,42,3682.0,23
rb1805,20170919,20170918,210832000,3683.0,23218,352836,854631140.0,3683.0,41,3682.0,23
rb1805,20170919,20170918,210832500,3683.0,23224,352840,854852120.0,3683.0,38,3682.0,23
rb1805,20170919,20170918,210833000,3683.0,23224,352840,854852120.0,3683.0,39,3682.0,26
rb1805,20170919,20170918,210833500,3682.0,23228,352844,854999420.0,3683.0,38,3682.0,25
rb1805,20170919,20170918,210834000,3682.0,23228,352844,854999420.0,3683.0,41,3682.0,36
rb1805,20170919,20170918,210834500,3682.0,23228,352844,854999420.0,3683.0,28,3682.0,87
rb1805,20170919,20170918,210835000,3682.0,23228,352844,854999420.0,3683.0,28,3682.0,87
rb1805,20170919,20170918,210835500,3682.0,23228,352844,854999420.0,3683.0,28,3682.0,87
rb1805,20170919,20170918,210836000,3683.0,23248,352860,855736020.0,3683.0,18,3682.0,87
rb1805,20170919,20170918,210836500,3683.0,23258,352858,856104320.0,3683.0,13,3682.0,91
rb1805,20170919,20170918,210837000,3683.0,23258,352858,856104320.0,3683.0,14,3682.0,91
rb1805,20170919,20170918,210837500,3683.0,23288,352870,857209200.0,3684.0,64,3683.0,6
rb1805,20170919,20170918,210838000,3683.0,23300,352870,857651160.0,3683.0,1,3682.0,85
rb1805,20170919,20170918,210838500,3683.0,23302,352868,857724820.0,3684.0,63,3683.0,2
rb1805,20170919,20170918,210839000,3683.0,23304,352866,857798480.0,3684.0,69,3683.0,1
rb1805,20170919,20170918,210839500,3683.0,23312,352864,858093100.0,3683.0,4,3682.0,86
rb1805,20170919,20170918,210840000,3683.0,23312,352864,858093100.0,3683.0,6,3682.0,85
rb1805,20170919,20170918,210840500,3683.0,23314,352864,858166760.0,3683.0,5,3682.0,85
rb1805,20170919,20170918,210841000,3682.0,23346,352856,859345060.0,3683.0,2,3682.0,72
rb1805,20170919,20170918,210841500,3682.0,23346,352856,859345060.0,3683.0,3,3682.0,72
rb1805,20170919,20170918,210842000,3682.0,23346,352856,859345060.0,3683.0,5,3682.0,72
rb1805,20170919,20170918,210842500,3683.0,23348,352858,859418720.0,3683.0,14,3682.0,72
rb1805,20170919,20170918,210843000,3683.0,23388,352894,860891920.0,3683.0,2,3682.0,84
rb1805,20170919,20170918,210843500,3683.0,23388,352894,860891920.0,3683.0,2,3682.0,84
rb1805,20170919,20170918,210844000,3683.0,23396,352894,861186520.0,3684.0,81,3683.0,4
rb1805,20170919,20170918,210844500,3683.0,23404,352894,861481160.0,3683.0,2,3682.0,81
rb1805,20170919,20170918,210845000,3682.0,23420,352910,862070280.0,3683.0,2,3682.0,73
rb1805,20170919,20170918,210845500,3682.0,23420,352910,862070280.0,3683.0,2,3682.0,73
rb1805,20170919,20170918,210846000,3682.0,23420,352910,862070280.0,3683.0,2,3682.0,73
rb1805,20170919,20170918,210846500,3683.0,23422,352910,862143940.0,3683.0,1,3682.0,75
rb1805,20170919,20170918,210847000,3683.0,23422,352910,862143940.0,3684.0,82,3682.0,76
rb1805,20170919,20170918,210847500,3683.0,23422,352910,862143940.0,3683.0,1,3682.0,76
rb1805,20170919,20170918,210848000,3683.0,23426,352912,862291260.0,3684.0,82,3683.0,18
rb1805,20170919,20170918,210848500,3683.0,23428,352914,862364920.0,3684.0,90,3683.0,17
rb1805,20170919,20170918,210849000,3683.0,23440,352924,862806940.0,3684.0,81,3683.0,28
rb1805,20170919,20170918,210849500,3683.0,23440,352924,862806940.0,3684.0,85,3683.0,56
rb1805,20170919,20170918,210850000,3684.0,23442,352924,862880620.0,3684.0,78,3683.0,56
rb1805,20170919,20170918,210850500,3684.0,23462,352924,863617420.0,3684.0,84,3683.0,57
rb1805,20170919,20170918,210851000,3683.0,23464,352924,863691080.0,3684.0,78,3683.0,56
rb1805,20170919,20170918,210851500,3683.0,23464,352924,863691080.0,3684.0,84,3683.0,56
rb1805,20170919,20170918,210852000,3683.0,23504,352958,865164280.0,3684.0,80,3683.0,37
rb1805,20170919,20170918,210852500,3683.0,23514,352948,865532580.0,3684.0,87,3683.0,33
rb1805,20170919,20170918,210853000,3683.0,23516,352948,865606240.0,3684.0,81,3683.0,33
rb1805,20170919,20170918,210853500,3683.0,23516,352948,865606240.0,3684.0,87,3683.0,35
rb1805,20170919,20170918,210854000,3683.0,23518,352948,865679900.0,3684.0,82,3683.0,35
rb1805,20170919,20170918,210854500,3683.0,23522,352952,865827220.0,3684.0,88,3683.0,33
rb1805,20170919,20170918,210855000,3683.0,23522,352952,865827220.0,3684.0,83,3683.0,33
rb1805,20170919,20170918,210855500,3683.0,23526,352952,865974540.0,3684.0,89,3683.0,33
rb1805,20170919,20170918,210856000,3683.0,23526,352952,865974540.0,3684.0,85,3683.0,33
rb1805,20170919,20170918,210856500,3683.0,23530,352954,866121860.0,3684.0,93,3683.0,31
rb1805,20170919,20170918,210857000,3683.0,23532,352956,866195520.0,3684.0,88,3683.0,30
rb1805,20170919,20170918,210857500,3683.0,23532,352956,866195520.0,3684.0,95,3683.0,30
rb1805,20170919,20170918,210858000,3683.0,23532,352956,866195520.0,3684.0,89,3683.0,30
rb1805,20170919,20170918,210858500,3683.0,23612,352966,869142080.0,3684.0,105,3682.0,61
rb1805,20170919,20170918,210859000,3683.0,23612,352966,869142080.0,3684.0,105,3683.0,1
rb1805,20170919,20170918,210859500,3683.0,23614,352964,869215740.0,3683.0,4,3682.0,61
rb1805,20170919,20170918,210900000,3683.0,23614,352964,869215740.0,3683.0,5,3682.0,61
rb1805,20170919,20170918,210900500,3683.0,23614,352964,869215740.0,3683.0,16,3682.0,61
rb1805,20170919,20170918,210901000,3683.0,23616,352964,869289400.0,3683.0,16,3682.0,61
rb1805,20170919,20170918,210902000,3683.0,23616,352964,869289400.0,3683.0,46,3682.0,61
rb1805,20170919,20170918,210902500,3682.0,23618,352966,869363040.0,3683.0,46,3682.0,60
rb1805,20170919,20170918,210903000,3683.0,23658,352980,870836240.0,3683.0,26,3682.0,61
rb1805,20170919,20170918,210903500,3682.0,23670,352980,871278180.0,3683.0,21,3682.0,60
rb1805,20170919,20170918,210904000,3682.0,23670,352980,871278180.0,3683.0,22,3682.0,60
rb1805,20170919,20170918,210904500,3682.0,23672,352980,871351820.0,3683.0,23,3682.0,59
rb1805,20170919,20170918,210905000,3682.0,23672,352980,871351820.0,3683.0,24,3682.0,59
rb1805,20170919,20170918,210905500,3683.0,23714,352982,872898660.0,3683.0,5,3682.0,59
rb1805,20170919,20170918,210906000,3683.0,23716,352982,872972320.0,3683.0,4,3682.0,59
rb1805,20170919,20170918,210906500,3683.0,23724,352986,873266960.0,3684.0,76,3683.0,4
rb1805,20170919,20170918,210907000,3683.0,23724,352986,873266960.0,3684.0,76,3683.0,4
rb1805,20170919,20170918,210907500,3683.0,23750,353008,874224760.0,3684.0,65,3683.0,12
rb1805,20170919,20170918,210908000,3683.0,23756,353014,874445740.0,3684.0,65,3683.0,9
rb1805,20170919,20170918,210908500,3683.0,23758,353016,874519400.0,3684.0,65,3683.0,10
rb1805,20170919,20170918,210909000,3683.0,23772,353016,875035140.0,3684.0,59,3683.0,10
rb1805,20170919,20170918,210909500,3683.0,23788,353024,875624420.0,3684.0,60,3683.0,2
rb1805,20170919,20170918,210910000,3683.0,23792,353024,875771740.0,3683.0,2,3682.0,71
rb1805,20170919,20170918,210910500,3683.0,23792,353024,875771740.0,3683.0,3,3682.0,71
rb1805,20170919,20170918,210911000,3683.0,23792,353024,875771740.0,3683.0,3,3682.0,71
rb1805,20170919,20170918,210911500,3683.0,23792,353024,875771740.0,3683.0,34,3682.0,71
rb1805,20170919,20170918,210912000,3683.0,23792,353024,875771740.0,3683.0,6,3682.0,71
rb1805,20170919,20170918,210912500,3683.0,23792,353024,875771740.0,3683.0,7,3682.0,70
rb1805,20170919,20170918,210913000,3682.0,23802,353024,876139940.0,3683.0,7,3682.0,65
rb1805,20170919,20170918,210913500,3683.0,23830,353004,877171180.0,3684.0,75,3683.0,36
rb1805,20170919,20170918,210914000,3683.0,23860,352974,878276080.0,3684.0,78,3683.0,41
rb1805,20170919,20170918,210914500,3683.0,23860,352974,878276080.0,3684.0,98,3683.0,42
rb1805,20170919,20170918,210915000,3683.0,23874,352968,878791700.0,3684.0,98,3683.0,35
rb1805,20170919,20170918,210915500,3683.0,23910,352962,880117580.0,3684.0,100,3683.0,17
rb1805,20170919,20170918,210916000,3683.0,23946,352960,881443460.0,3683.0,23,3682.0,65
rb1805,20170919,20170918,210916500,3682.0,23948,352960,881517100.0,3683.0,23,3682.0,63
rb1805,20170919,20170918,210917000,3682.0,23950,352962,881590740.0,3683.0,45,3682.0,62
rb1805,20170919,20170918,210917500,3682.0,23950,352962,881590740.0,3683.0,52,3682.0,64
rb1805,20170919,20170918,210918000,3682.0,23950,352962,881590740.0,3683.0,53,3682.0,64
rb1805,20170919,20170918,210918500,3683.0,23956,352960,881811700.0,3683.0,80,3682.0,67
rb1805,20170919,20170918,210919000,3683.0,23956,352960,881811700.0,3683.0,81,3682.0,87
rb1805,20170919,20170918,210919500,3683.0,23956,352960,881811700.0,3683.0,83,3682.0,87
rb1805,20170919,20170918,210920000,3683.0,23980,352960,882695600.0,3683.0,72,3682.0,92
rb1805,20170919,20170918,210920500,3683.0,23982,352960,882769260.0,3683.0,72,3682.0,86
rb1805,20170919,20170918,210921000,3683.0,23982,352960,882769260.0,3683.0,67,3682.0,86
rb1805,20170919,20170918,210921500,3683.0,23982,352960,882769260.0,3683.0,67,3682.0,86
rb1805,20170919,20170918,210922000,3683.0,23984,352960,882842920.0,3683.0,66,3682.0,86
rb1805,20170919,20170918,210922500,3682.0,24030,352960,884537080.0,3683.0,45,3682.0,85
rb1805,20170919,20170918,210923000,3683.0,24044,352950,885052700.0,3683.0,39,3682.0,105
rb1805,20170919,20170918,210923500,3683.0,24044,352950,885052700.0,3683.0,39,3682.0,105
rb1805,20170919,20170918,210924000,3683.0,24104,352972,887262300.0,3683.0,19,3682.0,95
rb1805,20170919,20170918,210924500,3682.0,24108,352972,887409600.0,3683.0,18,3682.0,94
rb1805,20170919,20170918,210925000,3682.0,24108,352972,887409600.0,3683.0,22,3682.0,95
rb1805,20170919,20170918,210925500,3683.0,24110,352970,887483260.0,3683.0,21,3682.0,95
rb1805,20170919,20170918,210926000,3683.0,24120,352970,887851560.0,3683.0,21,3682.0,98
rb1805,20170919,20170918,210926500,3684.0,24172,352972,889766800.0,3684.0,104,3682.0,98
rb1805,20170919,20170918,210927000,3682.0,24174,352974,889840440.0,3684.0,107,3682.0,97
rb1805,20170919,20170918,210927500,3682.0,24174,352974,889840440.0,3684.0,107,3682.0,98
rb1805,20170919,20170918,210928000,3682.0,24174,352974,889840440.0,3684.0,107,3682.0,99
rb1805,20170919,20170918,210928500,3682.0,24174,352974,889840440.0,3684.0,108,3682.0,99
rb1805,20170919,20170918,210929000,3682.0,24244,352972,892417840.0,3683.0,2,3682.0,65
rb1805,20170919,20170918,210929500,3682.0,24244,352972,892417840.0,3683.0,2,3682.0,65
rb1805,20170919,20170918,210930000,3682.0,24246,352972,892491480.0,3683.0,8,3682.0,69
rb1805,20170919,20170918,210930500,3682.0,24246,352972,892491480.0,3683.0,8,3682.0,69
rb1805,20170919,20170918,210931000,3683.0,24248,352974,892565140.0,3683.0,7,3682.0,76
rb1805,20170919,20170918,210931500,3683.0,24262,352988,893080760.0,3684.0,93,3683.0,3
rb1805,20170919,20170918,210932000,3683.0,24268,352988,893301740.0,3683.0,8,3682.0,135
rb1805,20170919,20170918,210932500,3683.0,24270,352988,893375400.0,3683.0,6,3682.0,135
rb1805,20170919,20170918,210933000,3683.0,24272,352988,893449060.0,3683.0,11,3682.0,135
rb1805,20170919,20170918,210933500,3683.0,24272,352988,893449060.0,3683.0,11,3682.0,135
rb1805,20170919,20170918,210934000,3683.0,24272,352988,893449060.0,3683.0,11,3682.0,135
rb1805,20170919,20170918,210934500,3682.0,24294,352990,894259100.0,3683.0,19,3682.0,144
rb1805,20170919,20170918,210935000,3682.0,24294,352990,894259100.0,3683.0,19,3682.0,154
rb1805,20170919,20170918,210935500,3683.0,24302,352982,894553740.0,3683.0,15,3682.0,154
rb1805,20170919,20170918,210936000,3683.0,24322,352982,895290340.0,3683.0,4,3682.0,154
rb1805,20170919,20170918,210936500,3683.0,24330,352982,895584980.0,3684.0,99,3683.0,52
rb1805,20170919,20170918,210937000,3683.0,24338,352984,895879620.0,3684.0,98,3683.0,70
rb1805,20170919,20170918,210937500,3683.0,24340,352986,895953280.0,3684.0,98,3683.0,71
rb1805,20170919,20170918,210938000,3683.0,24344,352986,896100600.0,3684.0,95,3683.0,70
rb1805,20170919,20170918,210938500,3683.0,24352,352986,896395240.0,3684.0,95,3683.0,66
