instrument,tradingday,calendarday,time,lastp,volume,openinterest,turnover,ask1,asksz1,bid1,bidsz1
rb1805,20170703,20170630,191735500,3046.0,0,77800,0.0,0.0,0,0.0,0
rb1805,20170703,20170630,205900500,3048.0,20,77792,609600.0,3050.0,4,3047.0,2
rb1805,20170703,20170630,210000500,3047.0,26,77794,792420.0,3047.0,4,3041.0,3
rb1805,20170703,20170630,210001000,3047.0,42,77794,1279940.0,3045.0,2,3041.0,3
rb1805,20170703,20170630,210001500,3047.0,54,77796,1645300.0,3045.0,1,3041.0,4
rb1805,20170703,20170630,210002000,3044.0,92,77828,2800900.0,3044.0,1,3039.0,2
rb1805,20170703,20170630,210002500,3044.0,92,77828,2800900.0,3045.0,1,3039.0,2
rb1805,20170703,20170630,210003000,3039.0,96,77828,2922480.0,3044.0,1,3039.0,1
rb1805,20170703,20170630,210003500,3038.0,100,77828,3044020.0,3042.0,2,3038.0,9
rb1805,20170703,20170630,210004000,3038.0,100,77828,3044020.0,3044.0,2,3038.0,9
rb1805,20170703,20170630,210004500,3038.0,102,77828,3104780.0,3044.0,2,3038.0,8
rb1805,20170703,20170630,210005000,3038.0,102,77828,3104780.0,3044.0,8,3042.0,2
rb1805,20170703,20170630,210005500,3042.0,106,77832,3226460.0,3043.0,1,3042.0,3
rb1805,20170703,20170630,210006000,3042.0,106,77832,3226460.0,3043.0,2,3042.0,3
rb1805,20170703,20170630,210006500,3042.0,108,77832,3287300.0,3043.0,2,3042.0,2
rb1805,20170703,20170630,210007000,3042.0,108,77832,3287300.0,3044.0,2,3042.0,2
rb1805,20170703,20170630,210007500,3043.0,112,77836,3409020.0,3043.0,4,3042.0,2
rb1805,20170703,20170630,210008000,3043.0,112,77836,3409020.0,3044.0,3,3043.0,8
rb1805,20170703,20170630,210008500,3043.0,112,77836,3409020.0,3044.0,4,3042.0,2
rb1805,20170703,20170630,210009000,3043.0,112,77836,3409020.0,3044.0,4,3043.0,1
rb1805,20170703,20170630,210009500,3043.0,112,77836,3409020.0,3044.0,5,3043.0,1
rb1805,20170703,20170630,210010000,3044.0,116,77836,3530780.0,3044.0,3,3043.0,1
rb1805,20170703,20170630,210010500,3043.0,118,77838,3591640.0,3043.0,3,3042.0,2
rb1805,20170703,20170630,210011000,3042.0,122,77838,3713320.0,3042.0,6,3038.0,8
rb1805,20170703,20170630,210012000,3042.0,122,77838,3713320.0,3042.0,6,3038.0,8
rb1805,20170703,20170630,210013000,3042.0,122,77838,3713320.0,3042.0,6,3039.0,5
rb1805,20170703,20170630,210013500,3042.0,122,77838,3713320.0,3042.0,6,3039.0,5
rb1805,20170703,20170630,210014000,3042.0,122,77838,3713320.0,3042.0,6,3038.0,8
rb1805,20170703,20170630,210014500,3042.0,122,77838,3713320.0,3042.0,6,3039.0,1
rb1805,20170703,20170630,210015000,3042.0,122,77838,3713320.0,3042.0,6,3040.0,1
rb1805,20170703,20170630,210015500,3042.0,122,77838,3713320.0,3042.0,6,3040.0,1
rb1805,20170703,20170630,210016000,3042.0,122,77838,3713320.0,3042.0,6,3040.0,1
rb1805,20170703,20170630,210016500,3042.0,122,77838,3713320.0,3042.0,6,3040.0,1
rb1805,20170703,20170630,210017000,3042.0,126,77834,3835000.0,3042.0,4,3040.0,1
rb1805,20170703,20170630,210017500,3042.0,126,77834,3835000.0,3042.0,4,3040.0,1
rb1805,20170703,20170630,210018000,3042.0,126,77834,3835000.0,3042.0,4,3040.0,1
rb1805,20170703,20170630,210018500,3040.0,128,77834,3895800.0,3040.0,4,3039.0,2
rb1805,20170703,20170630,210019000,3040.0,136,77834,4139000.0,3042.0,4,3041.0,1
rb1805,20170703,20170630,210019500,3040.0,136,77834,4139000.0,3042.0,4,3041.0,1
rb1805,20170703,20170630,210020000,3042.0,140,77834,4260640.0,3042.0,3,3040.0,1
rb1805,20170703,20170630,210020500,3042.0,140,77834,4260640.0,3042.0,3,3040.0,2
rb1805,20170703,20170630,210022500,3042.0,146,77828,4443160.0,3043.0,4,3040.0,2
rb1805,20170703,20170630,210023000,3042.0,146,77828,4443160.0,3043.0,4,3041.0,3
rb1805,20170703,20170630,210023500,3042.0,146,77828,4443160.0,3043.0,4,3041.0,3
rb1805,20170703,20170630,210024000,3042.0,146,77828,4443160.0,3043.0,4,3042.0,1
rb1805,20170703,20170630,210024500,3042.0,146,77828,4443160.0,3043.0,4,3042.0,1
rb1805,20170703,20170630,210025000,3042.0,146,77828,4443160.0,3043.0,4,3040.0,1
rb1805,20170703,20170630,210025500,3042.0,146,77828,4443160.0,3043.0,4,3041.0,6
rb1805,20170703,20170630,210026000,3042.0,146,77828,4443160.0,3043.0,4,3041.0,6
rb1805,20170703,20170630,210027000,3042.0,146,77828,4443160.0,3043.0,4,3041.0,1
rb1805,20170703,20170630,210027500,3042.0,146,77828,4443160.0,3043.0,4,3041.0,3
rb1805,20170703,20170630,210028000,3043.0,148,77828,4504020.0,3043.0,3,3041.0,3
rb1805,20170703,20170630,210028500,3043.0,148,77828,4504020.0,3043.0,3,3042.0,1
rb1805,20170703,20170630,210029000,3043.0,148,77828,4504020.0,3043.0,3,3042.0,1
rb1805,20170703,20170630,210029500,3043.0,148,77828,4504020.0,3043.0,3,3042.0,3
rb1805,20170703,20170630,210030000,3043.0,148,77828,4504020.0,3043.0,3,3042.0,4
rb1805,20170703,20170630,210031000,3043.0,148,77828,4504020.0,3043.0,3,3042.0,2
rb1805,20170703,20170630,210031500,3043.0,148,77828,4504020.0,3043.0,3,3042.0,2
rb1805,20170703,20170630,210032500,3043.0,148,77828,4504020.0,3043.0,3,3042.0,2
rb1805,20170703,20170630,210033000,3044.0,158,77820,4808360.0,3047.0,2,3044.0,1
rb1805,20170703,20170630,210033500,3044.0,162,77820,4930120.0,3044.0,1,3042.0,3
rb1805,20170703,20170630,210034000,3044.0,162,77820,4930120.0,3043.0,1,3042.0,2
rb1805,20170703,20170630,210034500,3044.0,164,77818,4991000.0,3046.0,2,3043.0,1
rb1805,20170703,20170630,210035000,3047.0,170,77822,5173780.0,3047.0,1,3042.0,6
rb1805,20170703,20170630,210035500,3047.0,170,77822,5173780.0,3046.0,1,3042.0,5
rb1805,20170703,20170630,210036500,3047.0,170,77822,5173780.0,3046.0,1,3042.0,7
rb1805,20170703,20170630,210037000,3047.0,170,77822,5173780.0,3047.0,1,3042.0,5
rb1805,20170703,20170630,210037500,3047.0,170,77822,5173780.0,3047.0,2,3042.0,5
rb1805,20170703,20170630,210038000,3047.0,170,77822,5173780.0,3047.0,2,3042.0,6
rb1805,20170703,20170630,210038500,3047.0,170,77822,5173780.0,3047.0,2,3042.0,6
rb1805,20170703,20170630,210039500,3047.0,170,77822,5173780.0,3047.0,2,3042.0,5
rb1805,20170703,20170630,210040000,3047.0,170,77822,5173780.0,3047.0,5,3042.0,5
rb1805,20170703,20170630,210041500,3047.0,170,77822,5173780.0,3047.0,5,3043.0,1
rb1805,20170703,20170630,210042000,3047.0,170,77822,5173780.0,3047.0,5,3043.0,2
rb1805,20170703,20170630,210042500,3047.0,170,77822,5173780.0,3047.0,1,3043.0,2
rb1805,20170703,20170630,210043000,3047.0,170,77822,5173780.0,3047.0,2,3043.0,2
rb1805,20170703,20170630,210043500,3047.0,170,77822,5173780.0,3047.0,2,3043.0,2
rb1805,20170703,20170630,210044500,3043.0,172,77822,5234640.0,3047.0,2,3043.0,1
rb1805,20170703,20170630,210045500,3043.0,172,77822,5234640.0,3046.0,1,3043.0,1
rb1805,20170703,20170630,210046000,3043.0,172,77822,5234640.0,3046.0,1,3044.0,2
rb1805,20170703,20170630,210046500,3043.0,172,77822,5234640.0,3046.0,1,3044.0,2
rb1805,20170703,20170630,210047500,3043.0,172,77822,5234640.0,3046.0,1,3044.0,2
rb1805,20170703,20170630,210048500,3043.0,172,77822,5234640.0,3046.0,1,3044.0,3
rb1805,20170703,20170630,210049000,3043.0,172,77822,5234640.0,3046.0,1,3044.0,3
rb1805,20170703,20170630,210049500,3043.0,172,77822,5234640.0,3046.0,1,3044.0,3
rb1805,20170703,20170630,210051500,3043.0,172,77822,5234640.0,3046.0,2,3044.0,3
rb1805,20170703,20170630,210052500,3044.0,178,77816,5417280.0,3044.0,47,3043.0,1
rb1805,20170703,20170630,210053000,3044.0,180,77816,5478160.0,3044.0,46,3043.0,1
rb1805,20170703,20170630,210053500,3044.0,180,77816,5478160.0,3044.0,46,3043.0,1
rb1805,20170703,20170630,210054500,3044.0,180,77816,5478160.0,3044.0,46,3043.0,1
rb1805,20170703,20170630,210055000,3044.0,180,77816,5478160.0,3044.0,46,3043.0,1
rb1805,20170703,20170630,210056000,3044.0,180,77816,5478160.0,3044.0,46,3043.0,1
rb1805,20170703,20170630,210056500,3044.0,180,77816,5478160.0,3044.0,47,3043.0,1
rb1805,20170703,20170630,210057000,3044.0,180,77816,5478160.0,3044.0,47,3043.0,1
rb1805,20170703,20170630,210057500,3044.0,180,77816,5478160.0,3044.0,47,3043.0,1
rb1805,20170703,20170630,210058000,3044.0,180,77816,5478160.0,3044.0,47,3043.0,1
rb1805,20170703,20170630,210058500,3044.0,180,77816,5478160.0,3044.0,47,3043.0,1
rb1805,20170703,20170630,210100500,3044.0,180,77816,5478160.0,3044.0,47,3043.0,1
rb1805,20170703,20170630,210101000,3044.0,180,77816,5478160.0,3044.0,47,3043.0,3
rb1805,20170703,20170630,210101500,3044.0,180,77816,5478160.0,3044.0,47,3043.0,3
rb1805,20170703,20170630,210102500,3044.0,180,77816,5478160.0,3044.0,47,3043.0,1
rb1805,20170703,20170630,210103500,3044.0,180,77816,5478160.0,3044.0,47,3043.0,1
rb1805,20170703,20170630,210104000,3044.0,180,77816,5478160.0,3044.0,47,3043.0,4
rb1805,20170703,20170630,210105000,3044.0,180,77816,5478160.0,3044.0,47,3043.0,4
rb1805,20170703,20170630,210105500,3043.0,186,77816,5660740.0,3044.0,47,3043.0,1
rb1805,20170703,20170630,210106000,3043.0,186,77816,5660740.0,3044.0,47,3043.0,1
rb1805,20170703,20170630,210106500,3043.0,188,77818,5721600.0,3044.0,52,3042.0,9
rb1805,20170703,20170630,210107000,3043.0,188,77818,5721600.0,3044.0,53,3042.0,6
rb1805,20170703,20170630,210107500,3043.0,188,77818,5721600.0,3044.0,53,3043.0,3
rb1805,20170703,20170630,210108000,3043.0,188,77818,5721600.0,3044.0,48,3043.0,3
rb1805,20170703,20170630,210109000,3043.0,192,77822,5843320.0,3044.0,48,3043.0,1
rb1805,20170703,20170630,210109500,3043.0,192,77822,5843320.0,3044.0,48,3043.0,1
rb1805,20170703,20170630,210110000,3043.0,194,77822,5904180.0,3043.0,2,3042.0,4
rb1805,20170703,20170630,210110500,3043.0,194,77822,5904180.0,3043.0,2,3042.0,3
rb1805,20170703,20170630,210111000,3043.0,194,77822,5904180.0,3043.0,2,3042.0,4
rb1805,20170703,20170630,210112000,3043.0,194,77822,5904180.0,3043.0,7,3042.0,3
rb1805,20170703,20170630,210112500,3043.0,194,77822,5904180.0,3043.0,7,3042.0,4
rb1805,20170703,20170630,210113000,3043.0,194,77822,5904180.0,3043.0,7,3042.0,3
rb1805,20170703,20170630,210113500,3043.0,194,77822,5904180.0,3043.0,8,3042.0,3
rb1805,20170703,20170630,210114000,3043.0,210,77822,6391060.0,3044.0,48,3043.0,2
rb1805,20170703,20170630,210114500,3043.0,214,77826,6512780.0,3043.0,2,3042.0,3
rb1805,20170703,20170630,210115000,3043.0,214,77826,6512780.0,3044.0,48,3042.0,3
rb1805,20170703,20170630,210115500,3043.0,214,77826,6512780.0,3044.0,48,3042.0,3
rb1805,20170703,20170630,210116000,3043.0,214,77826,6512780.0,3044.0,48,3042.0,8
rb1805,20170703,20170630,210116500,3043.0,214,77826,6512780.0,3043.0,2,3042.0,8
rb1805,20170703,20170630,210117000,3043.0,214,77826,6512780.0,3043.0,2,3042.0,8
rb1805,20170703,20170630,210117500,3043.0,216,77828,6573640.0,3043.0,4,3042.0,8
rb1805,20170703,20170630,210118000,3043.0,216,77828,6573640.0,3043.0,4,3042.0,8
rb1805,20170703,20170630,210119500,3043.0,216,77828,6573640.0,3043.0,4,3042.0,8
rb1805,20170703,20170630,210120000,3043.0,224,77828,6817080.0,3044.0,47,3043.0,4
rb1805,20170703,20170630,210120500,3043.0,224,77828,6817080.0,3044.0,47,3042.0,8
rb1805,20170703,20170630,210121000,3042.0,234,77820,7121280.0,3044.0,47,3042.0,3
rb1805,20170703,20170630,210121500,3042.0,234,77820,7121280.0,3043.0,1,3042.0,3
rb1805,20170703,20170630,210122000,3042.0,234,77820,7121280.0,3043.0,1,3042.0,3
rb1805,20170703,20170630,210122500,3042.0,234,77820,7121280.0,3043.0,1,3042.0,4
rb1805,20170703,20170630,210123000,3042.0,234,77820,7121280.0,3043.0,1,3042.0,1
rb1805,20170703,20170630,210124000,3042.0,234,77820,7121280.0,3043.0,2,3042.0,1
rb1805,20170703,20170630,210127000,3042.0,234,77820,7121280.0,3043.0,2,3042.0,3
rb1805,20170703,20170630,210127500,3043.0,236,77820,7182140.0,3043.0,1,3042.0,3
rb1805,20170703,20170630,210128000,3042.0,238,77820,7242980.0,3043.0,1,3042.0,2
rb1805,20170703,20170630,210132000,3043.0,242,77818,7364680.0,3044.0,47,3042.0,2
rb1805,20170703,20170630,210132500,3043.0,242,77818,7364680.0,3044.0,48,3042.0,2
rb1805,20170703,20170630,210133000,3043.0,242,77818,7364680.0,3044.0,50,3042.0,2
rb1805,20170703,20170630,210133500,3043.0,242,77818,7364680.0,3044.0,50,3042.0,51
rb1805,20170703,20170630,210134000,3043.0,242,77818,7364680.0,3043.0,1,3042.0,1
rb1805,20170703,20170630,210134500,3043.0,242,77818,7364680.0,3043.0,1,3042.0,1
rb1805,20170703,20170630,210136000,3043.0,242,77818,7364680.0,3043.0,1,3042.0,2
rb1805,20170703,20170630,210136500,3043.0,242,77818,7364680.0,3043.0,3,3042.0,2
rb1805,20170703,20170630,210137000,3043.0,242,77818,7364680.0,3043.0,1,3042.0,1
rb1805,20170703,20170630,210138000,3043.0,242,77818,7364680.0,3043.0,1,3042.0,2
rb1805,20170703,20170630,210139000,3043.0,242,77818,7364680.0,3043.0,1,3042.0,2
rb1805,20170703,20170630,210139500,3043.0,242,77818,7364680.0,3043.0,2,3042.0,2
rb1805,20170703,20170630,210140000,3043.0,242,77818,7364680.0,3043.0,2,3042.0,52
rb1805,20170703,20170630,210140500,3043.0,242,77818,7364680.0,3043.0,2,3042.0,52
rb1805,20170703,20170630,210141000,3043.0,242,77818,7364680.0,3043.0,2,3042.0,55
rb1805,20170703,20170630,210141500,3043.0,242,77818,7364680.0,3043.0,2,3042.0,54
rb1805,20170703,20170630,210142500,3043.0,242,77818,7364680.0,3043.0,2,3042.0,4
rb1805,20170703,20170630,210143000,3043.0,242,77818,7364680.0,3043.0,2,3042.0,1
rb1805,20170703,20170630,210143500,3042.0,244,77816,7425520.0,3043.0,2,3041.0,1
rb1805,20170703,20170630,210145000,3042.0,244,77816,7425520.0,3043.0,4,3041.0,1
rb1805,20170703,20170630,210146000,3042.0,244,77816,7425520.0,3043.0,4,3041.0,1
rb1805,20170703,20170630,210146500,3041.0,246,77816,7486340.0,3041.0,2,3040.0,13
rb1805,20170703,20170630,210147000,3041.0,248,77816,7547160.0,3042.0,4,3041.0,2
rb1805,20170703,20170630,210147500,3042.0,258,77820,7851280.0,3042.0,3,3040.0,13
rb1805,20170703,20170630,210148000,3042.0,258,77820,7851280.0,3042.0,5,3040.0,13
rb1805,20170703,20170630,210148500,3042.0,258,77820,7851280.0,3042.0,5,3040.0,13
rb1805,20170703,20170630,210149000,3042.0,258,77820,7851280.0,3042.0,5,3040.0,13
rb1805,20170703,20170630,210151500,3042.0,258,77820,7851280.0,3042.0,5,3040.0,13
rb1805,20170703,20170630,210152000,3042.0,258,77820,7851280.0,3041.0,1,3040.0,13
rb1805,20170703,20170630,210152500,3040.0,260,77822,7912080.0,3041.0,3,3040.0,12
rb1805,20170703,20170630,210154000,3040.0,260,77822,7912080.0,3041.0,3,3040.0,12
rb1805,20170703,20170630,210154500,3040.0,260,77822,7912080.0,3041.0,4,3040.0,12
rb1805,20170703,20170630,210155000,3040.0,276,77838,8398480.0,3041.0,3,3040.0,4
rb1805,20170703,20170630,210155500,3040.0,280,77842,8520080.0,3041.0,4,3040.0,2
rb1805,20170703,20170630,210156000,3040.0,284,77846,8641680.0,3041.0,4,3038.0,8
rb1805,20170703,20170630,210156500,3040.0,284,77846,8641680.0,3041.0,4,3038.0,8
rb1805,20170703,20170630,210158000,3040.0,284,77846,8641680.0,3040.0,6,3038.0,14
rb1805,20170703,20170630,210158500,3040.0,302,77834,9188880.0,3040.0,7,3039.0,2
rb1805,20170703,20170630,210159000,3040.0,302,77834,9188880.0,3040.0,9,3039.0,3
rb1805,20170703,20170630,210159500,3040.0,302,77834,9188880.0,3040.0,10,3039.0,3
rb1805,20170703,20170630,210200000,3040.0,302,77834,9188880.0,3040.0,10,3039.0,3
rb1805,20170703,20170630,210200500,3040.0,302,77834,9188880.0,3040.0,10,3039.0,2
rb1805,20170703,20170630,210202000,3040.0,302,77834,9188880.0,3040.0,10,3039.0,2
rb1805,20170703,20170630,210203500,3040.0,302,77834,9188880.0,3040.0,10,3039.0,2
rb1805,20170703,20170630,210204000,3039.0,304,77834,9249660.0,3040.0,10,3039.0,2
rb1805,20170703,20170630,210204500,3039.0,304,77834,9249660.0,3040.0,11,3039.0,2
rb1805,20170703,20170630,210206000,3039.0,306,77834,9310440.0,3040.0,11,3039.0,1
rb1805,20170703,20170630,210206500,3039.0,306,77834,9310440.0,3040.0,11,3039.0,2
rb1805,20170703,20170630,210207500,3039.0,306,77834,9310440.0,3040.0,11,3039.0,2
rb1805,20170703,20170630,210208500,3039.0,306,77834,9310440.0,3040.0,11,3039.0,2
rb1805,20170703,20170630,210209000,3040.0,328,77846,9979240.0,3041.0,2,3039.0,8
rb1805,20170703,20170630,210209500,3040.0,328,77846,9979240.0,3041.0,2,3039.0,8
rb1805,20170703,20170630,210212500,3040.0,328,77846,9979240.0,3041.0,2,3039.0,8
rb1805,20170703,20170630,210213500,3040.0,328,77846,9979240.0,3041.0,2,3039.0,8
rb1805,20170703,20170630,210214500,3040.0,328,77846,9979240.0,3041.0,2,3039.0,8
rb1805,20170703,20170630,210215000,3040.0,328,77846,9979240.0,3041.0,2,3039.0,57
rb1805,20170703,20170630,210217000,3040.0,328,77846,9979240.0,3041.0,5,3039.0,57
rb1805,20170703,20170630,210219000,3040.0,328,77846,9979240.0,3041.0,5,3039.0,57
rb1805,20170703,20170630,210220000,3040.0,328,77846,9979240.0,3041.0,3,3039.0,57
rb1805,20170703,20170630,210222000,3040.0,328,77846,9979240.0,3041.0,3,3039.0,57
rb1805,20170703,20170630,210223000,3040.0,328,77846,9979240.0,3041.0,3,3039.0,7
rb1805,20170703,20170630,210224500,3040.0,328,77846,9979240.0,3041.0,3,3039.0,7
rb1805,20170703,20170630,210225000,3040.0,328,77846,9979240.0,3041.0,3,3039.0,7
rb1805,20170703,20170630,210225500,3039.0,342,77844,10404700.0,3039.0,43,3038.0,14
rb1805,20170703,20170630,210226000,3039.0,342,77844,10404700.0,3039.0,43,3038.0,13
rb1805,20170703,20170630,210226500,3039.0,342,77844,10404700.0,3039.0,43,3038.0,13
rb1805,20170703,20170630,210227500,3039.0,428,77758,13018240.0,3041.0,3,3039.0,7
rb1805,20170703,20170630,210228000,3039.0,428,77758,13018240.0,3041.0,4,3039.0,7
rb1805,20170703,20170630,210228500,3039.0,428,77758,13018240.0,3041.0,4,3038.0,8
rb1805,20170703,20170630,210229000,3039.0,428,77758,13018240.0,3041.0,9,3038.0,11
rb1805,20170703,20170630,210229500,3039.0,428,77758,13018240.0,3041.0,9,3038.0,11
rb1805,20170703,20170630,210232000,3039.0,428,77758,13018240.0,3041.0,8,3038.0,11
rb1805,20170703,20170630,210233500,3039.0,428,77758,13018240.0,3041.0,8,3038.0,11
rb1805,20170703,20170630,210234500,3039.0,428,77758,13018240.0,3041.0,9,3040.0,5
rb1805,20170703,20170630,210235500,3040.0,432,77756,13139840.0,3041.0,9,3040.0,3
rb1805,20170703,20170630,210236000,3040.0,432,77756,13139840.0,3041.0,4,3040.0,3
rb1805,20170703,20170630,210236500,3040.0,432,77756,13139840.0,3041.0,3,3040.0,3
rb1805,20170703,20170630,210237500,3040.0,432,77756,13139840.0,3041.0,3,3040.0,3
rb1805,20170703,20170630,210239500,3040.0,432,77756,13139840.0,3041.0,3,3040.0,3
rb1805,20170703,20170630,210240500,3040.0,432,77756,13139840.0,3041.0,3,3040.0,3
rb1805,20170703,20170630,210241000,3040.0,432,77756,13139840.0,3041.0,3,3040.0,3
rb1805,20170703,20170630,210241500,3040.0,438,77750,13322240.0,3040.0,4,3039.0,2
rb1805,20170703,20170630,210242000,3040.0,438,77750,13322240.0,3041.0,3,3039.0,2
rb1805,20170703,20170630,210242500,3040.0,438,77750,13322240.0,3041.0,4,3039.0,2
rb1805,20170703,20170630,210243000,3039.0,442,77746,13443800.0,3039.0,3,3038.0,11
rb1805,20170703,20170630,210243500,3039.0,442,77746,13443800.0,3040.0,2,3038.0,8
rb1805,20170703,20170630,210244000,3038.0,444,77746,13504560.0,3040.0,7,3038.0,7
rb1805,20170703,20170630,210244500,3038.0,456,77752,13869120.0,3040.0,10,3038.0,1
rb1805,20170703,20170630,210245000,3038.0,456,77752,13869120.0,3039.0,1,3038.0,1
rb1805,20170703,20170630,210245500,3038.0,458,77752,13929880.0,3039.0,6,3037.0,2
rb1805,20170703,20170630,210248500,3037.0,462,77752,14051360.0,3037.0,28,3036.0,1
rb1805,20170703,20170630,210249000,3037.0,496,77732,15083940.0,3037.0,11,3036.0,3
rb1805,20170703,20170630,210249500,3037.0,502,77732,15266160.0,3037.0,8,3036.0,4
rb1805,20170703,20170630,210250000,3037.0,502,77732,15266160.0,3037.0,8,3036.0,4
rb1805,20170703,20170630,210250500,3037.0,502,77732,15266160.0,3037.0,8,3036.0,4
rb1805,20170703,20170630,210251000,3037.0,510,77732,15509120.0,3037.0,4,3036.0,6
rb1805,20170703,20170630,210251500,3036.0,518,77734,15752060.0,3037.0,1,3036.0,5
rb1805,20170703,20170630,210252000,3037.0,520,77734,15812800.0,3040.0,10,3036.0,5
rb1805,20170703,20170630,210252500,3037.0,520,77734,15812800.0,3040.0,11,3036.0,5
rb1805,20170703,20170630,210253000,3037.0,520,77734,15812800.0,3037.0,1,3036.0,5
rb1805,20170703,20170630,210254500,3037.0,522,77732,15873540.0,3040.0,11,3037.0,1
rb1805,20170703,20170630,210255000,3037.0,522,77732,15873540.0,3040.0,11,3036.0,2
rb1805,20170703,20170630,210255500,3037.0,522,77732,15873540.0,3040.0,11,3037.0,2
rb1805,20170703,20170630,210256500,3037.0,522,77732,15873540.0,3040.0,11,3037.0,1
rb1805,20170703,20170630,210257000,3037.0,522,77732,15873540.0,3039.0,3,3037.0,1
rb1805,20170703,20170630,210257500,3037.0,522,77732,15873540.0,3039.0,3,3037.0,1
rb1805,20170703,20170630,210258000,3037.0,522,77732,15873540.0,3039.0,3,3037.0,1
rb1805,20170703,20170630,210258500,3037.0,524,77734,15934280.0,3039.0,3,3036.0,1
rb1805,20170703,20170630,210259000,3037.0,524,77734,15934280.0,3039.0,5,3036.0,3
rb1805,20170703,20170630,210259500,3037.0,524,77734,15934280.0,3039.0,5,3036.0,3
rb1805,20170703,20170630,210300000,3037.0,524,77734,15934280.0,3039.0,5,3037.0,8
rb1805,20170703,20170630,210300500,3037.0,524,77734,15934280.0,3039.0,5,3037.0,10
rb1805,20170703,20170630,210301000,3037.0,524,77734,15934280.0,3039.0,5,3036.0,3
rb1805,20170703,20170630,210301500,3039.0,526,77734,15995060.0,3038.0,6,3036.0,5
rb1805,20170703,20170630,210302000,3039.0,526,77734,15995060.0,3038.0,6,3036.0,6
rb1805,20170703,20170630,210302500,3039.0,526,77734,15995060.0,3038.0,11,3036.0,3
rb1805,20170703,20170630,210303000,3039.0,526,77734,15995060.0,3038.0,11,3036.0,5
rb1805,20170703,20170630,210303500,3036.0,532,77736,16177220.0,3036.0,2,3035.0,2
rb1805,20170703,20170630,210304000,3036.0,536,77738,16298660.0,3038.0,11,3036.0,1
rb1805,20170703,20170630,210304500,3036.0,536,77738,16298660.0,3038.0,11,3035.0,4
rb1805,20170703,20170630,210305000,3036.0,536,77738,16298660.0,3038.0,11,3036.0,4
rb1805,20170703,20170630,210305500,3036.0,536,77738,16298660.0,3038.0,12,3036.0,4
rb1805,20170703,20170630,210306000,3036.0,536,77738,16298660.0,3038.0,12,3036.0,2
rb1805,20170703,20170630,210307500,3036.0,536,77738,16298660.0,3038.0,12,3036.0,3
rb1805,20170703,20170630,210308000,3036.0,536,77738,16298660.0,3038.0,12,3037.0,3
rb1805,20170703,20170630,210308500,3036.0,536,77738,16298660.0,3038.0,12,3037.0,3
rb1805,20170703,20170630,210309500,3038.0,558,77726,16967020.0,3038.0,1,3036.0,1
rb1805,20170703,20170630,210310000,3038.0,558,77726,16967020.0,3038.0,1,3037.0,2
rb1805,20170703,20170630,210310500,3038.0,558,77726,16967020.0,3038.0,1,3037.0,3
rb1805,20170703,20170630,210311500,3038.0,558,77726,16967020.0,3038.0,1,3037.0,3
rb1805,20170703,20170630,210312500,3037.0,560,77724,17027760.0,3038.0,1,3037.0,2
rb1805,20170703,20170630,210313000,3037.0,560,77724,17027760.0,3038.0,1,3037.0,7
rb1805,20170703,20170630,210313500,3039.0,564,77724,17149300.0,3039.0,6,3038.0,4
rb1805,20170703,20170630,210314000,3039.0,564,77724,17149300.0,3039.0,1,3038.0,2
rb1805,20170703,20170630,210314500,3039.0,564,77724,17149300.0,3039.0,1,3038.0,3
rb1805,20170703,20170630,210315000,3039.0,564,77724,17149300.0,3039.0,1,3038.0,3
rb1805,20170703,20170630,210315500,3039.0,564,77724,17149300.0,3039.0,1,3038.0,4
rb1805,20170703,20170630,210316000,3039.0,564,77724,17149300.0,3039.0,1,3038.0,4
rb1805,20170703,20170630,210316500,3039.0,564,77724,17149300.0,3039.0,1,3038.0,5
rb1805,20170703,20170630,210317000,3039.0,564,77724,17149300.0,3039.0,1,3038.0,10
rb1805,20170703,20170630,210318000,3039.0,564,77724,17149300.0,3039.0,1,3038.0,10
rb1805,20170703,20170630,210318500,3039.0,564,77724,17149300.0,3039.0,1,3038.0,10
rb1805,20170703,20170630,210320000,3039.0,564,77724,17149300.0,3039.0,1,3038.0,15
rb1805,20170703,20170630,210320500,3039.0,566,77726,17210080.0,3040.0,11,3039.0,2
rb1805,20170703,20170630,210321000,3039.0,572,77724,17392420.0,3039.0,2,3038.0,12
rb1805,20170703,20170630,210321500,3039.0,572,77724,17392420.0,3040.0,6,3038.0,14
rb1805,20170703,20170630,210322000,3039.0,572,77724,17392420.0,3040.0,6,3038.0,13
rb1805,20170703,20170630,210322500,3040.0,574,77726,17453220.0,3040.0,11,3038.0,11
rb1805,20170703,20170630,210324000,3040.0,574,77726,17453220.0,3040.0,11,3038.0,13
rb1805,20170703,20170630,210325500,3040.0,574,77726,17453220.0,3040.0,10,3038.0,13
rb1805,20170703,20170630,210326000,3040.0,574,77726,17453220.0,3040.0,11,3038.0,13
rb1805,20170703,20170630,210326500,3040.0,574,77726,17453220.0,3040.0,11,3038.0,12
rb1805,20170703,20170630,210327000,3040.0,574,77726,17453220.0,3040.0,11,3038.0,14
rb1805,20170703,20170630,210327500,3040.0,574,77726,17453220.0,3040.0,12,3038.0,14
rb1805,20170703,20170630,210328000,3040.0,574,77726,17453220.0,3040.0,11,3039.0,3
rb1805,20170703,20170630,210328500,3039.0,580,77720,17635560.0,3039.0,3,3038.0,12
rb1805,20170703,20170630,210329000,3039.0,580,77720,17635560.0,3040.0,11,3038.0,12
rb1805,20170703,20170630,210330000,3039.0,580,77720,17635560.0,3040.0,11,3038.0,12
rb1805,20170703,20170630,210331000,3039.0,580,77720,17635560.0,3040.0,11,3038.0,17
rb1805,20170703,20170630,210331500,3039.0,580,77720,17635560.0,3040.0,6,3038.0,20
rb1805,20170703,20170630,210332500,3039.0,580,77720,17635560.0,3040.0,6,3038.0,20
rb1805,20170703,20170630,210333000,3038.0,584,77718,17757080.0,3040.0,6,3038.0,17
rb1805,20170703,20170630,210333500,3038.0,584,77718,17757080.0,3040.0,6,3039.0,1
rb1805,20170703,20170630,210334000,3038.0,584,77718,17757080.0,3040.0,6,3039.0,3
rb1805,20170703,20170630,210336000,3038.0,584,77718,17757080.0,3040.0,6,3039.0,8
rb1805,20170703,20170630,210337000,3039.0,586,77718,17817860.0,3040.0,6,3039.0,7
rb1805,20170703,20170630,210338500,3039.0,586,77718,17817860.0,3040.0,6,3039.0,7
rb1805,20170703,20170630,210339500,3039.0,586,77718,17817860.0,3040.0,6,3039.0,2
rb1805,20170703,20170630,210340500,3039.0,586,77718,17817860.0,3040.0,6,3039.0,8
rb1805,20170703,20170630,210341000,3039.0,626,77710,19033640.0,3039.0,37,3038.0,14
rb1805,20170703,20170630,210341500,3039.0,700,77696,21282500.0,3041.0,3,3040.0,6
rb1805,20170703,20170630,210342000,3041.0,714,77696,21708240.0,3042.0,2,3041.0,2
rb1805,20170703,20170630,210342500,3043.0,726,77696,22073360.0,3044.0,47,3041.0,5
rb1805,20170703,20170630,210343000,3043.0,728,77696,22134220.0,3043.0,1,3042.0,5
rb1805,20170703,20170630,210343500,3043.0,728,77696,22134220.0,3043.0,1,3042.0,1
rb1805,20170703,20170630,210344000,3044.0,762,77698,23169160.0,3044.0,36,3042.0,1
rb1805,20170703,20170630,210344500,3044.0,762,77698,23169160.0,3044.0,36,3042.0,1
rb1805,20170703,20170630,210345500,3044.0,762,77698,23169160.0,3044.0,42,3041.0,2
rb1805,20170703,20170630,210348000,3044.0,762,77698,23169160.0,3044.0,42,3042.0,2
rb1805,20170703,20170630,210348500,3044.0,762,77698,23169160.0,3044.0,36,3042.0,2
rb1805,20170703,20170630,210349500,3044.0,762,77698,23169160.0,3044.0,36,3042.0,2
rb1805,20170703,20170630,210351000,3044.0,762,77698,23169160.0,3044.0,36,3041.0,2
rb1805,20170703,20170630,210351500,3044.0,774,77686,23534440.0,3044.0,30,3042.0,2
rb1805,20170703,20170630,210352000,3044.0,774,77686,23534440.0,3044.0,30,3042.0,2
rb1805,20170703,20170630,210353000,3044.0,774,77686,23534440.0,3044.0,30,3042.0,2
rb1805,20170703,20170630,210353500,3042.0,778,77682,23656120.0,3042.0,3,3041.0,2
rb1805,20170703,20170630,210354000,3042.0,780,77680,23716960.0,3044.0,30,3042.0,3
rb1805,20170703,20170630,210354500,3042.0,780,77680,23716960.0,3044.0,30,3041.0,2
rb1805,20170703,20170630,210355000,3042.0,780,77680,23716960.0,3043.0,2,3041.0,2
rb1805,20170703,20170630,210356000,3042.0,780,77680,23716960.0,3043.0,2,3041.0,5
rb1805,20170703,20170630,210356500,3042.0,780,77680,23716960.0,3043.0,2,3042.0,1
rb1805,20170703,20170630,210357500,3043.0,784,77680,23838680.0,3044.0,30,3043.0,1
rb1805,20170703,20170630,210358000,3043.0,786,77678,23899540.0,3043.0,2,3042.0,1
rb1805,20170703,20170630,210358500,3043.0,786,77678,23899540.0,3043.0,15,3042.0,1
rb1805,20170703,20170630,210359000,3043.0,786,77678,23899540.0,3043.0,16,3042.0,1
rb1805,20170703,20170630,210400500,3043.0,786,77678,23899540.0,3043.0,16,3042.0,5
rb1805,20170703,20170630,210401500,3043.0,786,77678,23899540.0,3043.0,16,3042.0,5
rb1805,20170703,20170630,210402000,3043.0,786,77678,23899540.0,3043.0,17,3042.0,5
rb1805,20170703,20170630,210402500,3043.0,794,77670,24142980.0,3043.0,13,3042.0,5
rb1805,20170703,20170630,210403000,3043.0,794,77670,24142980.0,3043.0,13,3042.0,55
rb1805,20170703,20170630,210403500,3043.0,818,77648,24873300.0,3044.0,26,3043.0,4
rb1805,20170703,20170630,210404000,3042.0,828,77648,25177580.0,3043.0,17,3042.0,55
rb1805,20170703,20170630,210404500,3042.0,828,77648,25177580.0,3043.0,15,3042.0,5
rb1805,20170703,20170630,210406000,3043.0,864,77612,26273060.0,3044.0,26,3043.0,32
rb1805,20170703,20170630,210406500,3043.0,868,77610,26394780.0,3044.0,26,3043.0,30
rb1805,20170703,20170630,210407500,3043.0,870,77608,26455640.0,3044.0,27,3042.0,5
rb1805,20170703,20170630,210408000,3043.0,870,77608,26455640.0,3044.0,26,3043.0,5
rb1805,20170703,20170630,210408500,3043.0,870,77608,26455640.0,3044.0,26,3042.0,2
rb1805,20170703,20170630,210409000,3043.0,870,77608,26455640.0,3044.0,26,3043.0,1
rb1805,20170703,20170630,210409500,3043.0,872,77606,26516500.0,3043.0,1,3042.0,2
rb1805,20170703,20170630,210410000,3043.0,872,77606,26516500.0,3043.0,1,3042.0,2
rb1805,20170703,20170630,210411000,3043.0,872,77606,26516500.0,3043.0,1,3042.0,2
rb1805,20170703,20170630,210411500,3043.0,874,77604,26577360.0,3044.0,27,3043.0,4
rb1805,20170703,20170630,210412000,3044.0,892,77600,27125140.0,3043.0,2,3042.0,2
rb1805,20170703,20170630,210412500,3044.0,892,77600,27125140.0,3043.0,1,3042.0,2
rb1805,20170703,20170630,210414000,3044.0,892,77600,27125140.0,3043.0,2,3042.0,2
rb1805,20170703,20170630,210415500,3044.0,892,77600,27125140.0,3043.0,1,3042.0,2
rb1805,20170703,20170630,210416000,3044.0,892,77600,27125140.0,3043.0,1,3042.0,3
rb1805,20170703,20170630,210417000,3044.0,892,77600,27125140.0,3043.0,1,3042.0,5
rb1805,20170703,20170630,210417500,3044.0,892,77600,27125140.0,3043.0,1,3042.0,2
rb1805,20170703,20170630,210418000,3044.0,892,77600,27125140.0,3043.0,1,3042.0,6
rb1805,20170703,20170630,210418500,3044.0,892,77600,27125140.0,3043.0,1,3042.0,6
rb1805,20170703,20170630,210419000,3044.0,892,77600,27125140.0,3043.0,1,3042.0,6
rb1805,20170703,20170630,210419500,3044.0,892,77600,27125140.0,3043.0,1,3042.0,2
rb1805,20170703,20170630,210420500,3044.0,892,77600,27125140.0,3043.0,1,3042.0,9
rb1805,20170703,20170630,210421500,3044.0,892,77600,27125140.0,3043.0,2,3042.0,9
rb1805,20170703,20170630,210424500,3044.0,892,77600,27125140.0,3043.0,2,3042.0,2
rb1805,20170703,20170630,210426000,3044.0,892,77600,27125140.0,3043.0,2,3042.0,4
rb1805,20170703,20170630,210426500,3043.0,894,77598,27186000.0,3043.0,1,3042.0,4
rb1805,20170703,20170630,210427000,3043.0,894,77598,27186000.0,3043.0,1,3042.0,4
rb1805,20170703,20170630,210427500,3043.0,894,77598,27186000.0,3043.0,1,3042.0,10
rb1805,20170703,20170630,210428000,3043.0,894,77598,27186000.0,3043.0,1,3042.0,4
rb1805,20170703,20170630,210428500,3043.0,894,77598,27186000.0,3043.0,1,3042.0,4
rb1805,20170703,20170630,210429000,3043.0,894,77598,27186000.0,3043.0,1,3042.0,11
rb1805,20170703,20170630,210429500,3043.0,898,77594,27307720.0,3044.0,25,3042.0,11
rb1805,20170703,20170630,210430000,3042.0,900,77594,27368560.0,3044.0,25,3042.0,10
rb1805,20170703,20170630,210430500,3042.0,900,77594,27368560.0,3043.0,1,3042.0,10
rb1805,20170703,20170630,210431000,3043.0,902,77594,27429420.0,3044.0,25,3043.0,2
rb1805,20170703,20170630,210431500,3044.0,906,77590,27551180.0,3044.0,23,3043.0,2
rb1805,20170703,20170630,210432000,3044.0,920,77576,27977340.0,3044.0,16,3043.0,2
rb1805,20170703,20170630,210432500,3044.0,928,77568,28220860.0,3044.0,12,3043.0,2
rb1805,20170703,20170630,210433000,3044.0,952,77560,28951420.0,3045.0,1,3043.0,2
rb1805,20170703,20170630,210433500,3044.0,952,77560,28951420.0,3045.0,1,3043.0,6
rb1805,20170703,20170630,210434000,3045.0,954,77560,29012320.0,3046.0,10,3043.0,7
rb1805,20170703,20170630,210434500,3045.0,954,77560,29012320.0,3046.0,10,3044.0,1
rb1805,20170703,20170630,210435000,3046.0,974,77540,29621520.0,3047.0,2,3045.0,5
rb1805,20170703,20170630,210435500,3045.0,976,77540,29682420.0,3047.0,3,3045.0,7
rb1805,20170703,20170630,210436500,3045.0,976,77540,29682420.0,3047.0,8,3045.0,4
rb1805,20170703,20170630,210437000,3045.0,976,77540,29682420.0,3047.0,8,3045.0,4
rb1805,20170703,20170630,210437500,3047.0,992,77526,30169940.0,3047.0,5,3045.0,4
rb1805,20170703,20170630,210438500,3047.0,992,77526,30169940.0,3047.0,6,3045.0,4
rb1805,20170703,20170630,210440500,3047.0,992,77526,30169940.0,3048.0,2,3045.0,9
rb1805,20170703,20170630,210441000,3047.0,992,77526,30169940.0,3048.0,3,3045.0,10
rb1805,20170703,20170630,210441500,3047.0,992,77526,30169940.0,3048.0,8,3045.0,10
rb1805,20170703,20170630,210442000,3047.0,992,77526,30169940.0,3048.0,7,3045.0,10
rb1805,20170703,20170630,210442500,3047.0,992,77526,30169940.0,3048.0,7,3045.0,13
rb1805,20170703,20170630,210443000,3048.0,994,77526,30230900.0,3048.0,6,3045.0,18
rb1805,20170703,20170630,210443500,3048.0,994,77526,30230900.0,3048.0,7,3045.0,19
rb1805,20170703,20170630,210444000,3048.0,994,77526,30230900.0,3048.0,6,3045.0,19
rb1805,20170703,20170630,210445000,3048.0,994,77526,30230900.0,3048.0,1,3045.0,19
rb1805,20170703,20170630,210445500,3048.0,994,77526,30230900.0,3048.0,1,3045.0,19
rb1805,20170703,20170630,210446000,3048.0,994,77526,30230900.0,3048.0,1,3046.0,20
rb1805,20170703,20170630,210446500,3048.0,994,77526,30230900.0,3048.0,1,3046.0,22
rb1805,20170703,20170630,210447000,3048.0,996,77526,30291860.0,3049.0,2,3046.0,24
rb1805,20170703,20170630,210447500,3048.0,996,77526,30291860.0,3049.0,8,3048.0,2
rb1805,20170703,20170630,210448000,3048.0,1000,77522,30413780.0,3048.0,5,3046.0,27
rb1805,20170703,20170630,210448500,3046.0,1002,77522,30474700.0,3048.0,1,3046.0,9
rb1805,20170703,20170630,210449000,3046.0,1002,77522,30474700.0,3048.0,1,3046.0,9
rb1805,20170703,20170630,210449500,3046.0,1002,77522,30474700.0,3048.0,7,3046.0,6
rb1805,20170703,20170630,210450000,3046.0,1002,77522,30474700.0,3048.0,8,3046.0,6
rb1805,20170703,20170630,210450500,3048.0,1004,77522,30535660.0,3048.0,7,3046.0,6
rb1805,20170703,20170630,210451000,3048.0,1006,77522,30596620.0,3048.0,7,3046.0,11
rb1805,20170703,20170630,210451500,3048.0,1006,77522,30596620.0,3048.0,3,3046.0,11
rb1805,20170703,20170630,210452000,3048.0,1006,77522,30596620.0,3048.0,3,3046.0,13
rb1805,20170703,20170630,210452500,3048.0,1006,77522,30596620.0,3048.0,3,3046.0,13
rb1805,20170703,20170630,210453000,3048.0,1006,77522,30596620.0,3048.0,3,3046.0,14
rb1805,20170703,20170630,210454500,3048.0,1006,77522,30596620.0,3048.0,4,3046.0,14
rb1805,20170703,20170630,210455000,3048.0,1006,77522,30596620.0,3048.0,4,3046.0,16
rb1805,20170703,20170630,210456500,3048.0,1006,77522,30596620.0,3048.0,4,3046.0,16
rb1805,20170703,20170630,210457000,3048.0,1012,77516,30779500.0,3048.0,2,3046.0,16
rb1805,20170703,20170630,210457500,3048.0,1014,77516,30840460.0,3048.0,2,3046.0,16
rb1805,20170703,20170630,210458500,3048.0,1014,77516,30840460.0,3048.0,6,3046.0,13
rb1805,20170703,20170630,210459000,3048.0,1016,77518,30901420.0,3048.0,6,3046.0,13
rb1805,20170703,20170630,210500000,3048.0,1016,77518,30901420.0,3048.0,6,3046.0,13
rb1805,20170703,20170630,210500500,3047.0,1032,77520,31388800.0,3047.0,1,3046.0,2
rb1805,20170703,20170630,210501000,3047.0,1032,77520,31388800.0,3047.0,1,3046.0,2
rb1805,20170703,20170630,210501500,3046.0,1038,77526,31571560.0,3046.0,3,3045.0,10
rb1805,20170703,20170630,210502000,3046.0,1038,77526,31571560.0,3047.0,6,3045.0,5
rb1805,20170703,20170630,210502500,3046.0,1040,77526,31632480.0,3047.0,6,3045.0,5
rb1805,20170703,20170630,210503500,3047.0,1042,77528,31693420.0,3047.0,5,3045.0,5
rb1805,20170703,20170630,210504000,3047.0,1042,77528,31693420.0,3047.0,5,3045.0,1
rb1805,20170703,20170630,210504500,3045.0,1044,77530,31754320.0,3045.0,2,3043.0,1
rb1805,20170703,20170630,210505000,3045.0,1044,77530,31754320.0,3045.0,6,3043.0,1
rb1805,20170703,20170630,210506000,3045.0,1044,77530,31754320.0,3044.0,1,3043.0,1
rb1805,20170703,20170630,210506500,3043.0,1046,77532,31815180.0,3043.0,3,3042.0,3
rb1805,20170703,20170630,210507000,3042.0,1052,77534,31997700.0,3043.0,6,3041.0,3
rb1805,20170703,20170630,210507500,3041.0,1056,77538,32119340.0,3042.0,3,3041.0,1
rb1805,20170703,20170630,210508000,3042.0,1058,77540,32180180.0,3042.0,2,3041.0,1
rb1805,20170703,20170630,210508500,3041.0,1060,77542,32241000.0,3041.0,2,3040.0,5
rb1805,20170703,20170630,210509500,3042.0,1062,77544,32301840.0,3042.0,1,3040.0,11
rb1805,20170703,20170630,210510000,3042.0,1064,77544,32362680.0,3043.0,5,3042.0,1
rb1805,20170703,20170630,210510500,3042.0,1064,77544,32362680.0,3044.0,5,3041.0,3
rb1805,20170703,20170630,210511000,3042.0,1064,77544,32362680.0,3044.0,5,3041.0,8
rb1805,20170703,20170630,210512000,3042.0,1064,77544,32362680.0,3044.0,5,3041.0,9
rb1805,20170703,20170630,210513500,3041.0,1070,77540,32545140.0,3044.0,5,3041.0,6
rb1805,20170703,20170630,210514000,3041.0,1070,77540,32545140.0,3043.0,2,3041.0,6
rb1805,20170703,20170630,210515000,3041.0,1070,77540,32545140.0,3042.0,1,3041.0,1
rb1805,20170703,20170630,210515500,3043.0,1074,77544,32666840.0,3043.0,6,3041.0,1
rb1805,20170703,20170630,210516000,3043.0,1074,77544,32666840.0,3043.0,6,3041.0,1
rb1805,20170703,20170630,210517000,3043.0,1074,77544,32666840.0,3043.0,6,3041.0,1
rb1805,20170703,20170630,210517500,3043.0,1074,77544,32666840.0,3043.0,1,3041.0,6
rb1805,20170703,20170630,210520000,3043.0,1074,77544,32666840.0,3043.0,1,3041.0,6
rb1805,20170703,20170630,210520500,3043.0,1076,77544,32727700.0,3044.0,5,3043.0,1
rb1805,20170703,20170630,210521000,3043.0,1076,77544,32727700.0,3043.0,1,3041.0,7
rb1805,20170703,20170630,210522000,3041.0,1090,77544,33153440.0,3041.0,1,3040.0,12
rb1805,20170703,20170630,210522500,3041.0,1092,77542,33214260.0,3043.0,1,3042.0,1
rb1805,20170703,20170630,210523000,3041.0,1092,77542,33214260.0,3043.0,1,3042.0,1
rb1805,20170703,20170630,210524000,3043.0,1094,77540,33275120.0,3045.0,5,3042.0,1
rb1805,20170703,20170630,210524500,3043.0,1094,77540,33275120.0,3045.0,6,3042.0,1
rb1805,20170703,20170630,210525500,3042.0,1096,77542,33335960.0,3045.0,6,3040.0,12
rb1805,20170703,20170630,210526000,3042.0,1096,77542,33335960.0,3045.0,6,3041.0,2
rb1805,20170703,20170630,210527000,3042.0,1096,77542,33335960.0,3045.0,7,3040.0,12
rb1805,20170703,20170630,210527500,3042.0,1096,77542,33335960.0,3045.0,7,3040.0,14
rb1805,20170703,20170630,210528000,3042.0,1096,77542,33335960.0,3044.0,4,3040.0,14
rb1805,20170703,20170630,210528500,3042.0,1096,77542,33335960.0,3044.0,9,3040.0,14
rb1805,20170703,20170630,210529500,3042.0,1096,77542,33335960.0,3044.0,9,3041.0,1
rb1805,20170703,20170630,210530000,3042.0,1096,77542,33335960.0,3044.0,9,3041.0,1
rb1805,20170703,20170630,210530500,3042.0,1096,77542,33335960.0,3044.0,9,3041.0,3
rb1805,20170703,20170630,210531000,3042.0,1096,77542,33335960.0,3044.0,9,3042.0,2
rb1805,20170703,20170630,210531500,3042.0,1096,77542,33335960.0,3044.0,9,3042.0,2
rb1805,20170703,20170630,210532500,3042.0,1096,77542,33335960.0,3044.0,9,3042.0,2
rb1805,20170703,20170630,210533000,3042.0,1096,77542,33335960.0,3044.0,9,3042.0,2
rb1805,20170703,20170630,210534000,3042.0,1096,77542,33335960.0,3044.0,9,3042.0,2
rb1805,20170703,20170630,210534500,3042.0,1096,77542,33335960.0,3044.0,10,3042.0,2
rb1805,20170703,20170630,210535500,3042.0,1096,77542,33335960.0,3044.0,10,3042.0,2
rb1805,20170703,20170630,210537000,3042.0,1096,77542,33335960.0,3044.0,10,3042.0,2
rb1805,20170703,20170630,210538000,3038.0,1152,77520,35038100.0,3038.0,87,3037.0,5
rb1805,20170703,20170630,210538500,3038.0,1328,77484,40384960.0,3044.0,9,3038.0,7
rb1805,20170703,20170630,210539000,3038.0,1328,77484,40384960.0,3043.0,2,3041.0,3
rb1805,20170703,20170630,210539500,3038.0,1328,77484,40384960.0,3043.0,2,3041.0,3
rb1805,20170703,20170630,210542500,3038.0,1328,77484,40384960.0,3043.0,2,3041.0,3
rb1805,20170703,20170630,210543500,3038.0,1328,77484,40384960.0,3042.0,1,3041.0,3
rb1805,20170703,20170630,210544000,3038.0,1328,77484,40384960.0,3042.0,1,3041.0,3
rb1805,20170703,20170630,210545000,3041.0,1330,77482,40445780.0,3042.0,1,3041.0,2
rb1805,20170703,20170630,210545500,3041.0,1330,77482,40445780.0,3042.0,1,3041.0,2
rb1805,20170703,20170630,210547000,3041.0,1330,77482,40445780.0,3042.0,2,3041.0,2
rb1805,20170703,20170630,210548000,3041.0,1330,77482,40445780.0,3042.0,2,3041.0,2
rb1805,20170703,20170630,210548500,3041.0,1330,77482,40445780.0,3042.0,4,3041.0,2
rb1805,20170703,20170630,210552500,3041.0,1330,77482,40445780.0,3042.0,4,3041.0,2
rb1805,20170703,20170630,210553000,3041.0,1330,77482,40445780.0,3042.0,4,3041.0,3
rb1805,20170703,20170630,210554000,3041.0,1330,77482,40445780.0,3042.0,4,3041.0,3
rb1805,20170703,20170630,210555000,3041.0,1330,77482,40445780.0,3042.0,4,3041.0,4
rb1805,20170703,20170630,210556500,3041.0,1340,77474,40749880.0,3041.0,34,3039.0,8
rb1805,20170703,20170630,210557000,3041.0,1346,77474,40932340.0,3041.0,31,3039.0,8
rb1805,20170703,20170630,210559500,3041.0,1346,77474,40932340.0,3041.0,31,3039.0,8
rb1805,20170703,20170630,210601000,3041.0,1356,77464,41236440.0,3041.0,26,3039.0,8
rb1805,20170703,20170630,210601500,3041.0,1356,77464,41236440.0,3041.0,26,3039.0,8
rb1805,20170703,20170630,210602000,3039.0,1358,77466,41297220.0,3041.0,26,3039.0,7
rb1805,20170703,20170630,210603000,3039.0,1358,77466,41297220.0,3041.0,26,3039.0,7
rb1805,20170703,20170630,210603500,3039.0,1358,77466,41297220.0,3041.0,26,3038.0,2
rb1805,20170703,20170630,210604000,3039.0,1358,77466,41297220.0,3040.0,2,3038.0,2
rb1805,20170703,20170630,210605000,3039.0,1358,77466,41297220.0,3040.0,3,3038.0,2
rb1805,20170703,20170630,210605500,3040.0,1364,77470,41479620.0,3041.0,31,3040.0,3
rb1805,20170703,20170630,210606000,3040.0,1370,77470,41662020.0,3040.0,27,3038.0,2
rb1805,20170703,20170630,210606500,3040.0,1370,77470,41662020.0,3040.0,27,3038.0,2
rb1805,20170703,20170630,210607000,3040.0,1370,77470,41662020.0,3040.0,27,3039.0,2
rb1805,20170703,20170630,210609500,3040.0,1386,77458,42148420.0,3040.0,19,3039.0,2
rb1805,20170703,20170630,210610000,3040.0,1406,77458,42756420.0,3040.0,9,3039.0,2
rb1805,20170703,20170630,210610500,3040.0,1414,77454,42999620.0,3040.0,5,3039.0,2
rb1805,20170703,20170630,210611000,3040.0,1414,77454,42999620.0,3040.0,5,3039.0,2
rb1805,20170703,20170630,210613500,3040.0,1414,77454,42999620.0,3040.0,5,3039.0,2
rb1805,20170703,20170630,210614000,3040.0,1414,77454,42999620.0,3040.0,10,3039.0,2
rb1805,20170703,20170630,210614500,3040.0,1414,77454,42999620.0,3040.0,5,3039.0,2
rb1805,20170703,20170630,210615000,3040.0,1414,77454,42999620.0,3040.0,5,3039.0,4
rb1805,20170703,20170630,210616000,3040.0,1414,77454,42999620.0,3040.0,10,3039.0,4
rb1805,20170703,20170630,210616500,3039.0,1418,77452,43121180.0,3040.0,11,3039.0,2
rb1805,20170703,20170630,210617000,3040.0,1420,77450,43181980.0,3040.0,10,3039.0,2
rb1805,20170703,20170630,210617500,3040.0,1422,77450,43242780.0,3040.0,3,3039.0,2
rb1805,20170703,20170630,210618000,3040.0,1422,77450,43242780.0,3040.0,3,3039.0,3
rb1805,20170703,20170630,210619500,3040.0,1422,77450,43242780.0,3040.0,3,3039.0,3
rb1805,20170703,20170630,210622500,3040.0,1422,77450,43242780.0,3040.0,13,3039.0,3
rb1805,20170703,20170630,210623000,3040.0,1422,77450,43242780.0,3040.0,13,3039.0,3
rb1805,20170703,20170630,210623500,3040.0,1422,77450,43242780.0,3040.0,13,3039.0,4
rb1805,20170703,20170630,210624000,3040.0,1422,77450,43242780.0,3040.0,13,3039.0,4
rb1805,20170703,20170630,210627000,3040.0,1422,77450,43242780.0,3040.0,13,3039.0,5
rb1805,20170703,20170630,210631500,3040.0,1422,77450,43242780.0,3040.0,13,3039.0,5
rb1805,20170703,20170630,210632500,3040.0,1422,77450,43242780.0,3040.0,13,3039.0,6
rb1805,20170703,20170630,210633000,3040.0,1438,77460,43729180.0,3040.0,5,3039.0,6
rb1805,20170703,20170630,210633500,3040.0,1444,77466,43911580.0,3040.0,2,3039.0,6
rb1805,20170703,20170630,210634000,3040.0,1446,77468,43972380.0,3040.0,1,3039.0,6
rb1805,20170703,20170630,210634500,3040.0,1448,77470,44033180.0,3041.0,26,3039.0,6
rb1805,20170703,20170630,210635000,3040.0,1448,77470,44033180.0,3041.0,26,3039.0,6
rb1805,20170703,20170630,210638500,3040.0,1448,77470,44033180.0,3041.0,26,3039.0,6
rb1805,20170703,20170630,210639000,3040.0,1448,77470,44033180.0,3041.0,26,3039.0,6
rb1805,20170703,20170630,210639500,3040.0,1448,77470,44033180.0,3041.0,26,3040.0,3
rb1805,20170703,20170630,210640000,3040.0,1448,77470,44033180.0,3041.0,26,3040.0,4
rb1805,20170703,20170630,210642000,3040.0,1448,77470,44033180.0,3041.0,26,3040.0,3
rb1805,20170703,20170630,210643000,3040.0,1448,77470,44033180.0,3041.0,26,3040.0,3
rb1805,20170703,20170630,210643500,3040.0,1448,77470,44033180.0,3041.0,26,3040.0,4
rb1805,20170703,20170630,210644500,3040.0,1448,77470,44033180.0,3041.0,27,3040.0,4
rb1805,20170703,20170630,210646000,3040.0,1448,77470,44033180.0,3041.0,27,3040.0,4
rb1805,20170703,20170630,210646500,3040.0,1448,77470,44033180.0,3041.0,27,3040.0,4
rb1805,20170703,20170630,210647500,3040.0,1448,77470,44033180.0,3041.0,28,3040.0,4
rb1805,20170703,20170630,210648500,3040.0,1448,77470,44033180.0,3041.0,28,3040.0,5
rb1805,20170703,20170630,210650500,3040.0,1448,77470,44033180.0,3041.0,27,3040.0,5
rb1805,20170703,20170630,210653500,3040.0,1448,77470,44033180.0,3041.0,27,3040.0,6
rb1805,20170703,20170630,210654000,3040.0,1448,77470,44033180.0,3041.0,27,3040.0,7
rb1805,20170703,20170630,210654500,3040.0,1448,77470,44033180.0,3041.0,33,3040.0,7
rb1805,20170703,20170630,210655000,3040.0,1448,77470,44033180.0,3041.0,34,3040.0,7
rb1805,20170703,20170630,210656000,3040.0,1464,77462,44519580.0,3040.0,2,3039.0,6
rb1805,20170703,20170630,210658000,3040.0,1464,77462,44519580.0,3040.0,2,3039.0,6
rb1805,20170703,20170630,210701500,3040.0,1464,77462,44519580.0,3040.0,2,3039.0,6
rb1805,20170703,20170630,210702500,3040.0,1464,77462,44519580.0,3040.0,2,3039.0,6
rb1805,20170703,20170630,210703000,3040.0,1464,77462,44519580.0,3040.0,2,3039.0,6
rb1805,20170703,20170630,210703500,3040.0,1464,77462,44519580.0,3040.0,2,3039.0,6
rb1805,20170703,20170630,210705000,3040.0,1468,77462,44641180.0,3041.0,34,3040.0,8
rb1805,20170703,20170630,210705500,3040.0,1468,77462,44641180.0,3041.0,28,3040.0,8
rb1805,20170703,20170630,210707000,3040.0,1468,77462,44641180.0,3041.0,28,3040.0,8
rb1805,20170703,20170630,210707500,3040.0,1468,77462,44641180.0,3041.0,28,3040.0,9
rb1805,20170703,20170630,210709000,3040.0,1468,77462,44641180.0,3041.0,28,3040.0,9
rb1805,20170703,20170630,210709500,3040.0,1468,77462,44641180.0,3041.0,28,3040.0,10
rb1805,20170703,20170630,210716500,3040.0,1468,77462,44641180.0,3041.0,28,3040.0,10
rb1805,20170703,20170630,210718000,3040.0,1468,77462,44641180.0,3041.0,28,3040.0,10
rb1805,20170703,20170630,210722000,3041.0,1488,77442,45249380.0,3041.0,18,3040.0,10
rb1805,20170703,20170630,210723000,3041.0,1490,77440,45310200.0,3041.0,17,3040.0,10
rb1805,20170703,20170630,210725500,3041.0,1492,77440,45371020.0,3041.0,16,3040.0,10
rb1805,20170703,20170630,210726000,3041.0,1494,77438,45431840.0,3041.0,15,3040.0,10
rb1805,20170703,20170630,210727000,3041.0,1494,77438,45431840.0,3041.0,15,3040.0,10
rb1805,20170703,20170630,210727500,3041.0,1516,77438,46100860.0,3041.0,3,3040.0,12
rb1805,20170703,20170630,210730500,3041.0,1516,77438,46100860.0,3041.0,3,3040.0,12
rb1805,20170703,20170630,210731500,3041.0,1516,77438,46100860.0,3041.0,4,3040.0,12
rb1805,20170703,20170630,210733000,3041.0,1516,77438,46100860.0,3041.0,4,3040.0,12
rb1805,20170703,20170630,210734500,3041.0,1516,77438,46100860.0,3041.0,5,3040.0,12
rb1805,20170703,20170630,210735500,3041.0,1516,77438,46100860.0,3041.0,5,3040.0,10
rb1805,20170703,20170630,210736000,3041.0,1518,77436,46161680.0,3041.0,4,3040.0,10
rb1805,20170703,20170630,210736500,3041.0,1518,77436,46161680.0,3041.0,4,3040.0,10
rb1805,20170703,20170630,210738000,3041.0,1518,77436,46161680.0,3041.0,6,3040.0,10
rb1805,20170703,20170630,210739000,3041.0,1518,77436,46161680.0,3041.0,6,3040.0,10
rb1805,20170703,20170630,210739500,3041.0,1518,77436,46161680.0,3041.0,6,3040.0,10
rb1805,20170703,20170630,210741000,3040.0,1520,77436,46222480.0,3041.0,6,3040.0,9
rb1805,20170703,20170630,210741500,3040.0,1520,77436,46222480.0,3041.0,6,3040.0,9
rb1805,20170703,20170630,210742000,3040.0,1520,77436,46222480.0,3041.0,5,3040.0,9
rb1805,20170703,20170630,210743500,3040.0,1520,77436,46222480.0,3041.0,5,3040.0,9
rb1805,20170703,20170630,210746500,3040.0,1522,77436,46283280.0,3041.0,5,3040.0,8
rb1805,20170703,20170630,210749000,3040.0,1522,77436,46283280.0,3041.0,5,3040.0,8
rb1805,20170703,20170630,210751500,3041.0,1524,77436,46344100.0,3041.0,4,3040.0,8
rb1805,20170703,20170630,210755000,3041.0,1524,77436,46344100.0,3041.0,5,3040.0,8
rb1805,20170703,20170630,210755500,3040.0,1550,77438,47134600.0,3041.0,6,3039.0,6
rb1805,20170703,20170630,210756500,3040.0,1550,77438,47134600.0,3041.0,5,3039.0,6
rb1805,20170703,20170630,210757000,3040.0,1550,77438,47134600.0,3041.0,5,3039.0,6
rb1805,20170703,20170630,210800000,3041.0,1560,77438,47438700.0,3042.0,5,3039.0,6
rb1805,20170703,20170630,210800500,3041.0,1560,77438,47438700.0,3041.0,7,3039.0,6
rb1805,20170703,20170630,210801000,3041.0,1562,77438,47499520.0,3041.0,6,3039.0,7
rb1805,20170703,20170630,210801500,3041.0,1562,77438,47499520.0,3041.0,2,3039.0,7
rb1805,20170703,20170630,210806000,3041.0,1562,77438,47499520.0,3041.0,8,3039.0,26
rb1805,20170703,20170630,210807000,3041.0,1562,77438,47499520.0,3041.0,8,3039.0,26
rb1805,20170703,20170630,210807500,3041.0,1562,77438,47499520.0,3041.0,8,3040.0,1
rb1805,20170703,20170630,210808500,3041.0,1562,77438,47499520.0,3041.0,8,3040.0,1
rb1805,20170703,20170630,210810500,3041.0,1562,77438,47499520.0,3041.0,3,3040.0,1
rb1805,20170703,20170630,210811000,3041.0,1562,77438,47499520.0,3041.0,2,3040.0,1
rb1805,20170703,20170630,210811500,3041.0,1562,77438,47499520.0,3041.0,2,3040.0,1
rb1805,20170703,20170630,210812500,3041.0,1562,77438,47499520.0,3041.0,2,3040.0,1
rb1805,20170703,20170630,210813500,3041.0,1562,77438,47499520.0,3041.0,2,3040.0,1
rb1805,20170703,20170630,210814000,3041.0,1564,77440,47560340.0,3041.0,2,3040.0,1
rb1805,20170703,20170630,210814500,3041.0,1564,77440,47560340.0,3041.0,2,3040.0,1
rb1805,20170703,20170630,210815000,3040.0,1566,77440,47621140.0,3040.0,9,3039.0,6
rb1805,20170703,20170630,210816500,3040.0,1566,77440,47621140.0,3040.0,9,3039.0,6
rb1805,20170703,20170630,210817000,3040.0,1572,77440,47803540.0,3040.0,6,3039.0,6
rb1805,20170703,20170630,210818000,3040.0,1572,77440,47803540.0,3040.0,6,3039.0,6
rb1805,20170703,20170630,210819000,3040.0,1572,77440,47803540.0,3040.0,6,3039.0,6
rb1805,20170703,20170630,210819500,3040.0,1572,77440,47803540.0,3040.0,6,3039.0,6
rb1805,20170703,20170630,210821500,3040.0,1572,77440,47803540.0,3040.0,6,3039.0,6
rb1805,20170703,20170630,210825000,3040.0,1572,77440,47803540.0,3040.0,6,3039.0,6
rb1805,20170703,20170630,210826000,3040.0,1572,77440,47803540.0,3040.0,6,3039.0,6
rb1805,20170703,20170630,210829500,3040.0,1584,77440,48168340.0,3041.0,1,3040.0,14
rb1805,20170703,20170630,210831000,3040.0,1584,77440,48168340.0,3041.0,1,3040.0,14
rb1805,20170703,20170630,210833000,3040.0,1584,77440,48168340.0,3041.0,3,3040.0,14
rb1805,20170703,20170630,210836500,3040.0,1584,77440,48168340.0,3041.0,3,3040.0,14
rb1805,20170703,20170630,210837000,3041.0,1590,77440,48350800.0,3042.0,7,3041.0,7
rb1805,20170703,20170630,210837500,3041.0,1604,77440,48776540.0,3041.0,5,3040.0,14
rb1805,20170703,20170630,210838000,3041.0,1604,77440,48776540.0,3041.0,3,3040.0,14
rb1805,20170703,20170630,210839000,3041.0,1604,77440,48776540.0,3042.0,7,3040.0,14
rb1805,20170703,20170630,210841500,3041.0,1604,77440,48776540.0,3042.0,7,3040.0,14
rb1805,20170703,20170630,210843000,3042.0,1618,77452,49202420.0,3043.0,1,3042.0,3
rb1805,20170703,20170630,210843500,3042.0,1624,77456,49384940.0,3042.0,5,3040.0,14
rb1805,20170703,20170630,210844000,3042.0,1624,77456,49384940.0,3042.0,3,3040.0,14
rb1805,20170703,20170630,210846500,3042.0,1624,77456,49384940.0,3042.0,3,3040.0,14
rb1805,20170703,20170630,210848500,3042.0,1624,77456,49384940.0,3042.0,3,3040.0,14
rb1805,20170703,20170630,210849000,3042.0,1624,77456,49384940.0,3042.0,3,3041.0,1
rb1805,20170703,20170630,210853000,3042.0,1624,77456,49384940.0,3042.0,3,3041.0,1
rb1805,20170703,20170630,210855000,3042.0,1624,77456,49384940.0,3042.0,3,3041.0,101
rb1805,20170703,20170630,210856000,3042.0,1624,77456,49384940.0,3042.0,3,3041.0,101
rb1805,20170703,20170630,210858000,3042.0,1624,77456,49384940.0,3042.0,3,3041.0,101
rb1805,20170703,20170630,210858500,3042.0,1624,77456,49384940.0,3042.0,3,3041.0,101
rb1805,20170703,20170630,210902000,3042.0,1624,77456,49384940.0,3042.0,3,3041.0,101
rb1805,20170703,20170630,210902500,3042.0,1626,77456,49445780.0,3042.0,2,3041.0,101
rb1805,20170703,20170630,210910000,3042.0,1626,77456,49445780.0,3042.0,2,3041.0,102
rb1805,20170703,20170630,210915000,3041.0,1628,77456,49506600.0,3042.0,2,3041.0,101
rb1805,20170703,20170630,210918500,3041.0,1628,77456,49506600.0,3042.0,2,3041.0,106
rb1805,20170703,20170630,210920500,3041.0,1628,77456,49506600.0,3042.0,2,3041.0,106
rb1805,20170703,20170630,210921000,3042.0,1630,77456,49567440.0,3042.0,1,3041.0,106
rb1805,20170703,20170630,210921500,3041.0,1634,77454,49689100.0,3043.0,13,3041.0,106
rb1805,20170703,20170630,210922000,3041.0,1634,77454,49689100.0,3043.0,17,3041.0,101
rb1805,20170703,20170630,210922500,3041.0,1634,77454,49689100.0,3042.0,1,3041.0,101
rb1805,20170703,20170630,210923000,3042.0,1636,77452,49749940.0,3043.0,17,3041.0,101
rb1805,20170703,20170630,210925000,3041.0,1638,77452,49810760.0,3043.0,17,3041.0,100
rb1805,20170703,20170630,210926500,3041.0,1638,77452,49810760.0,3043.0,13,3041.0,105
rb1805,20170703,20170630,210927500,3041.0,1638,77452,49810760.0,3043.0,11,3041.0,106
rb1805,20170703,20170630,210932500,3041.0,1638,77452,49810760.0,3042.0,1,3041.0,106
rb1805,20170703,20170630,210934500,3041.0,1638,77452,49810760.0,3042.0,1,3041.0,106
rb1805,20170703,20170630,210941000,3041.0,1638,77452,49810760.0,3042.0,1,3041.0,101
rb1805,20170703,20170630,210943000,3041.0,1638,77452,49810760.0,3042.0,1,3041.0,101
rb1805,20170703,20170630,210943500,3041.0,1638,77452,49810760.0,3042.0,5,3041.0,101
rb1805,20170703,20170630,210947500,3041.0,1638,77452,49810760.0,3042.0,5,3041.0,101
rb1805,20170703,20170630,210948000,3041.0,1638,77452,49810760.0,3042.0,6,3041.0,101
rb1805,20170703,20170630,210950000,3041.0,1638,77452,49810760.0,3042.0,6,3041.0,100
rb1805,20170703,20170630,210951000,3041.0,1638,77452,49810760.0,3042.0,2,3041.0,100
rb1805,20170703,20170630,210956500,3042.0,1640,77452,49871600.0,3042.0,1,3041.0,100
rb1805,20170703,20170630,210958500,3042.0,1640,77452,49871600.0,3042.0,1,3041.0,100
rb1805,20170703,20170630,210959500,3042.0,1640,77452,49871600.0,3042.0,2,3041.0,100
rb1805,20170703,20170630,211001000,3042.0,1642,77452,49932440.0,3042.0,1,3041.0,100
rb1805,20170703,20170630,211003500,3042.0,1644,77452,49993280.0,3043.0,12,3041.0,100
rb1805,20170703,20170630,211004000,3042.0,1644,77452,49993280.0,3043.0,12,3042.0,1
rb1805,20170703,20170630,211015000,3042.0,1644,77452,49993280.0,3043.0,12,3042.0,2
rb1805,20170703,20170630,211016500,3042.0,1646,77452,50054120.0,3043.0,12,3042.0,1
rb1805,20170703,20170630,211018000,3042.0,1646,77452,50054120.0,3043.0,12,3042.0,1
rb1805,20170703,20170630,211020000,3042.0,1646,77452,50054120.0,3043.0,12,3042.0,1
rb1805,20170703,20170630,211023500,3042.0,1646,77452,50054120.0,3043.0,12,3042.0,1
rb1805,20170703,20170630,211025500,3042.0,1646,77452,50054120.0,3043.0,12,3042.0,2
rb1805,20170703,20170630,211027000,3042.0,1646,77452,50054120.0,3043.0,12,3042.0,7
rb1805,20170703,20170630,211032000,3042.0,1646,77452,50054120.0,3043.0,12,3042.0,7
rb1805,20170703,20170630,211037500,3043.0,1648,77450,50114980.0,3043.0,11,3042.0,7
rb1805,20170703,20170630,211038000,3043.0,1670,77450,50784440.0,3044.0,5,3042.0,8
rb1805,20170703,20170630,211038500,3043.0,1670,77450,50784440.0,3044.0,5,3042.0,8
rb1805,20170703,20170630,211040000,3043.0,1670,77450,50784440.0,3045.0,16,3042.0,8
rb1805,20170703,20170630,211040500,3043.0,1670,77450,50784440.0,3045.0,16,3043.0,1
rb1805,20170703,20170630,211041000,3043.0,1670,77450,50784440.0,3045.0,21,3043.0,1
rb1805,20170703,20170630,211043000,3043.0,1670,77450,50784440.0,3045.0,21,3043.0,21
rb1805,20170703,20170630,211046500,3045.0,1672,77450,50845340.0,3045.0,20,3043.0,21
rb1805,20170703,20170630,211049500,3045.0,1672,77450,50845340.0,3045.0,20,3043.0,1
rb1805,20170703,20170630,211050500,3045.0,1672,77450,50845340.0,3045.0,20,3043.0,6
rb1805,20170703,20170630,211051000,3045.0,1672,77450,50845340.0,3045.0,20,3043.0,6
rb1805,20170703,20170630,211054500,3045.0,1712,77410,52063340.0,3046.0,2,3043.0,6
rb1805,20170703,20170630,211055500,3045.0,1712,77410,52063340.0,3046.0,2,3043.0,7
rb1805,20170703,20170630,211059500,3045.0,1712,77410,52063340.0,3046.0,2,3043.0,12
rb1805,20170703,20170630,211100000,3045.0,1712,77410,52063340.0,3046.0,2,3043.0,12
rb1805,20170703,20170630,211101500,3046.0,1714,77410,52124260.0,3046.0,1,3043.0,12
rb1805,20170703,20170630,211102000,3046.0,1714,77410,52124260.0,3046.0,1,3043.0,12
rb1805,20170703,20170630,211103000,3046.0,1714,77410,52124260.0,3046.0,101,3043.0,12
rb1805,20170703,20170630,211103500,3046.0,1714,77410,52124260.0,3045.0,1,3043.0,11
rb1805,20170703,20170630,211104000,3046.0,1714,77410,52124260.0,3045.0,1,3043.0,11
rb1805,20170703,20170630,211105000,3046.0,1714,77410,52124260.0,3045.0,1,3043.0,11
rb1805,20170703,20170630,211105500,3045.0,1716,77408,52185160.0,3046.0,101,3045.0,10
rb1805,20170703,20170630,211106000,3045.0,1736,77392,52794160.0,3045.0,2,3043.0,11
rb1805,20170703,20170630,211106500,3045.0,1736,77392,52794160.0,3045.0,1,3043.0,11
rb1805,20170703,20170630,211107500,3045.0,1736,77392,52794160.0,3045.0,2,3043.0,11
rb1805,20170703,20170630,211112000,3045.0,1736,77392,52794160.0,3045.0,1,3043.0,11
rb1805,20170703,20170630,211112500,3045.0,1738,77394,52855060.0,3046.0,102,3045.0,1
rb1805,20170703,20170630,211113000,3045.0,1740,77396,52915960.0,3045.0,2,3043.0,11
rb1805,20170703,20170630,211113500,3045.0,1740,77396,52915960.0,3046.0,105,3043.0,11
rb1805,20170703,20170630,211114000,3045.0,1740,77396,52915960.0,3046.0,104,3043.0,11
rb1805,20170703,20170630,211115000,3045.0,1740,77396,52915960.0,3046.0,104,3043.0,11
rb1805,20170703,20170630,211115500,3045.0,1740,77396,52915960.0,3046.0,104,3043.0,13
rb1805,20170703,20170630,211116000,3045.0,1740,77396,52915960.0,3046.0,104,3045.0,1
rb1805,20170703,20170630,211116500,3045.0,1742,77398,52976860.0,3045.0,2,3043.0,13
rb1805,20170703,20170630,211117000,3045.0,1742,77398,52976860.0,3045.0,2,3044.0,2
rb1805,20170703,20170630,211118000,3045.0,1742,77398,52976860.0,3045.0,2,3044.0,2
rb1805,20170703,20170630,211118500,3045.0,1746,77402,53098660.0,3046.0,105,3045.0,8
rb1805,20170703,20170630,211119000,3045.0,1760,77414,53524960.0,3046.0,105,3045.0,1
rb1805,20170703,20170630,211119500,3045.0,1762,77416,53585860.0,3046.0,102,3044.0,2
rb1805,20170703,20170630,211120000,3045.0,1762,77416,53585860.0,3046.0,101,3044.0,2
rb1805,20170703,20170630,211123500,3045.0,1762,77416,53585860.0,3046.0,100,3044.0,2
rb1805,20170703,20170630,211124500,3045.0,1762,77416,53585860.0,3046.0,100,3044.0,2
rb1805,20170703,20170630,211125000,3045.0,1762,77416,53585860.0,3046.0,100,3045.0,1
rb1805,20170703,20170630,211125500,3045.0,1764,77416,53646760.0,3046.0,101,3044.0,2
rb1805,20170703,20170630,211126500,3045.0,1764,77416,53646760.0,3046.0,101,3044.0,3
rb1805,20170703,20170630,211128500,3045.0,1764,77416,53646760.0,3046.0,102,3044.0,3
rb1805,20170703,20170630,211129000,3045.0,1764,77416,53646760.0,3046.0,102,3044.0,5
rb1805,20170703,20170630,211130000,3045.0,1764,77416,53646760.0,3046.0,102,3044.0,5
rb1805,20170703,20170630,211131500,3045.0,1764,77416,53646760.0,3046.0,102,3044.0,5
rb1805,20170703,20170630,211132500,3045.0,1766,77414,53707660.0,3046.0,102,3045.0,9
rb1805,20170703,20170630,211134000,3045.0,1766,77414,53707660.0,3046.0,102,3045.0,9
rb1805,20170703,20170630,211135500,3045.0,1766,77414,53707660.0,3046.0,102,3045.0,9
rb1805,20170703,20170630,211136000,3045.0,1766,77414,53707660.0,3046.0,102,3045.0,9
rb1805,20170703,20170630,211138000,3045.0,1768,77412,53768560.0,3046.0,102,3045.0,8
rb1805,20170703,20170630,211139500,3045.0,1768,77412,53768560.0,3046.0,102,3045.0,8
rb1805,20170703,20170630,211140000,3045.0,1768,77412,53768560.0,3046.0,102,3044.0,6
rb1805,20170703,20170630,211143500,3045.0,1768,77412,53768560.0,3046.0,102,3044.0,4
rb1805,20170703,20170630,211145000,3045.0,1768,77412,53768560.0,3046.0,107,3044.0,4
rb1805,20170703,20170630,211147000,3044.0,1770,77412,53829440.0,3046.0,107,3044.0,3
rb1805,20170703,20170630,211149500,3044.0,1770,77412,53829440.0,3045.0,2,3044.0,3
rb1805,20170703,20170630,211150000,3045.0,1774,77412,53951240.0,3046.0,107,3044.0,3
rb1805,20170703,20170630,211151500,3045.0,1774,77412,53951240.0,3046.0,107,3044.0,3
rb1805,20170703,20170630,211152500,3045.0,1774,77412,53951240.0,3045.0,1,3044.0,3
rb1805,20170703,20170630,211155000,3045.0,1774,77412,53951240.0,3045.0,1,3044.0,3
rb1805,20170703,20170630,211156000,3045.0,1774,77412,53951240.0,3045.0,1,3044.0,3
rb1805,20170703,20170630,211200000,3045.0,1774,77412,53951240.0,3045.0,1,3044.0,3
rb1805,20170703,20170630,211200500,3045.0,1774,77412,53951240.0,3045.0,2,3044.0,3
rb1805,20170703,20170630,211201000,3045.0,1774,77412,53951240.0,3045.0,3,3044.0,3
rb1805,20170703,20170630,211202000,3045.0,1774,77412,53951240.0,3045.0,5,3044.0,3
rb1805,20170703,20170630,211205000,3045.0,1774,77412,53951240.0,3045.0,5,3044.0,3
rb1805,20170703,20170630,211206500,3045.0,1774,77412,53951240.0,3045.0,5,3044.0,3
rb1805,20170703,20170630,211208500,3045.0,1774,77412,53951240.0,3045.0,5,3044.0,3
rb1805,20170703,20170630,211209000,3045.0,1774,77412,53951240.0,3045.0,5,3044.0,3
rb1805,20170703,20170630,211210500,3045.0,1774,77412,53951240.0,3045.0,7,3044.0,3
rb1805,20170703,20170630,211213000,3044.0,1776,77412,54012120.0,3045.0,7,3044.0,2
rb1805,20170703,20170630,211216500,3044.0,1780,77412,54133880.0,3044.0,48,3043.0,6
rb1805,20170703,20170630,211217000,3044.0,1780,77412,54133880.0,3044.0,49,3043.0,1
rb1805,20170703,20170630,211217500,3044.0,1780,77412,54133880.0,3044.0,49,3043.0,1
rb1805,20170703,20170630,211218000,3044.0,1780,77412,54133880.0,3044.0,50,3043.0,1
rb1805,20170703,20170630,211218500,3044.0,1780,77412,54133880.0,3044.0,50,3043.0,1
rb1805,20170703,20170630,211219000,3044.0,1812,77380,55107960.0,3044.0,34,3043.0,1
rb1805,20170703,20170630,211220000,3044.0,1812,77380,55107960.0,3044.0,34,3043.0,1
rb1805,20170703,20170630,211221000,3044.0,1812,77380,55107960.0,3044.0,34,3043.0,1
rb1805,20170703,20170630,211223000,3044.0,1812,77380,55107960.0,3044.0,34,3043.0,1
rb1805,20170703,20170630,211225000,3044.0,1812,77380,55107960.0,3044.0,34,3043.0,1
rb1805,20170703,20170630,211226000,3044.0,1812,77380,55107960.0,3044.0,33,3043.0,1
rb1805,20170703,20170630,211227000,3043.0,1814,77380,55168820.0,3044.0,33,3042.0,5
rb1805,20170703,20170630,211228500,3043.0,1814,77380,55168820.0,3044.0,34,3042.0,5
rb1805,20170703,20170630,211230500,3043.0,1814,77380,55168820.0,3044.0,34,3042.0,5
rb1805,20170703,20170630,211231500,3043.0,1814,77380,55168820.0,3043.0,1,3042.0,5
rb1805,20170703,20170630,211232000,3043.0,1814,77380,55168820.0,3043.0,1,3041.0,1
rb1805,20170703,20170630,211232500,3043.0,1814,77380,55168820.0,3043.0,6,3041.0,1
rb1805,20170703,20170630,211233000,3043.0,1814,77380,55168820.0,3043.0,6,3041.0,2
rb1805,20170703,20170630,211233500,3043.0,1814,77380,55168820.0,3043.0,6,3041.0,2
rb1805,20170703,20170630,211234000,3043.0,1814,77380,55168820.0,3043.0,10,3041.0,1
rb1805,20170703,20170630,211236500,3043.0,1824,77388,55473120.0,3043.0,5,3041.0,1
rb1805,20170703,20170630,211240500,3043.0,1824,77388,55473120.0,3043.0,4,3041.0,1
rb1805,20170703,20170630,211242000,3043.0,1824,77388,55473120.0,3043.0,5,3041.0,3
rb1805,20170703,20170630,211243000,3043.0,1834,77388,55777420.0,3044.0,34,3041.0,3
rb1805,20170703,20170630,211245000,3043.0,1834,77388,55777420.0,3044.0,34,3042.0,1
rb1805,20170703,20170630,211246000,3043.0,1834,77388,55777420.0,3044.0,34,3042.0,1
rb1805,20170703,20170630,211247500,3043.0,1834,77388,55777420.0,3044.0,34,3042.0,1
rb1805,20170703,20170630,211248000,3043.0,1834,77388,55777420.0,3044.0,35,3042.0,1
rb1805,20170703,20170630,211248500,3043.0,1834,77388,55777420.0,3044.0,35,3042.0,1
rb1805,20170703,20170630,211249000,3043.0,1834,77388,55777420.0,3044.0,35,3042.0,1
rb1805,20170703,20170630,211250000,3043.0,1834,77388,55777420.0,3044.0,35,3043.0,1
rb1805,20170703,20170630,211253000,3043.0,1834,77388,55777420.0,3044.0,35,3043.0,1
rb1805,20170703,20170630,211254500,3042.0,1840,77384,55959960.0,3043.0,2,3041.0,6
rb1805,20170703,20170630,211255500,3042.0,1840,77384,55959960.0,3043.0,2,3041.0,6
rb1805,20170703,20170630,211256500,3043.0,1844,77380,56081680.0,3044.0,35,3043.0,6
rb1805,20170703,20170630,211257000,3043.0,1856,77380,56446840.0,3043.0,1,3041.0,6
rb1805,20170703,20170630,211257500,3043.0,1856,77380,56446840.0,3042.0,2,3041.0,6
rb1805,20170703,20170630,211258000,3043.0,1856,77380,56446840.0,3042.0,2,3041.0,6
rb1805,20170703,20170630,211258500,3043.0,1856,77380,56446840.0,3042.0,2,3041.0,6
rb1805,20170703,20170630,211259000,3043.0,1856,77380,56446840.0,3042.0,2,3041.0,7
rb1805,20170703,20170630,211300000,3043.0,1856,77380,56446840.0,3042.0,2,3041.0,7
rb1805,20170703,20170630,211300500,3043.0,1856,77380,56446840.0,3042.0,2,3041.0,12
rb1805,20170703,20170630,211301000,3043.0,1856,77380,56446840.0,3042.0,2,3041.0,12
rb1805,20170703,20170630,211301500,3043.0,1856,77380,56446840.0,3042.0,2,3041.0,12
rb1805,20170703,20170630,211302000,3042.0,1858,77380,56507680.0,3042.0,1,3041.0,12
rb1805,20170703,20170630,211302500,3042.0,1858,77380,56507680.0,3042.0,1,3041.0,7
rb1805,20170703,20170630,211303500,3042.0,1858,77380,56507680.0,3042.0,1,3041.0,5
rb1805,20170703,20170630,211304000,3041.0,1860,77382,56568500.0,3042.0,1,3041.0,4
rb1805,20170703,20170630,211306000,3041.0,1860,77382,56568500.0,3042.0,1,3041.0,9
rb1805,20170703,20170630,211306500,3042.0,1862,77380,56629340.0,3043.0,1,3042.0,8
rb1805,20170703,20170630,211307000,3042.0,1862,77380,56629340.0,3043.0,1,3042.0,6
rb1805,20170703,20170630,211307500,3042.0,1862,77380,56629340.0,3043.0,1,3042.0,6
rb1805,20170703,20170630,211308000,3042.0,1866,77376,56751020.0,3043.0,1,3042.0,4
rb1805,20170703,20170630,211309000,3042.0,1870,77374,56872700.0,3043.0,2,3042.0,2
rb1805,20170703,20170630,211310000,3042.0,1872,77372,56933540.0,3043.0,2,3042.0,1
rb1805,20170703,20170630,211311000,3042.0,1872,77372,56933540.0,3043.0,2,3042.0,1
rb1805,20170703,20170630,211311500,3042.0,1874,77370,56994380.0,3043.0,2,3041.0,9
rb1805,20170703,20170630,211312500,3042.0,1874,77370,56994380.0,3043.0,1,3041.0,9
rb1805,20170703,20170630,211314000,3042.0,1874,77370,56994380.0,3042.0,2,3041.0,9
rb1805,20170703,20170630,211315000,3042.0,1874,77370,56994380.0,3042.0,2,3041.0,4
rb1805,20170703,20170630,211316000,3042.0,1874,77370,56994380.0,3042.0,2,3041.0,4
rb1805,20170703,20170630,211316500,3042.0,1874,77370,56994380.0,3042.0,2,3041.0,4
rb1805,20170703,20170630,211319500,3042.0,1874,77370,56994380.0,3042.0,2,3041.0,4
rb1805,20170703,20170630,211322000,3042.0,1874,77370,56994380.0,3042.0,2,3041.0,4
rb1805,20170703,20170630,211323000,3042.0,1874,77370,56994380.0,3042.0,2,3041.0,4
rb1805,20170703,20170630,211326500,3042.0,1874,77370,56994380.0,3042.0,2,3041.0,4
rb1805,20170703,20170630,211327500,3042.0,1874,77370,56994380.0,3042.0,2,3041.0,4
rb1805,20170703,20170630,211330000,3041.0,1878,77366,57116020.0,3042.0,2,3041.0,2
rb1805,20170703,20170630,211331000,3041.0,1878,77366,57116020.0,3042.0,3,3041.0,2
rb1805,20170703,20170630,211332500,3041.0,1878,77366,57116020.0,3042.0,3,3041.0,4
rb1805,20170703,20170630,211336000,3041.0,1878,77366,57116020.0,3042.0,3,3041.0,4
rb1805,20170703,20170630,211338000,3041.0,1878,77366,57116020.0,3042.0,3,3041.0,4
rb1805,20170703,20170630,211339000,3041.0,1878,77366,57116020.0,3042.0,3,3041.0,4
rb1805,20170703,20170630,211342500,3041.0,1878,77366,57116020.0,3042.0,3,3041.0,4
rb1805,20170703,20170630,211343000,3041.0,1878,77366,57116020.0,3042.0,3,3041.0,4
rb1805,20170703,20170630,211346000,3041.0,1882,77366,57237660.0,3042.0,3,3041.0,2
rb1805,20170703,20170630,211347000,3041.0,1882,77366,57237660.0,3042.0,3,3041.0,2
rb1805,20170703,20170630,211357500,3041.0,1882,77366,57237660.0,3042.0,3,3041.0,2
rb1805,20170703,20170630,211359000,3041.0,1882,77366,57237660.0,3042.0,3,3041.0,2
rb1805,20170703,20170630,211403500,3041.0,1882,77366,57237660.0,3042.0,4,3041.0,2
rb1805,20170703,20170630,211404500,3041.0,1886,77362,57359300.0,3042.0,4,3040.0,19
rb1805,20170703,20170630,211405000,3041.0,1886,77362,57359300.0,3042.0,4,3040.0,19
rb1805,20170703,20170630,211406500,3041.0,1886,77362,57359300.0,3041.0,1,3040.0,19
rb1805,20170703,20170630,211407500,3041.0,1888,77362,57420120.0,3042.0,5,3040.0,24
rb1805,20170703,20170630,211408000,3041.0,1888,77362,57420120.0,3042.0,5,3041.0,2
rb1805,20170703,20170630,211408500,3042.0,1898,77354,57724320.0,3043.0,2,3042.0,4
rb1805,20170703,20170630,211409000,3042.0,1898,77354,57724320.0,3043.0,2,3041.0,2
rb1805,20170703,20170630,211409500,3042.0,1898,77354,57724320.0,3043.0,2,3041.0,4
rb1805,20170703,20170630,211410000,3042.0,1898,77354,57724320.0,3043.0,2,3041.0,2
rb1805,20170703,20170630,211410500,3042.0,1898,77354,57724320.0,3043.0,2,3041.0,9
rb1805,20170703,20170630,211411500,3041.0,1900,77356,57785140.0,3043.0,2,3041.0,8
rb1805,20170703,20170630,211412000,3041.0,1900,77356,57785140.0,3043.0,2,3041.0,8
rb1805,20170703,20170630,211413000,3041.0,1900,77356,57785140.0,3043.0,2,3041.0,8
rb1805,20170703,20170630,211413500,3041.0,1900,77356,57785140.0,3043.0,2,3041.0,21
rb1805,20170703,20170630,211414000,3041.0,1900,77356,57785140.0,3042.0,1,3041.0,21
rb1805,20170703,20170630,211414500,3042.0,1902,77356,57845980.0,3043.0,2,3042.0,2
rb1805,20170703,20170630,211415000,3042.0,1902,77356,57845980.0,3042.0,1,3041.0,26
rb1805,20170703,20170630,211415500,3042.0,1904,77354,57906820.0,3043.0,4,3042.0,2
rb1805,20170703,20170630,211416000,3042.0,1904,77354,57906820.0,3042.0,1,3041.0,9
rb1805,20170703,20170630,211416500,3043.0,1910,77352,58089380.0,3043.0,2,3042.0,29
rb1805,20170703,20170630,211417000,3043.0,1912,77350,58150240.0,3043.0,1,3042.0,23
rb1805,20170703,20170630,211417500,3043.0,1914,77348,58211100.0,3044.0,35,3042.0,23
rb1805,20170703,20170630,211418500,3043.0,1914,77348,58211100.0,3044.0,35,3042.0,23
rb1805,20170703,20170630,211420500,3043.0,1914,77348,58211100.0,3044.0,35,3043.0,3
rb1805,20170703,20170630,211422000,3044.0,1924,77338,58515500.0,3044.0,30,3043.0,8
rb1805,20170703,20170630,211422500,3043.0,1932,77330,58759000.0,3044.0,27,3043.0,7
rb1805,20170703,20170630,211423000,3044.0,1936,77330,58880760.0,3044.0,25,3043.0,27
rb1805,20170703,20170630,211423500,3044.0,1964,77330,59733080.0,3044.0,11,3043.0,7
rb1805,20170703,20170630,211424000,3044.0,1972,77328,59976600.0,3044.0,8,3043.0,7
rb1805,20170703,20170630,211424500,3044.0,1980,77328,60220120.0,3044.0,4,3043.0,26
rb1805,20170703,20170630,211425000,3044.0,1988,77332,60463640.0,3045.0,6,3044.0,3
rb1805,20170703,20170630,211425500,3044.0,1988,77332,60463640.0,3045.0,6,3044.0,7
rb1805,20170703,20170630,211426000,3044.0,1988,77332,60463640.0,3045.0,5,3044.0,8
rb1805,20170703,20170630,211426500,3044.0,1988,77332,60463640.0,3045.0,11,3044.0,8
rb1805,20170703,20170630,211427000,3044.0,1992,77330,60585400.0,3044.0,6,3043.0,7
rb1805,20170703,20170630,211427500,3044.0,1992,77330,60585400.0,3045.0,11,3043.0,21
rb1805,20170703,20170630,211428000,3044.0,1992,77330,60585400.0,3044.0,1,3043.0,21
rb1805,20170703,20170630,211428500,3044.0,1992,77330,60585400.0,3044.0,1,3043.0,4
rb1805,20170703,20170630,211429500,3044.0,1992,77330,60585400.0,3044.0,1,3043.0,9
rb1805,20170703,20170630,211430000,3044.0,1992,77330,60585400.0,3044.0,1,3043.0,12
rb1805,20170703,20170630,211431000,3044.0,1992,77330,60585400.0,3044.0,1,3043.0,17
rb1805,20170703,20170630,211432500,3044.0,1992,77330,60585400.0,3044.0,1,3043.0,17
rb1805,20170703,20170630,211433000,3044.0,1992,77330,60585400.0,3044.0,1,3043.0,12
rb1805,20170703,20170630,211433500,3044.0,1992,77330,60585400.0,3044.0,1,3043.0,4
rb1805,20170703,20170630,211436000,3044.0,1992,77330,60585400.0,3044.0,1,3043.0,4
rb1805,20170703,20170630,211437500,3044.0,1992,77330,60585400.0,3044.0,1,3043.0,4
rb1805,20170703,20170630,211439500,3044.0,1992,77330,60585400.0,3044.0,1,3043.0,9
rb1805,20170703,20170630,211440000,3044.0,1992,77330,60585400.0,3044.0,1,3043.0,9
rb1805,20170703,20170630,211440500,3044.0,1992,77330,60585400.0,3044.0,1,3043.0,9
rb1805,20170703,20170630,211442000,3044.0,1992,77330,60585400.0,3044.0,1,3043.0,9
rb1805,20170703,20170630,211442500,3044.0,1992,77330,60585400.0,3044.0,1,3043.0,4
rb1805,20170703,20170630,211443000,3044.0,1992,77330,60585400.0,3044.0,1,3043.0,4
rb1805,20170703,20170630,211445000,3044.0,1992,77330,60585400.0,3044.0,1,3043.0,4
rb1805,20170703,20170630,211445500,3044.0,1992,77330,60585400.0,3044.0,1,3043.0,4
rb1805,20170703,20170630,211446500,3044.0,1992,77330,60585400.0,3044.0,1,3043.0,4
rb1805,20170703,20170630,211451500,3044.0,1992,77330,60585400.0,3044.0,1,3043.0,9
rb1805,20170703,20170630,211452000,3044.0,1994,77330,60646280.0,3045.0,12,3044.0,4
rb1805,20170703,20170630,211452500,3044.0,1994,77330,60646280.0,3045.0,7,3044.0,4
rb1805,20170703,20170630,211453000,3044.0,1994,77330,60646280.0,3045.0,6,3044.0,4
rb1805,20170703,20170630,211455000,3044.0,1994,77330,60646280.0,3045.0,6,3044.0,4
rb1805,20170703,20170630,211457000,3044.0,1994,77330,60646280.0,3045.0,6,3044.0,9
rb1805,20170703,20170630,211459000,3044.0,1994,77330,60646280.0,3045.0,6,3044.0,9
rb1805,20170703,20170630,211504000,3044.0,1994,77330,60646280.0,3045.0,6,3044.0,9
rb1805,20170703,20170630,211504500,3045.0,2000,77330,60828980.0,3045.0,3,3044.0,9
rb1805,20170703,20170630,211505500,3045.0,2006,77330,61011680.0,3046.0,4,3045.0,1
rb1805,20170703,20170630,211506000,3045.0,2006,77330,61011680.0,3046.0,4,3044.0,9
rb1805,20170703,20170630,211506500,3045.0,2006,77330,61011680.0,3046.0,4,3044.0,9
rb1805,20170703,20170630,211507000,3045.0,2006,77330,61011680.0,3046.0,4,3044.0,9
rb1805,20170703,20170630,211508000,3045.0,2006,77330,61011680.0,3046.0,4,3045.0,2
rb1805,20170703,20170630,211509500,3045.0,2006,77330,61011680.0,3046.0,4,3045.0,2
rb1805,20170703,20170630,211511000,3045.0,2010,77328,61133480.0,3046.0,10,3044.0,5
rb1805,20170703,20170630,211511500,3045.0,2010,77328,61133480.0,3046.0,9,3044.0,5
rb1805,20170703,20170630,211514000,3045.0,2010,77328,61133480.0,3046.0,9,3044.0,5
rb1805,20170703,20170630,211514500,3045.0,2010,77328,61133480.0,3046.0,9,3044.0,5
rb1805,20170703,20170630,211515500,3045.0,2010,77328,61133480.0,3046.0,9,3044.0,5
rb1805,20170703,20170630,211516000,3045.0,2010,77328,61133480.0,3046.0,9,3044.0,5
rb1805,20170703,20170630,211517000,3045.0,2010,77328,61133480.0,3046.0,9,3043.0,8
rb1805,20170703,20170630,211517500,3045.0,2010,77328,61133480.0,3046.0,9,3044.0,3
rb1805,20170703,20170630,211520500,3045.0,2010,77328,61133480.0,3046.0,14,3044.0,3
rb1805,20170703,20170630,211521000,3045.0,2010,77328,61133480.0,3046.0,14,3044.0,3
rb1805,20170703,20170630,211521500,3045.0,2010,77328,61133480.0,3046.0,14,3044.0,3
rb1805,20170703,20170630,211523500,3045.0,2010,77328,61133480.0,3046.0,14,3044.0,3
rb1805,20170703,20170630,211528000,3045.0,2010,77328,61133480.0,3046.0,14,3044.0,3
rb1805,20170703,20170630,211529000,3045.0,2010,77328,61133480.0,3046.0,14,3044.0,4
rb1805,20170703,20170630,211529500,3045.0,2010,77328,61133480.0,3046.0,14,3044.0,9
rb1805,20170703,20170630,211532000,3045.0,2010,77328,61133480.0,3046.0,15,3044.0,9
rb1805,20170703,20170630,211533000,3045.0,2010,77328,61133480.0,3046.0,15,3044.0,10
rb1805,20170703,20170630,211535000,3045.0,2010,77328,61133480.0,3046.0,11,3044.0,10
rb1805,20170703,20170630,211536000,3045.0,2010,77328,61133480.0,3046.0,11,3044.0,9
rb1805,20170703,20170630,211536500,3045.0,2010,77328,61133480.0,3046.0,11,3045.0,1
rb1805,20170703,20170630,211539000,3046.0,2014,77326,61255320.0,3046.0,9,3045.0,6
rb1805,20170703,20170630,211540500,3046.0,2014,77326,61255320.0,3046.0,9,3045.0,6
rb1805,20170703,20170630,211541000,3046.0,2014,77326,61255320.0,3046.0,9,3045.0,6
rb1805,20170703,20170630,211541500,3046.0,2014,77326,61255320.0,3046.0,9,3045.0,6
rb1805,20170703,20170630,211542000,3046.0,2020,77326,61438080.0,3046.0,6,3045.0,6
rb1805,20170703,20170630,211542500,3046.0,2032,77328,61803600.0,3047.0,7,3046.0,1
rb1805,20170703,20170630,211543000,3046.0,2032,77328,61803600.0,3047.0,7,3045.0,6
rb1805,20170703,20170630,211543500,3045.0,2044,77326,62169000.0,3045.0,44,3044.0,10
rb1805,20170703,20170630,211544000,3045.0,2052,77326,62412600.0,3045.0,40,3044.0,11
rb1805,20170703,20170630,211544500,3045.0,2066,77326,62838900.0,3045.0,33,3044.0,11
rb1805,20170703,20170630,211545000,3045.0,2066,77326,62838900.0,3045.0,33,3044.0,5
rb1805,20170703,20170630,211545500,3044.0,2078,77324,63204180.0,3044.0,9,3043.0,8
rb1805,20170703,20170630,211546000,3044.0,2078,77324,63204180.0,3044.0,5,3043.0,3
rb1805,20170703,20170630,211546500,3043.0,2084,77320,63386760.0,3043.0,4,3042.0,4
rb1805,20170703,20170630,211547000,3043.0,2084,77320,63386760.0,3043.0,5,3042.0,4
rb1805,20170703,20170630,211547500,3042.0,2090,77318,63569280.0,3043.0,5,3042.0,1
rb1805,20170703,20170630,211548000,3042.0,2090,77318,63569280.0,3044.0,6,3042.0,1
rb1805,20170703,20170630,211548500,3042.0,2092,77318,63630120.0,3042.0,1,3041.0,5
rb1805,20170703,20170630,211549000,3042.0,2092,77318,63630120.0,3043.0,7,3041.0,5
rb1805,20170703,20170630,211549500,3042.0,2092,77318,63630120.0,3043.0,7,3041.0,5
rb1805,20170703,20170630,211550000,3042.0,2092,77318,63630120.0,3043.0,7,3041.0,5
rb1805,20170703,20170630,211551000,3042.0,2092,77318,63630120.0,3043.0,7,3041.0,5
rb1805,20170703,20170630,211553000,3042.0,2092,77318,63630120.0,3043.0,7,3042.0,2
rb1805,20170703,20170630,211554500,3042.0,2092,77318,63630120.0,3043.0,2,3042.0,3
rb1805,20170703,20170630,211555000,3042.0,2092,77318,63630120.0,3043.0,2,3042.0,3
rb1805,20170703,20170630,211555500,3042.0,2092,77318,63630120.0,3043.0,2,3042.0,4
rb1805,20170703,20170630,211558500,3043.0,2096,77322,63751840.0,3044.0,5,3042.0,4
rb1805,20170703,20170630,211559500,3043.0,2096,77322,63751840.0,3044.0,5,3042.0,4
rb1805,20170703,20170630,211600500,3043.0,2096,77322,63751840.0,3044.0,5,3042.0,6
rb1805,20170703,20170630,211601000,3043.0,2096,77322,63751840.0,3044.0,5,3043.0,1
rb1805,20170703,20170630,211601500,3043.0,2096,77322,63751840.0,3045.0,38,3043.0,1
rb1805,20170703,20170630,211602000,3043.0,2096,77322,63751840.0,3045.0,39,3043.0,1
rb1805,20170703,20170630,211604000,3043.0,2096,77322,63751840.0,3045.0,39,3043.0,1
rb1805,20170703,20170630,211605000,3043.0,2096,77322,63751840.0,3044.0,1,3043.0,1
rb1805,20170703,20170630,211606000,3043.0,2096,77322,63751840.0,3044.0,7,3043.0,1
rb1805,20170703,20170630,211606500,3043.0,2098,77322,63812700.0,3043.0,3,3042.0,7
rb1805,20170703,20170630,211607000,3043.0,2098,77322,63812700.0,3044.0,7,3042.0,7
rb1805,20170703,20170630,211608000,3043.0,2098,77322,63812700.0,3043.0,1,3042.0,7
rb1805,20170703,20170630,211609000,3043.0,2098,77322,63812700.0,3044.0,6,3042.0,7
rb1805,20170703,20170630,211610000,3043.0,2098,77322,63812700.0,3044.0,2,3042.0,7
rb1805,20170703,20170630,211610500,3043.0,2098,77322,63812700.0,3044.0,1,3042.0,7
rb1805,20170703,20170630,211611500,3043.0,2098,77322,63812700.0,3043.0,5,3042.0,7
rb1805,20170703,20170630,211612500,3043.0,2098,77322,63812700.0,3043.0,5,3042.0,7
rb1805,20170703,20170630,211614500,3043.0,2098,77322,63812700.0,3043.0,5,3042.0,7
rb1805,20170703,20170630,211616000,3043.0,2098,77322,63812700.0,3043.0,5,3042.0,7
rb1805,20170703,20170630,211616500,3043.0,2098,77322,63812700.0,3043.0,5,3042.0,8
rb1805,20170703,20170630,211619500,3043.0,2098,77322,63812700.0,3043.0,5,3042.0,9
rb1805,20170703,20170630,211622000,3043.0,2098,77322,63812700.0,3043.0,5,3042.0,8
rb1805,20170703,20170630,211622500,3043.0,2098,77322,63812700.0,3043.0,5,3042.0,8
rb1805,20170703,20170630,211623500,3043.0,2098,77322,63812700.0,3043.0,5,3042.0,8
rb1805,20170703,20170630,211624000,3043.0,2098,77322,63812700.0,3043.0,5,3042.0,9
rb1805,20170703,20170630,211624500,3043.0,2098,77322,63812700.0,3043.0,5,3042.0,9
rb1805,20170703,20170630,211628000,3043.0,2098,77322,63812700.0,3043.0,7,3042.0,9
rb1805,20170703,20170630,211628500,3043.0,2098,77322,63812700.0,3043.0,7,3042.0,9
rb1805,20170703,20170630,211630000,3043.0,2098,77322,63812700.0,3043.0,7,3042.0,10
rb1805,20170703,20170630,211633000,3043.0,2098,77322,63812700.0,3043.0,7,3042.0,10
rb1805,20170703,20170630,211633500,3043.0,2098,77322,63812700.0,3043.0,7,3042.0,10
rb1805,20170703,20170630,211634500,3043.0,2098,77322,63812700.0,3043.0,7,3042.0,10
rb1805,20170703,20170630,211641000,3043.0,2098,77322,63812700.0,3043.0,7,3042.0,10
rb1805,20170703,20170630,211642500,3043.0,2098,77322,63812700.0,3043.0,7,3042.0,10
rb1805,20170703,20170630,211643500,3043.0,2098,77322,63812700.0,3043.0,12,3042.0,10
rb1805,20170703,20170630,211644000,3042.0,2108,77322,64116900.0,3043.0,13,3042.0,5
rb1805,20170703,20170630,211644500,3042.0,2108,77322,64116900.0,3043.0,14,3042.0,5
rb1805,20170703,20170630,211647500,3042.0,2108,77322,64116900.0,3043.0,14,3042.0,4
rb1805,20170703,20170630,211648000,3042.0,2108,77322,64116900.0,3043.0,14,3042.0,4
rb1805,20170703,20170630,211649500,3042.0,2108,77322,64116900.0,3043.0,14,3042.0,6
rb1805,20170703,20170630,211651500,3042.0,2108,77322,64116900.0,3043.0,14,3042.0,6
rb1805,20170703,20170630,211652000,3042.0,2108,77322,64116900.0,3043.0,8,3042.0,6
rb1805,20170703,20170630,211652500,3042.0,2108,77322,64116900.0,3043.0,7,3042.0,6
rb1805,20170703,20170630,211653000,3042.0,2108,77322,64116900.0,3043.0,7,3042.0,7
rb1805,20170703,20170630,211654500,3042.0,2108,77322,64116900.0,3043.0,7,3042.0,7
rb1805,20170703,20170630,211657000,3042.0,2108,77322,64116900.0,3043.0,7,3042.0,6
rb1805,20170703,20170630,211658000,3042.0,2110,77324,64177740.0,3043.0,7,3042.0,5
rb1805,20170703,20170630,211658500,3042.0,2110,77324,64177740.0,3043.0,7,3042.0,6
rb1805,20170703,20170630,211659000,3042.0,2110,77324,64177740.0,3043.0,7,3042.0,6
rb1805,20170703,20170630,211705000,3042.0,2116,77322,64360260.0,3043.0,7,3042.0,3
rb1805,20170703,20170630,211710000,3042.0,2116,77322,64360260.0,3043.0,7,3042.0,3
rb1805,20170703,20170630,211713000,3043.0,2124,77322,64603700.0,3043.0,3,3042.0,3
rb1805,20170703,20170630,211714000,3043.0,2124,77322,64603700.0,3043.0,3,3042.0,3
rb1805,20170703,20170630,211715000,3043.0,2130,77322,64786280.0,3044.0,2,3043.0,7
rb1805,20170703,20170630,211715500,3044.0,2134,77322,64908040.0,3045.0,39,3044.0,3
rb1805,20170703,20170630,211716000,3044.0,2134,77322,64908040.0,3045.0,34,3043.0,7
rb1805,20170703,20170630,211718000,3044.0,2134,77322,64908040.0,3045.0,34,3043.0,7
rb1805,20170703,20170630,211718500,3044.0,2134,77322,64908040.0,3045.0,34,3043.0,7
rb1805,20170703,20170630,211720000,3044.0,2134,77322,64908040.0,3045.0,34,3043.0,7
rb1805,20170703,20170630,211723500,3044.0,2134,77322,64908040.0,3045.0,34,3043.0,8
rb1805,20170703,20170630,211726500,3044.0,2134,77322,64908040.0,3045.0,34,3043.0,8
rb1805,20170703,20170630,211727500,3044.0,2134,77322,64908040.0,3045.0,34,3043.0,13
rb1805,20170703,20170630,211729000,3044.0,2134,77322,64908040.0,3045.0,34,3043.0,13
rb1805,20170703,20170630,211734000,3044.0,2134,77322,64908040.0,3044.0,1,3043.0,13
rb1805,20170703,20170630,211736000,3044.0,2134,77322,64908040.0,3044.0,1,3043.0,13
rb1805,20170703,20170630,211739000,3044.0,2136,77322,64968920.0,3045.0,34,3043.0,13
rb1805,20170703,20170630,211739500,3044.0,2136,77322,64968920.0,3045.0,34,3043.0,13
rb1805,20170703,20170630,211742000,3044.0,2136,77322,64968920.0,3045.0,34,3043.0,13
rb1805,20170703,20170630,211743500,3044.0,2136,77322,64968920.0,3045.0,35,3043.0,13
rb1805,20170703,20170630,211744000,3044.0,2136,77322,64968920.0,3045.0,35,3043.0,13
rb1805,20170703,20170630,211744500,3045.0,2146,77322,65273420.0,3045.0,30,3043.0,13
rb1805,20170703,20170630,211749500,3045.0,2150,77322,65395220.0,3045.0,28,3043.0,14
rb1805,20170703,20170630,211750000,3045.0,2156,77322,65577920.0,3045.0,25,3044.0,4
rb1805,20170703,20170630,211751000,3045.0,2160,77320,65699720.0,3045.0,23,3044.0,4
rb1805,20170703,20170630,211751500,3045.0,2168,77318,65943320.0,3045.0,19,3044.0,4
rb1805,20170703,20170630,211752000,3045.0,2170,77318,66004220.0,3045.0,18,3044.0,4
rb1805,20170703,20170630,211753000,3045.0,2190,77298,66613220.0,3045.0,8,3044.0,4
rb1805,20170703,20170630,211754000,3045.0,2190,77298,66613220.0,3045.0,8,3044.0,4
rb1805,20170703,20170630,211754500,3045.0,2190,77298,66613220.0,3045.0,8,3044.0,2
rb1805,20170703,20170630,211755000,3045.0,2190,77298,66613220.0,3045.0,8,3044.0,3
rb1805,20170703,20170630,211755500,3045.0,2190,77298,66613220.0,3045.0,8,3043.0,12
rb1805,20170703,20170630,211757000,3045.0,2190,77298,66613220.0,3045.0,8,3044.0,2
rb1805,20170703,20170630,211757500,3045.0,2190,77298,66613220.0,3045.0,8,3043.0,12
rb1805,20170703,20170630,211758000,3045.0,2190,77298,66613220.0,3045.0,8,3044.0,2
rb1805,20170703,20170630,211759500,3045.0,2190,77298,66613220.0,3045.0,8,3044.0,3
rb1805,20170703,20170630,211801000,3045.0,2190,77298,66613220.0,3045.0,8,3044.0,4
rb1805,20170703,20170630,211802000,3045.0,2190,77298,66613220.0,3045.0,8,3044.0,7
rb1805,20170703,20170630,211803500,3045.0,2190,77298,66613220.0,3045.0,8,3044.0,9
rb1805,20170703,20170630,211806000,3045.0,2190,77298,66613220.0,3045.0,8,3044.0,12
rb1805,20170703,20170630,211807000,3045.0,2190,77298,66613220.0,3045.0,8,3044.0,15
rb1805,20170703,20170630,211807500,3045.0,2190,77298,66613220.0,3045.0,8,3044.0,17
rb1805,20170703,20170630,211808000,3045.0,2200,77290,66917720.0,3045.0,3,3044.0,17
rb1805,20170703,20170630,211808500,3045.0,2206,77292,67100420.0,3046.0,12,3045.0,5
rb1805,20170703,20170630,211809000,3046.0,2218,77302,67465940.0,3046.0,6,3045.0,16
rb1805,20170703,20170630,211809500,3046.0,2230,77312,67831460.0,3047.0,5,3046.0,2
rb1805,20170703,20170630,211810000,3046.0,2230,77312,67831460.0,3047.0,5,3046.0,1
rb1805,20170703,20170630,211810500,3046.0,2230,77312,67831460.0,3047.0,5,3046.0,2
rb1805,20170703,20170630,211811000,3046.0,2234,77310,67953300.0,3046.0,4,3045.0,13
rb1805,20170703,20170630,211811500,3045.0,2236,77310,68014200.0,3046.0,4,3045.0,12
rb1805,20170703,20170630,211814500,3046.0,2244,77302,68257880.0,3047.0,11,3046.0,26
rb1805,20170703,20170630,211815000,3046.0,2266,77282,68928000.0,3047.0,10,3046.0,15
rb1805,20170703,20170630,211815500,3046.0,2294,77282,69780880.0,3047.0,11,3046.0,1
rb1805,20170703,20170630,211816000,3046.0,2296,77280,69841800.0,3047.0,11,3045.0,12
rb1805,20170703,20170630,211816500,3046.0,2296,77280,69841800.0,3046.0,1,3045.0,12
rb1805,20170703,20170630,211817000,3046.0,2296,77280,69841800.0,3046.0,7,3045.0,13
rb1805,20170703,20170630,211817500,3046.0,2296,77280,69841800.0,3046.0,7,3045.0,13
rb1805,20170703,20170630,211818000,3046.0,2296,77280,69841800.0,3046.0,8,3045.0,13
rb1805,20170703,20170630,211818500,3046.0,2296,77280,69841800.0,3046.0,9,3045.0,13
rb1805,20170703,20170630,211819000,3046.0,2316,77288,70450900.0,3046.0,5,3045.0,8
rb1805,20170703,20170630,211820500,3046.0,2316,77288,70450900.0,3046.0,5,3045.0,18
rb1805,20170703,20170630,211821000,3046.0,2316,77288,70450900.0,3046.0,4,3045.0,19
rb1805,20170703,20170630,211821500,3046.0,2318,77288,70511820.0,3046.0,2,3045.0,19
rb1805,20170703,20170630,211822000,3046.0,2318,77288,70511820.0,3046.0,1,3045.0,19
rb1805,20170703,20170630,211822500,3046.0,2318,77288,70511820.0,3047.0,12,3045.0,19
rb1805,20170703,20170630,211823000,3046.0,2318,77288,70511820.0,3047.0,11,3045.0,24
rb1805,20170703,20170630,211825000,3046.0,2322,77288,70633660.0,3047.0,11,3046.0,8
rb1805,20170703,20170630,211825500,3046.0,2322,77288,70633660.0,3047.0,6,3046.0,8
rb1805,20170703,20170630,211827000,3046.0,2322,77288,70633660.0,3047.0,7,3046.0,8
rb1805,20170703,20170630,211828000,3046.0,2322,77288,70633660.0,3047.0,6,3046.0,8
rb1805,20170703,20170630,211829000,3046.0,2322,77288,70633660.0,3047.0,7,3046.0,8
rb1805,20170703,20170630,211829500,3046.0,2322,77288,70633660.0,3047.0,8,3046.0,8
rb1805,20170703,20170630,211834500,3046.0,2324,77290,70694580.0,3047.0,8,3046.0,7
rb1805,20170703,20170630,211837500,3046.0,2324,77290,70694580.0,3047.0,8,3046.0,7
rb1805,20170703,20170630,211838000,3046.0,2326,77290,70755500.0,3047.0,8,3046.0,6
rb1805,20170703,20170630,211839500,3046.0,2326,77290,70755500.0,3047.0,8,3046.0,12
rb1805,20170703,20170630,211842000,3046.0,2326,77290,70755500.0,3047.0,8,3046.0,12
rb1805,20170703,20170630,211843500,3046.0,2326,77290,70755500.0,3047.0,8,3046.0,12
rb1805,20170703,20170630,211846000,3047.0,2342,77298,71243020.0,3048.0,6,3047.0,42
rb1805,20170703,20170630,211846500,3047.0,2342,77298,71243020.0,3048.0,6,3047.0,42
rb1805,20170703,20170630,211848500,3047.0,2342,77298,71243020.0,3048.0,6,3047.0,43
rb1805,20170703,20170630,211849000,3047.0,2342,77298,71243020.0,3048.0,6,3047.0,43
rb1805,20170703,20170630,211853000,3047.0,2342,77298,71243020.0,3048.0,7,3047.0,43
rb1805,20170703,20170630,211854000,3047.0,2342,77298,71243020.0,3048.0,7,3047.0,43
rb1805,20170703,20170630,211855500,3048.0,2344,77296,71303980.0,3048.0,7,3047.0,43
rb1805,20170703,20170630,211857500,3048.0,2344,77296,71303980.0,3048.0,7,3047.0,43
rb1805,20170703,20170630,211858000,3048.0,2344,77296,71303980.0,3048.0,7,3047.0,44
rb1805,20170703,20170630,211859000,3048.0,2344,77296,71303980.0,3048.0,7,3047.0,49
rb1805,20170703,20170630,211859500,3047.0,2442,77296,74290040.0,3047.0,51,3046.0,13
rb1805,20170703,20170630,211900500,3047.0,2446,77292,74411920.0,3047.0,49,3046.0,13
rb1805,20170703,20170630,211901000,3047.0,2486,77252,75630720.0,3047.0,29,3046.0,8
rb1805,20170703,20170630,211901500,3047.0,2486,77252,75630720.0,3047.0,29,3046.0,13
rb1805,20170703,20170630,211902000,3047.0,2486,77252,75630720.0,3047.0,29,3046.0,13
rb1805,20170703,20170630,211902500,3047.0,2514,77234,76483880.0,3047.0,16,3046.0,13
rb1805,20170703,20170630,211903000,3047.0,2536,77232,77154220.0,3047.0,5,3046.0,13
rb1805,20170703,20170630,211903500,3047.0,2536,77232,77154220.0,3047.0,5,3046.0,14
rb1805,20170703,20170630,211905500,3047.0,2536,77232,77154220.0,3047.0,6,3046.0,14
rb1805,20170703,20170630,211906500,3047.0,2536,77232,77154220.0,3047.0,6,3046.0,14
rb1805,20170703,20170630,211907000,3047.0,2536,77232,77154220.0,3047.0,6,3046.0,14
rb1805,20170703,20170630,211908000,3047.0,2536,77232,77154220.0,3047.0,6,3046.0,14
rb1805,20170703,20170630,211909500,3047.0,2538,77230,77215160.0,3047.0,5,3046.0,16
rb1805,20170703,20170630,211911500,3047.0,2538,77230,77215160.0,3047.0,10,3046.0,16
rb1805,20170703,20170630,211912000,3047.0,2538,77230,77215160.0,3047.0,10,3046.0,11
rb1805,20170703,20170630,211912500,3047.0,2538,77230,77215160.0,3047.0,15,3046.0,11
rb1805,20170703,20170630,211913500,3047.0,2538,77230,77215160.0,3047.0,15,3046.0,11
rb1805,20170703,20170630,211914000,3047.0,2538,77230,77215160.0,3047.0,15,3046.0,10
rb1805,20170703,20170630,211914500,3047.0,2538,77230,77215160.0,3047.0,15,3046.0,10
rb1805,20170703,20170630,211915500,3047.0,2538,77230,77215160.0,3047.0,10,3046.0,11
rb1805,20170703,20170630,211916000,3047.0,2538,77230,77215160.0,3047.0,10,3046.0,12
rb1805,20170703,20170630,211917000,3047.0,2540,77228,77276100.0,3047.0,9,3046.0,12
rb1805,20170703,20170630,211918500,3047.0,2542,77228,77337040.0,3047.0,13,3046.0,12
rb1805,20170703,20170630,211919000,3047.0,2542,77228,77337040.0,3047.0,8,3046.0,12
rb1805,20170703,20170630,211919500,3047.0,2542,77228,77337040.0,3047.0,8,3046.0,11
rb1805,20170703,20170630,211921000,3047.0,2544,77226,77397980.0,3047.0,7,3046.0,11
rb1805,20170703,20170630,211921500,3047.0,2544,77226,77397980.0,3047.0,7,3046.0,16
rb1805,20170703,20170630,211922500,3047.0,2546,77226,77458920.0,3047.0,6,3046.0,15
rb1805,20170703,20170630,211923500,3047.0,2550,77224,77580800.0,3047.0,4,3046.0,15
rb1805,20170703,20170630,211925000,3047.0,2550,77224,77580800.0,3047.0,4,3046.0,15
rb1805,20170703,20170630,211927000,3047.0,2550,77224,77580800.0,3047.0,4,3046.0,20
rb1805,20170703,20170630,211927500,3047.0,2550,77224,77580800.0,3047.0,4,3046.0,15
rb1805,20170703,20170630,211930000,3047.0,2550,77224,77580800.0,3047.0,4,3046.0,15
rb1805,20170703,20170630,211930500,3047.0,2556,77224,77763620.0,3047.0,1,3046.0,15
rb1805,20170703,20170630,211932000,3047.0,2558,77224,77824560.0,3048.0,7,3046.0,15
rb1805,20170703,20170630,211932500,3047.0,2558,77224,77824560.0,3048.0,7,3046.0,21
rb1805,20170703,20170630,211933500,3047.0,2558,77224,77824560.0,3048.0,7,3046.0,20
rb1805,20170703,20170630,211934500,3047.0,2558,77224,77824560.0,3048.0,7,3046.0,20
rb1805,20170703,20170630,211936000,3047.0,2558,77224,77824560.0,3048.0,12,3046.0,15
rb1805,20170703,20170630,211937000,3047.0,2558,77224,77824560.0,3048.0,12,3046.0,15
rb1805,20170703,20170630,211938000,3047.0,2558,77224,77824560.0,3048.0,12,3046.0,15
rb1805,20170703,20170630,211938500,3046.0,2562,77224,77946400.0,3048.0,7,3046.0,18
rb1805,20170703,20170630,211939000,3046.0,2562,77224,77946400.0,3048.0,7,3046.0,17
rb1805,20170703,20170630,211941500,3046.0,2562,77224,77946400.0,3048.0,7,3047.0,2
rb1805,20170703,20170630,211943500,3046.0,2562,77224,77946400.0,3048.0,13,3047.0,2
rb1805,20170703,20170630,211944000,3047.0,2566,77224,78068280.0,3047.0,3,3046.0,17
rb1805,20170703,20170630,211944500,3047.0,2566,77224,78068280.0,3048.0,13,3046.0,12
rb1805,20170703,20170630,211946000,3047.0,2566,77224,78068280.0,3048.0,12,3047.0,1
rb1805,20170703,20170630,211946500,3047.0,2568,77224,78129220.0,3047.0,2,3046.0,12
rb1805,20170703,20170630,211947000,3046.0,2570,77226,78190140.0,3048.0,8,3046.0,11
rb1805,20170703,20170630,211947500,3046.0,2570,77226,78190140.0,3047.0,1,3046.0,11
rb1805,20170703,20170630,211948500,3047.0,2572,77226,78251080.0,3048.0,7,3046.0,11
rb1805,20170703,20170630,211949500,3047.0,2572,77226,78251080.0,3048.0,7,3046.0,16
rb1805,20170703,20170630,211951500,3048.0,2574,77224,78312040.0,3048.0,6,3046.0,16
rb1805,20170703,20170630,211952000,3048.0,2574,77224,78312040.0,3047.0,1,3046.0,16
rb1805,20170703,20170630,211952500,3048.0,2576,77224,78373000.0,3048.0,6,3046.0,16
rb1805,20170703,20170630,211953000,3048.0,2576,77224,78373000.0,3048.0,6,3046.0,16
rb1805,20170703,20170630,211954500,3048.0,2590,77214,78799720.0,3049.0,2,3048.0,3
rb1805,20170703,20170630,211955000,3048.0,2594,77212,78921640.0,3049.0,2,3048.0,1
rb1805,20170703,20170630,211956000,3046.0,2614,77230,79530880.0,3049.0,2,3046.0,7
rb1805,20170703,20170630,211956500,3046.0,2614,77230,79530880.0,3049.0,7,3047.0,2
rb1805,20170703,20170630,211957000,3046.0,2614,77230,79530880.0,3049.0,8,3047.0,2
rb1805,20170703,20170630,211957500,3046.0,2614,77230,79530880.0,3048.0,1,3047.0,2
rb1805,20170703,20170630,211958500,3046.0,2614,77230,79530880.0,3048.0,1,3047.0,2
rb1805,20170703,20170630,212001000,3046.0,2614,77230,79530880.0,3048.0,6,3047.0,2
rb1805,20170703,20170630,212002000,3046.0,2614,77230,79530880.0,3048.0,7,3047.0,2
rb1805,20170703,20170630,212002500,3046.0,2614,77230,79530880.0,3048.0,2,3047.0,2
rb1805,20170703,20170630,212003500,3046.0,2614,77230,79530880.0,3048.0,2,3047.0,2
rb1805,20170703,20170630,212005000,3046.0,2614,77230,79530880.0,3048.0,2,3047.0,2
rb1805,20170703,20170630,212005500,3046.0,2614,77230,79530880.0,3048.0,7,3047.0,2
rb1805,20170703,20170630,212006000,3046.0,2614,77230,79530880.0,3048.0,8,3047.0,2
rb1805,20170703,20170630,212006500,3047.0,2620,77224,79713700.0,3048.0,8,3046.0,8
rb1805,20170703,20170630,212007000,3047.0,2620,77224,79713700.0,3047.0,100,3046.0,8
rb1805,20170703,20170630,212007500,3047.0,2620,77224,79713700.0,3047.0,100,3046.0,8
rb1805,20170703,20170630,212008500,3047.0,2620,77224,79713700.0,3047.0,100,3046.0,8
rb1805,20170703,20170630,212009000,3046.0,2626,77222,79896460.0,3047.0,102,3046.0,1
rb1805,20170703,20170630,212009500,3046.0,2628,77222,79957380.0,3046.0,5,3045.0,8
rb1805,20170703,20170630,212010000,3046.0,2630,77222,80018300.0,3046.0,1,3045.0,3
rb1805,20170703,20170630,212013000,3046.0,2632,77224,80079220.0,3047.0,107,3045.0,4
rb1805,20170703,20170630,212017500,3046.0,2632,77224,80079220.0,3047.0,107,3045.0,4
rb1805,20170703,20170630,212019000,3046.0,2634,77226,80140140.0,3047.0,107,3045.0,4
rb1805,20170703,20170630,212020500,3046.0,2634,77226,80140140.0,3046.0,2,3045.0,4
rb1805,20170703,20170630,212021500,3046.0,2634,77226,80140140.0,3047.0,107,3045.0,4
rb1805,20170703,20170630,212022000,3046.0,2634,77226,80140140.0,3047.0,106,3045.0,4
rb1805,20170703,20170630,212023500,3046.0,2634,77226,80140140.0,3047.0,111,3045.0,4
rb1805,20170703,20170630,212024000,3046.0,2634,77226,80140140.0,3047.0,111,3045.0,4
rb1805,20170703,20170630,212025000,3046.0,2634,77226,80140140.0,3047.0,112,3045.0,4
rb1805,20170703,20170630,212025500,3046.0,2634,77226,80140140.0,3047.0,107,3045.0,8
rb1805,20170703,20170630,212026500,3046.0,2634,77226,80140140.0,3047.0,107,3045.0,8
rb1805,20170703,20170630,212027000,3046.0,2634,77226,80140140.0,3047.0,107,3045.0,8
rb1805,20170703,20170630,212028000,3046.0,2634,77226,80140140.0,3047.0,107,3045.0,9
rb1805,20170703,20170630,212029000,3046.0,2634,77226,80140140.0,3047.0,107,3045.0,8
rb1805,20170703,20170630,212033500,3046.0,2634,77226,80140140.0,3047.0,107,3045.0,10
rb1805,20170703,20170630,212038000,3046.0,2634,77226,80140140.0,3047.0,107,3045.0,9
rb1805,20170703,20170630,212039500,3046.0,2634,77226,80140140.0,3047.0,107,3045.0,10
rb1805,20170703,20170630,212040500,3046.0,2634,77226,80140140.0,3047.0,107,3045.0,10
rb1805,20170703,20170630,212041500,3046.0,2634,77226,80140140.0,3047.0,107,3045.0,9
rb1805,20170703,20170630,212042500,3046.0,2634,77226,80140140.0,3047.0,107,3045.0,10
rb1805,20170703,20170630,212045500,3046.0,2634,77226,80140140.0,3046.0,1,3045.0,10
rb1805,20170703,20170630,212046000,3046.0,2636,77224,80201060.0,3047.0,107,3045.0,6
rb1805,20170703,20170630,212049500,3046.0,2636,77224,80201060.0,3047.0,112,3045.0,6
rb1805,20170703,20170630,212050000,3046.0,2636,77224,80201060.0,3047.0,112,3045.0,6
rb1805,20170703,20170630,212053000,3045.0,2638,77222,80261960.0,3047.0,112,3045.0,5
rb1805,20170703,20170630,212055000,3045.0,2638,77222,80261960.0,3047.0,111,3045.0,5
rb1805,20170703,20170630,212057500,3045.0,2640,77222,80322860.0,3047.0,111,3045.0,4
rb1805,20170703,20170630,212102000,3045.0,2640,77222,80322860.0,3047.0,111,3045.0,4
rb1805,20170703,20170630,212104500,3045.0,2640,77222,80322860.0,3047.0,111,3045.0,4
rb1805,20170703,20170630,212106000,3045.0,2640,77222,80322860.0,3047.0,111,3045.0,5
rb1805,20170703,20170630,212106500,3045.0,2642,77222,80383760.0,3047.0,111,3045.0,4
rb1805,20170703,20170630,212110000,3045.0,2642,77222,80383760.0,3047.0,111,3045.0,4
rb1805,20170703,20170630,212110500,3045.0,2642,77222,80383760.0,3047.0,111,3045.0,8
rb1805,20170703,20170630,212111000,3045.0,2642,77222,80383760.0,3047.0,110,3045.0,8
rb1805,20170703,20170630,212111500,3047.0,2644,77222,80444700.0,3047.0,109,3045.0,9
rb1805,20170703,20170630,212113500,3045.0,2646,77222,80505600.0,3047.0,104,3045.0,8
rb1805,20170703,20170630,212115000,3045.0,2648,77222,80566500.0,3047.0,104,3045.0,7
rb1805,20170703,20170630,212117000,3045.0,2648,77222,80566500.0,3047.0,104,3045.0,7
rb1805,20170703,20170630,212118000,3045.0,2648,77222,80566500.0,3047.0,104,3045.0,6
rb1805,20170703,20170630,212120000,3047.0,2650,77220,80627440.0,3047.0,103,3045.0,7
rb1805,20170703,20170630,212121000,3047.0,2650,77220,80627440.0,3047.0,105,3045.0,7
rb1805,20170703,20170630,212122500,3045.0,2652,77220,80688340.0,3047.0,105,3045.0,6
rb1805,20170703,20170630,212123000,3045.0,2652,77220,80688340.0,3047.0,105,3045.0,6
rb1805,20170703,20170630,212123500,3045.0,2652,77220,80688340.0,3047.0,106,3045.0,6
rb1805,20170703,20170630,212130000,3045.0,2654,77218,80749240.0,3047.0,106,3045.0,5
rb1805,20170703,20170630,212134500,3045.0,2654,77218,80749240.0,3047.0,106,3045.0,7
rb1805,20170703,20170630,212135500,3045.0,2654,77218,80749240.0,3047.0,106,3045.0,7
rb1805,20170703,20170630,212136000,3045.0,2654,77218,80749240.0,3047.0,106,3045.0,8
rb1805,20170703,20170630,212136500,3045.0,2656,77216,80810140.0,3047.0,106,3045.0,7
rb1805,20170703,20170630,212138500,3045.0,2656,77216,80810140.0,3047.0,106,3045.0,7
rb1805,20170703,20170630,212141000,3045.0,2656,77216,80810140.0,3047.0,106,3045.0,7
rb1805,20170703,20170630,212142000,3045.0,2656,77216,80810140.0,3047.0,107,3045.0,7
rb1805,20170703,20170630,212149500,3045.0,2656,77216,80810140.0,3047.0,107,3045.0,7
rb1805,20170703,20170630,212152500,3045.0,2656,77216,80810140.0,3047.0,107,3046.0,1
rb1805,20170703,20170630,212156500,3045.0,2656,77216,80810140.0,3047.0,108,3046.0,1
rb1805,20170703,20170630,212157500,3047.0,2658,77216,80871080.0,3047.0,107,3046.0,1
rb1805,20170703,20170630,212158500,3047.0,2660,77214,80932020.0,3047.0,106,3046.0,1
rb1805,20170703,20170630,212201500,3047.0,2660,77214,80932020.0,3047.0,106,3046.0,2
