instrument,tradingday,calendarday,time,lastp,volume,openinterest,turnover,ask1,asksz1,bid1,bidsz1
rb1805,20170522,20170519,183614500,2832.0,0,21658,0.0,0.0,0,0.0,0
rb1805,20170522,20170519,205900500,2841.0,8,21654,227280.0,2844.0,1,2840.0,2
rb1805,20170522,20170519,210000500,2844.0,18,21660,511520.0,2845.0,1,2844.0,12
rb1805,20170522,20170519,210001000,2844.0,26,21664,739040.0,2845.0,1,2844.0,8
rb1805,20170522,20170519,210001500,2844.0,44,21682,1250960.0,2845.0,2,2840.0,1
rb1805,20170522,20170519,210002000,2841.0,48,21682,1364600.0,2843.0,1,2840.0,1
rb1805,20170522,20170519,210002500,2840.0,50,21682,1421400.0,2843.0,1,2838.0,10
rb1805,20170522,20170519,210003000,2838.0,70,21702,1989000.0,2842.0,2,2835.0,4
rb1805,20170522,20170519,210003500,2838.0,70,21702,1989000.0,2843.0,1,2838.0,2
rb1805,20170522,20170519,210004000,2838.0,70,21702,1989000.0,2841.0,23,2836.0,2
rb1805,20170522,20170519,210004500,2838.0,70,21702,1989000.0,2840.0,2,2837.0,5
rb1805,20170522,20170519,210005000,2837.0,80,21712,2272700.0,2840.0,8,2835.0,4
rb1805,20170522,20170519,210005500,2837.0,80,21712,2272700.0,2839.0,5,2837.0,2
rb1805,20170522,20170519,210006000,2836.0,86,21706,2442900.0,2839.0,5,2836.0,1
rb1805,20170522,20170519,210006500,2836.0,88,21706,2499620.0,2839.0,5,2836.0,2
rb1805,20170522,20170519,210007000,2836.0,92,21702,2613060.0,2839.0,5,2836.0,2
rb1805,20170522,20170519,210007500,2836.0,96,21698,2726500.0,2839.0,5,2836.0,2
rb1805,20170522,20170519,210008000,2836.0,100,21694,2839940.0,2839.0,5,2835.0,2
rb1805,20170522,20170519,210008500,2836.0,100,21694,2839940.0,2836.0,1,2835.0,2
rb1805,20170522,20170519,210009000,2836.0,100,21694,2839940.0,2836.0,1,2835.0,2
rb1805,20170522,20170519,210009500,2835.0,104,21698,2953340.0,2835.0,1,2831.0,2
rb1805,20170522,20170519,210010000,2835.0,104,21698,2953340.0,2835.0,3,2832.0,6
rb1805,20170522,20170519,210010500,2835.0,104,21698,2953340.0,2835.0,3,2832.0,8
rb1805,20170522,20170519,210011000,2835.0,104,21698,2953340.0,2835.0,3,2832.0,2
rb1805,20170522,20170519,210011500,2835.0,104,21698,2953340.0,2835.0,3,2831.0,2
rb1805,20170522,20170519,210012000,2835.0,104,21698,2953340.0,2835.0,3,2831.0,2
rb1805,20170522,20170519,210013000,2835.0,106,21700,3010040.0,2835.0,2,2831.0,2
rb1805,20170522,20170519,210013500,2831.0,108,21700,3066660.0,2836.0,3,2831.0,1
rb1805,20170522,20170519,210014500,2836.0,110,21700,3123380.0,2836.0,2,2832.0,1
rb1805,20170522,20170519,210015000,2836.0,110,21700,3123380.0,2836.0,2,2832.0,1
rb1805,20170522,20170519,210015500,2836.0,110,21700,3123380.0,2836.0,7,2832.0,1
rb1805,20170522,20170519,210016000,2836.0,110,21700,3123380.0,2836.0,7,2832.0,1
rb1805,20170522,20170519,210017000,2836.0,110,21700,3123380.0,2835.0,9,2832.0,1
rb1805,20170522,20170519,210017500,2836.0,110,21700,3123380.0,2836.0,7,2832.0,1
rb1805,20170522,20170519,210018000,2836.0,110,21700,3123380.0,2836.0,7,2835.0,1
rb1805,20170522,20170519,210019500,2836.0,124,21704,3520420.0,2840.0,6,2836.0,3
rb1805,20170522,20170519,210020000,2836.0,124,21704,3520420.0,2841.0,1,2836.0,5
rb1805,20170522,20170519,210020500,2836.0,124,21704,3520420.0,2841.0,3,2836.0,5
rb1805,20170522,20170519,210021000,2836.0,124,21704,3520420.0,2840.0,2,2836.0,5
rb1805,20170522,20170519,210022500,2836.0,134,21706,3804020.0,2840.0,2,2835.0,1
rb1805,20170522,20170519,210023500,2836.0,134,21706,3804020.0,2840.0,2,2835.0,1
rb1805,20170522,20170519,210024000,2836.0,134,21706,3804020.0,2840.0,7,2835.0,1
rb1805,20170522,20170519,210024500,2836.0,134,21706,3804020.0,2839.0,2,2835.0,1
rb1805,20170522,20170519,210026000,2836.0,134,21706,3804020.0,2839.0,2,2835.0,1
rb1805,20170522,20170519,210028000,2836.0,134,21706,3804020.0,2838.0,5,2835.0,1
rb1805,20170522,20170519,210028500,2836.0,134,21706,3804020.0,2838.0,5,2836.0,1
rb1805,20170522,20170519,210029000,2836.0,136,21708,3860740.0,2839.0,2,2835.0,1
rb1805,20170522,20170519,210029500,2836.0,136,21708,3860740.0,2838.0,5,2835.0,1
rb1805,20170522,20170519,210030000,2836.0,136,21708,3860740.0,2838.0,5,2835.0,1
rb1805,20170522,20170519,210030500,2836.0,136,21708,3860740.0,2839.0,2,2835.0,1
rb1805,20170522,20170519,210031000,2838.0,138,21708,3917500.0,2838.0,4,2835.0,1
rb1805,20170522,20170519,210031500,2838.0,138,21708,3917500.0,2838.0,4,2835.0,1
rb1805,20170522,20170519,210032000,2838.0,138,21708,3917500.0,2839.0,2,2835.0,1
rb1805,20170522,20170519,210032500,2838.0,138,21708,3917500.0,2839.0,2,2835.0,1
rb1805,20170522,20170519,210033500,2838.0,138,21708,3917500.0,2838.0,4,2835.0,1
rb1805,20170522,20170519,210035500,2835.0,140,21710,3974200.0,2839.0,2,2832.0,2
rb1805,20170522,20170519,210036000,2838.0,142,21710,4030960.0,2838.0,4,2833.0,8
rb1805,20170522,20170519,210036500,2838.0,142,21710,4030960.0,2838.0,1,2833.0,8
rb1805,20170522,20170519,210037000,2838.0,142,21710,4030960.0,2838.0,3,2835.0,1
rb1805,20170522,20170519,210037500,2836.0,144,21710,4087680.0,2838.0,1,2836.0,1
rb1805,20170522,20170519,210038000,2836.0,146,21712,4144400.0,2838.0,1,2835.0,1
rb1805,20170522,20170519,210038500,2836.0,146,21712,4144400.0,2838.0,1,2835.0,1
rb1805,20170522,20170519,210039500,2836.0,146,21712,4144400.0,2838.0,3,2835.0,1
rb1805,20170522,20170519,210041000,2835.0,148,21714,4201100.0,2838.0,3,2832.0,2
rb1805,20170522,20170519,210042000,2835.0,148,21714,4201100.0,2837.0,2,2833.0,2
rb1805,20170522,20170519,210042500,2833.0,152,21714,4314420.0,2837.0,2,2832.0,2
rb1805,20170522,20170519,210043000,2833.0,152,21714,4314420.0,2837.0,2,2834.0,2
rb1805,20170522,20170519,210043500,2833.0,152,21714,4314420.0,2837.0,2,2834.0,2
rb1805,20170522,20170519,210045000,2833.0,152,21714,4314420.0,2837.0,2,2834.0,2
rb1805,20170522,20170519,210046000,2833.0,152,21714,4314420.0,2837.0,2,2832.0,2
rb1805,20170522,20170519,210046500,2833.0,154,21716,4371080.0,2837.0,2,2833.0,6
rb1805,20170522,20170519,210048000,2833.0,154,21716,4371080.0,2836.0,1,2833.0,6
rb1805,20170522,20170519,210048500,2833.0,156,21716,4427740.0,2836.0,8,2833.0,5
rb1805,20170522,20170519,210049500,2833.0,156,21716,4427740.0,2833.0,1,2832.0,2
rb1805,20170522,20170519,210050000,2833.0,156,21716,4427740.0,2833.0,1,2832.0,2
rb1805,20170522,20170519,210050500,2832.0,158,21718,4484380.0,2833.0,1,2832.0,1
rb1805,20170522,20170519,210051000,2832.0,160,21720,4541020.0,2833.0,1,2831.0,1
rb1805,20170522,20170519,210051500,2831.0,162,21722,4597640.0,2833.0,1,2830.0,9
rb1805,20170522,20170519,210052000,2833.0,164,21724,4654300.0,2836.0,3,2830.0,9
rb1805,20170522,20170519,210052500,2833.0,164,21724,4654300.0,2835.0,2,2831.0,1
rb1805,20170522,20170519,210053500,2831.0,166,21726,4710920.0,2835.0,3,2830.0,9
rb1805,20170522,20170519,210054500,2831.0,166,21726,4710920.0,2834.0,2,2830.0,9
rb1805,20170522,20170519,210055000,2834.0,168,21726,4767600.0,2834.0,1,2832.0,1
rb1805,20170522,20170519,210055500,2832.0,170,21728,4824240.0,2835.0,3,2834.0,1
rb1805,20170522,20170519,210056000,2834.0,172,21730,4880920.0,2835.0,3,2830.0,9
rb1805,20170522,20170519,210056500,2834.0,172,21730,4880920.0,2835.0,3,2831.0,1
rb1805,20170522,20170519,210057500,2831.0,174,21730,4937540.0,2835.0,3,2830.0,9
rb1805,20170522,20170519,210058500,2831.0,174,21730,4937540.0,2835.0,3,2830.0,10
rb1805,20170522,20170519,210059000,2831.0,174,21730,4937540.0,2835.0,6,2831.0,5
rb1805,20170522,20170519,210059500,2831.0,174,21730,4937540.0,2835.0,6,2830.0,10
rb1805,20170522,20170519,210100000,2831.0,174,21730,4937540.0,2835.0,4,2830.0,10
rb1805,20170522,20170519,210100500,2831.0,174,21730,4937540.0,2835.0,9,2830.0,10
rb1805,20170522,20170519,210101000,2830.0,180,21736,5107340.0,2835.0,9,2830.0,7
rb1805,20170522,20170519,210101500,2830.0,180,21736,5107340.0,2835.0,4,2830.0,7
rb1805,20170522,20170519,210102000,2830.0,180,21736,5107340.0,2835.0,4,2831.0,5
rb1805,20170522,20170519,210102500,2830.0,180,21736,5107340.0,2835.0,4,2830.0,7
rb1805,20170522,20170519,210103000,2831.0,184,21740,5220560.0,2835.0,4,2830.0,6
rb1805,20170522,20170519,210103500,2831.0,184,21740,5220560.0,2834.0,5,2830.0,6
rb1805,20170522,20170519,210104000,2831.0,184,21740,5220560.0,2834.0,7,2830.0,6
rb1805,20170522,20170519,210104500,2831.0,184,21740,5220560.0,2834.0,7,2830.0,6
rb1805,20170522,20170519,210105000,2830.0,186,21742,5277160.0,2834.0,7,2830.0,5
rb1805,20170522,20170519,210105500,2830.0,186,21742,5277160.0,2834.0,7,2832.0,1
rb1805,20170522,20170519,210106500,2830.0,186,21742,5277160.0,2834.0,2,2832.0,1
rb1805,20170522,20170519,210107000,2832.0,188,21742,5333800.0,2834.0,2,2830.0,6
rb1805,20170522,20170519,210107500,2830.0,190,21744,5390400.0,2833.0,1,2830.0,5
rb1805,20170522,20170519,210108000,2830.0,190,21744,5390400.0,2833.0,4,2830.0,5
rb1805,20170522,20170519,210108500,2830.0,192,21746,5447000.0,2833.0,4,2830.0,5
rb1805,20170522,20170519,210110500,2830.0,192,21746,5447000.0,2833.0,3,2830.0,5
rb1805,20170522,20170519,210111000,2830.0,192,21746,5447000.0,2833.0,3,2831.0,1
rb1805,20170522,20170519,210111500,2831.0,194,21748,5503620.0,2833.0,8,2830.0,5
rb1805,20170522,20170519,210113000,2831.0,194,21748,5503620.0,2833.0,8,2831.0,1
rb1805,20170522,20170519,210113500,2831.0,196,21750,5560240.0,2833.0,8,2830.0,5
rb1805,20170522,20170519,210115500,2830.0,198,21752,5616840.0,2833.0,8,2830.0,4
rb1805,20170522,20170519,210116000,2830.0,200,21754,5673440.0,2833.0,17,2830.0,3
rb1805,20170522,20170519,210116500,2830.0,200,21754,5673440.0,2833.0,12,2830.0,3
rb1805,20170522,20170519,210117000,2833.0,210,21758,5956740.0,2833.0,7,2830.0,3
rb1805,20170522,20170519,210117500,2833.0,210,21758,5956740.0,2833.0,7,2830.0,3
rb1805,20170522,20170519,210121000,2833.0,212,21760,6013400.0,2833.0,6,2830.0,3
rb1805,20170522,20170519,210123000,2830.0,214,21758,6070000.0,2833.0,6,2830.0,2
rb1805,20170522,20170519,210124000,2830.0,214,21758,6070000.0,2833.0,11,2830.0,2
rb1805,20170522,20170519,210125000,2830.0,214,21758,6070000.0,2833.0,6,2830.0,2
rb1805,20170522,20170519,210126500,2830.0,216,21760,6126600.0,2833.0,6,2830.0,1
rb1805,20170522,20170519,210127000,2830.0,216,21760,6126600.0,2833.0,6,2830.0,3
rb1805,20170522,20170519,210127500,2830.0,216,21760,6126600.0,2833.0,6,2830.0,4
rb1805,20170522,20170519,210128000,2830.0,216,21760,6126600.0,2833.0,6,2830.0,3
rb1805,20170522,20170519,210128500,2830.0,216,21760,6126600.0,2833.0,6,2831.0,1
rb1805,20170522,20170519,210130000,2831.0,218,21762,6183220.0,2833.0,6,2830.0,3
rb1805,20170522,20170519,210131500,2831.0,218,21762,6183220.0,2833.0,6,2830.0,4
rb1805,20170522,20170519,210132000,2831.0,218,21762,6183220.0,2833.0,6,2830.0,4
rb1805,20170522,20170519,210134000,2831.0,218,21762,6183220.0,2833.0,6,2830.0,4
rb1805,20170522,20170519,210136500,2833.0,228,21772,6466520.0,2833.0,1,2831.0,2
rb1805,20170522,20170519,210137500,2833.0,228,21772,6466520.0,2833.0,1,2831.0,3
rb1805,20170522,20170519,210138500,2833.0,228,21772,6466520.0,2833.0,1,2832.0,5
rb1805,20170522,20170519,210139000,2833.0,228,21772,6466520.0,2833.0,1,2832.0,5
rb1805,20170522,20170519,210139500,2833.0,228,21772,6466520.0,2833.0,1,2832.0,5
rb1805,20170522,20170519,210140000,2833.0,228,21772,6466520.0,2833.0,1,2832.0,5
rb1805,20170522,20170519,210140500,2833.0,228,21772,6466520.0,2833.0,1,2831.0,5
rb1805,20170522,20170519,210141000,2833.0,230,21774,6523180.0,2835.0,4,2833.0,1
rb1805,20170522,20170519,210141500,2833.0,230,21774,6523180.0,2835.0,4,2833.0,3
rb1805,20170522,20170519,210142000,2833.0,230,21774,6523180.0,2835.0,4,2833.0,3
rb1805,20170522,20170519,210143000,2833.0,230,21774,6523180.0,2835.0,4,2834.0,2
rb1805,20170522,20170519,210143500,2833.0,230,21774,6523180.0,2835.0,4,2834.0,2
rb1805,20170522,20170519,210144000,2834.0,234,21774,6636540.0,2834.0,2,2833.0,1
rb1805,20170522,20170519,210144500,2835.0,242,21774,6863300.0,2835.0,2,2833.0,1
rb1805,20170522,20170519,210145000,2835.0,244,21774,6920000.0,2835.0,1,2833.0,1
rb1805,20170522,20170519,210146000,2835.0,244,21774,6920000.0,2835.0,1,2834.0,5
rb1805,20170522,20170519,210147000,2835.0,246,21774,6976700.0,2836.0,1,2833.0,1
rb1805,20170522,20170519,210147500,2835.0,246,21774,6976700.0,2836.0,1,2835.0,4
rb1805,20170522,20170519,210150500,2835.0,248,21774,7033400.0,2836.0,1,2835.0,3
rb1805,20170522,20170519,210151000,2836.0,250,21774,7090120.0,2840.0,6,2835.0,3
rb1805,20170522,20170519,210151500,2836.0,250,21774,7090120.0,2839.0,6,2835.0,3
rb1805,20170522,20170519,210152000,2836.0,250,21774,7090120.0,2839.0,6,2835.0,3
rb1805,20170522,20170519,210152500,2836.0,250,21774,7090120.0,2838.0,1,2835.0,3
rb1805,20170522,20170519,210153000,2838.0,252,21774,7146880.0,2838.0,2,2835.0,3
rb1805,20170522,20170519,210154500,2835.0,254,21774,7203580.0,2838.0,2,2835.0,3
rb1805,20170522,20170519,210155500,2838.0,258,21774,7317100.0,2841.0,1,2838.0,4
rb1805,20170522,20170519,210156000,2838.0,266,21774,7544140.0,2841.0,3,2835.0,3
rb1805,20170522,20170519,210156500,2838.0,266,21774,7544140.0,2840.0,2,2836.0,1
rb1805,20170522,20170519,210157000,2836.0,268,21776,7600860.0,2840.0,17,2836.0,3
rb1805,20170522,20170519,210158000,2836.0,270,21776,7657580.0,2839.0,7,2836.0,2
rb1805,20170522,20170519,210158500,2836.0,272,21778,7714300.0,2839.0,7,2835.0,3
rb1805,20170522,20170519,210159000,2836.0,272,21778,7714300.0,2838.0,2,2835.0,3
rb1805,20170522,20170519,210159500,2836.0,272,21778,7714300.0,2838.0,6,2835.0,3
rb1805,20170522,20170519,210201500,2838.0,276,21782,7827820.0,2838.0,4,2835.0,3
rb1805,20170522,20170519,210202000,2835.0,278,21782,7884520.0,2839.0,3,2835.0,2
rb1805,20170522,20170519,210202500,2835.0,278,21782,7884520.0,2839.0,3,2835.0,4
rb1805,20170522,20170519,210203000,2835.0,280,21782,7941220.0,2838.0,11,2835.0,3
rb1805,20170522,20170519,210203500,2835.0,282,21784,7997920.0,2838.0,11,2834.0,1
rb1805,20170522,20170519,210204000,2835.0,282,21784,7997920.0,2837.0,2,2836.0,2
rb1805,20170522,20170519,210204500,2834.0,288,21790,8168040.0,2836.0,1,2834.0,1
rb1805,20170522,20170519,210205000,2834.0,290,21792,8224720.0,2836.0,1,2833.0,2
rb1805,20170522,20170519,210205500,2834.0,290,21792,8224720.0,2836.0,3,2833.0,2
rb1805,20170522,20170519,210206000,2834.0,290,21792,8224720.0,2836.0,3,2834.0,1
rb1805,20170522,20170519,210206500,2834.0,292,21794,8281400.0,2836.0,3,2833.0,2
rb1805,20170522,20170519,210208000,2834.0,292,21794,8281400.0,2836.0,3,2833.0,4
rb1805,20170522,20170519,210209000,2836.0,298,21800,8451560.0,2839.0,1,2836.0,97
rb1805,20170522,20170519,210209500,2836.0,318,21820,9018760.0,2839.0,1,2836.0,87
rb1805,20170522,20170519,210210000,2836.0,326,21820,9245640.0,2837.0,1,2836.0,83
rb1805,20170522,20170519,210211000,2836.0,326,21820,9245640.0,2837.0,1,2836.0,83
rb1805,20170522,20170519,210211500,2836.0,326,21820,9245640.0,2837.0,2,2836.0,83
rb1805,20170522,20170519,210212000,2836.0,326,21820,9245640.0,2837.0,2,2836.0,83
rb1805,20170522,20170519,210212500,2836.0,326,21820,9245640.0,2837.0,2,2836.0,83
rb1805,20170522,20170519,210213000,2836.0,330,21824,9359080.0,2837.0,2,2836.0,81
rb1805,20170522,20170519,210213500,2836.0,336,21830,9529240.0,2837.0,2,2836.0,78
rb1805,20170522,20170519,210214000,2836.0,338,21832,9585960.0,2837.0,2,2836.0,77
rb1805,20170522,20170519,210216000,2836.0,338,21832,9585960.0,2837.0,2,2836.0,77
rb1805,20170522,20170519,210217500,2836.0,340,21834,9642680.0,2837.0,2,2836.0,76
rb1805,20170522,20170519,210219000,2836.0,342,21836,9699400.0,2837.0,2,2836.0,75
rb1805,20170522,20170519,210220000,2836.0,342,21836,9699400.0,2837.0,2,2836.0,75
rb1805,20170522,20170519,210220500,2836.0,366,21860,10380040.0,2837.0,2,2836.0,63
rb1805,20170522,20170519,210221000,2836.0,368,21860,10436760.0,2837.0,2,2836.0,62
rb1805,20170522,20170519,210221500,2836.0,372,21864,10550200.0,2837.0,2,2836.0,60
rb1805,20170522,20170519,210222000,2836.0,376,21868,10663640.0,2837.0,2,2836.0,58
rb1805,20170522,20170519,210223000,2836.0,378,21870,10720360.0,2837.0,2,2836.0,57
rb1805,20170522,20170519,210224000,2836.0,380,21872,10777080.0,2837.0,2,2836.0,56
rb1805,20170522,20170519,210224500,2836.0,380,21872,10777080.0,2837.0,2,2836.0,62
rb1805,20170522,20170519,210226500,2836.0,380,21872,10777080.0,2837.0,2,2836.0,62
rb1805,20170522,20170519,210227000,2836.0,380,21872,10777080.0,2837.0,2,2836.0,62
rb1805,20170522,20170519,210229000,2836.0,386,21878,10947240.0,2837.0,2,2836.0,59
rb1805,20170522,20170519,210230500,2836.0,386,21878,10947240.0,2837.0,2,2836.0,59
rb1805,20170522,20170519,210231000,2836.0,386,21878,10947240.0,2837.0,2,2836.0,59
rb1805,20170522,20170519,210232000,2836.0,386,21878,10947240.0,2837.0,2,2836.0,59
rb1805,20170522,20170519,210236000,2837.0,388,21878,11003980.0,2838.0,1,2836.0,59
rb1805,20170522,20170519,210238000,2837.0,388,21878,11003980.0,2838.0,1,2837.0,100
rb1805,20170522,20170519,210238500,2838.0,390,21878,11060740.0,2840.0,1,2839.0,11
rb1805,20170522,20170519,210239000,2839.0,416,21900,11798880.0,2839.0,5,2838.0,1
rb1805,20170522,20170519,210239500,2838.0,418,21900,11855640.0,2838.0,2,2837.0,100
rb1805,20170522,20170519,210240000,2838.0,418,21900,11855640.0,2838.0,4,2837.0,100
rb1805,20170522,20170519,210240500,2838.0,418,21900,11855640.0,2838.0,2,2837.0,100
rb1805,20170522,20170519,210241000,2837.0,420,21900,11912380.0,2840.0,2,2837.0,99
rb1805,20170522,20170519,210242000,2837.0,420,21900,11912380.0,2840.0,2,2837.0,99
rb1805,20170522,20170519,210242500,2837.0,420,21900,11912380.0,2840.0,2,2838.0,1
rb1805,20170522,20170519,210243000,2838.0,422,21902,11969140.0,2838.0,4,2837.0,99
rb1805,20170522,20170519,210243500,2838.0,422,21902,11969140.0,2838.0,3,2837.0,99
rb1805,20170522,20170519,210244500,2837.0,424,21904,12025880.0,2838.0,2,2837.0,98
rb1805,20170522,20170519,210246000,2837.0,424,21904,12025880.0,2838.0,2,2837.0,98
rb1805,20170522,20170519,210246500,2837.0,424,21904,12025880.0,2838.0,2,2837.0,98
rb1805,20170522,20170519,210250500,2837.0,424,21904,12025880.0,2838.0,2,2837.0,98
rb1805,20170522,20170519,210252500,2837.0,430,21910,12196100.0,2838.0,2,2837.0,95
rb1805,20170522,20170519,210253000,2837.0,430,21910,12196100.0,2838.0,2,2837.0,95
rb1805,20170522,20170519,210253500,2837.0,430,21910,12196100.0,2838.0,2,2837.0,95
rb1805,20170522,20170519,210254000,2837.0,440,21910,12479800.0,2838.0,2,2837.0,90
rb1805,20170522,20170519,210257000,2838.0,444,21910,12593320.0,2839.0,1,2837.0,90
rb1805,20170522,20170519,210258500,2837.0,452,21912,12820280.0,2839.0,1,2837.0,86
rb1805,20170522,20170519,210259000,2837.0,452,21912,12820280.0,2839.0,1,2837.0,86
rb1805,20170522,20170519,210301000,2837.0,452,21912,12820280.0,2839.0,1,2837.0,86
rb1805,20170522,20170519,210301500,2837.0,452,21912,12820280.0,2838.0,5,2837.0,86
rb1805,20170522,20170519,210302500,2837.0,452,21912,12820280.0,2838.0,5,2837.0,86
rb1805,20170522,20170519,210304000,2837.0,452,21912,12820280.0,2838.0,5,2837.0,86
rb1805,20170522,20170519,210305000,2837.0,454,21914,12877020.0,2838.0,5,2837.0,85
rb1805,20170522,20170519,210305500,2837.0,474,21922,13444420.0,2839.0,2,2837.0,75
rb1805,20170522,20170519,210306000,2837.0,474,21922,13444420.0,2839.0,4,2837.0,75
rb1805,20170522,20170519,210307000,2837.0,474,21922,13444420.0,2838.0,1,2837.0,75
rb1805,20170522,20170519,210307500,2837.0,474,21922,13444420.0,2839.0,3,2837.0,75
rb1805,20170522,20170519,210308000,2837.0,482,21930,13671380.0,2839.0,4,2837.0,71
rb1805,20170522,20170519,210311000,2837.0,482,21930,13671380.0,2839.0,4,2837.0,71
rb1805,20170522,20170519,210313000,2837.0,482,21930,13671380.0,2839.0,5,2837.0,71
rb1805,20170522,20170519,210314500,2837.0,482,21930,13671380.0,2838.0,1,2837.0,71
rb1805,20170522,20170519,210316500,2837.0,482,21930,13671380.0,2838.0,1,2837.0,71
rb1805,20170522,20170519,210317000,2837.0,488,21936,13841600.0,2838.0,1,2837.0,68
rb1805,20170522,20170519,210317500,2837.0,488,21936,13841600.0,2838.0,1,2837.0,68
rb1805,20170522,20170519,210321000,2837.0,488,21936,13841600.0,2838.0,11,2837.0,68
rb1805,20170522,20170519,210321500,2837.0,488,21936,13841600.0,2838.0,11,2837.0,68
rb1805,20170522,20170519,210322000,2837.0,488,21936,13841600.0,2838.0,11,2837.0,68
rb1805,20170522,20170519,210322500,2837.0,626,21936,17756680.0,2837.0,2,2836.0,59
rb1805,20170522,20170519,210325000,2837.0,626,21936,17756680.0,2837.0,2,2836.0,59
rb1805,20170522,20170519,210326000,2837.0,626,21936,17756680.0,2837.0,2,2836.0,59
rb1805,20170522,20170519,210326500,2836.0,634,21940,17983580.0,2837.0,1,2836.0,56
rb1805,20170522,20170519,210328500,2836.0,634,21940,17983580.0,2837.0,1,2836.0,56
rb1805,20170522,20170519,210331500,2837.0,636,21940,18040320.0,2838.0,10,2836.0,56
rb1805,20170522,20170519,210332000,2837.0,636,21940,18040320.0,2838.0,10,2837.0,1
rb1805,20170522,20170519,210332500,2837.0,636,21940,18040320.0,2838.0,10,2837.0,1
rb1805,20170522,20170519,210333500,2837.0,636,21940,18040320.0,2838.0,10,2836.0,6
rb1805,20170522,20170519,210335000,2836.0,640,21944,18153760.0,2838.0,10,2836.0,4
rb1805,20170522,20170519,210335500,2836.0,640,21944,18153760.0,2838.0,10,2837.0,1
rb1805,20170522,20170519,210336000,2836.0,640,21944,18153760.0,2838.0,10,2836.0,4
rb1805,20170522,20170519,210336500,2836.0,640,21944,18153760.0,2838.0,10,2837.0,1
rb1805,20170522,20170519,210337500,2836.0,640,21944,18153760.0,2838.0,10,2837.0,1
rb1805,20170522,20170519,210338000,2837.0,642,21944,18210500.0,2837.0,4,2836.0,4
rb1805,20170522,20170519,210340500,2837.0,642,21944,18210500.0,2837.0,4,2836.0,4
rb1805,20170522,20170519,210343500,2836.0,652,21946,18494180.0,2838.0,10,2836.0,3
rb1805,20170522,20170519,210344000,2836.0,652,21946,18494180.0,2838.0,10,2837.0,2
rb1805,20170522,20170519,210345500,2836.0,652,21946,18494180.0,2838.0,10,2837.0,2
rb1805,20170522,20170519,210347500,2836.0,652,21946,18494180.0,2838.0,11,2837.0,2
rb1805,20170522,20170519,210348500,2836.0,652,21946,18494180.0,2838.0,11,2837.0,2
rb1805,20170522,20170519,210349500,2837.0,654,21948,18550920.0,2838.0,11,2837.0,1
rb1805,20170522,20170519,210352000,2837.0,654,21948,18550920.0,2838.0,11,2837.0,1
rb1805,20170522,20170519,210352500,2837.0,654,21948,18550920.0,2838.0,11,2837.0,1
rb1805,20170522,20170519,210354500,2837.0,654,21948,18550920.0,2838.0,11,2837.0,1
rb1805,20170522,20170519,210355500,2838.0,666,21948,18891480.0,2838.0,5,2837.0,1
rb1805,20170522,20170519,210358000,2837.0,670,21948,19004960.0,2838.0,5,2837.0,1
rb1805,20170522,20170519,210359000,2837.0,670,21948,19004960.0,2838.0,5,2837.0,1
rb1805,20170522,20170519,210401500,2837.0,670,21948,19004960.0,2838.0,5,2837.0,1
rb1805,20170522,20170519,210402500,2837.0,670,21948,19004960.0,2838.0,5,2836.0,3
rb1805,20170522,20170519,210406000,2836.0,672,21950,19061680.0,2838.0,5,2836.0,2
rb1805,20170522,20170519,210407000,2836.0,672,21950,19061680.0,2838.0,5,2836.0,2
rb1805,20170522,20170519,210407500,2836.0,672,21950,19061680.0,2838.0,5,2837.0,1
rb1805,20170522,20170519,210408500,2837.0,674,21950,19118420.0,2837.0,1,2836.0,2
rb1805,20170522,20170519,210409000,2837.0,674,21950,19118420.0,2837.0,1,2836.0,2
rb1805,20170522,20170519,210414000,2837.0,674,21950,19118420.0,2837.0,1,2836.0,2
rb1805,20170522,20170519,210414500,2836.0,678,21954,19231860.0,2836.0,1,2835.0,1
rb1805,20170522,20170519,210415000,2835.0,680,21956,19288560.0,2836.0,1,2832.0,10
rb1805,20170522,20170519,210416500,2835.0,680,21956,19288560.0,2836.0,3,2832.0,10
rb1805,20170522,20170519,210417500,2835.0,680,21956,19288560.0,2836.0,3,2832.0,10
rb1805,20170522,20170519,210418500,2835.0,680,21956,19288560.0,2836.0,1,2832.0,10
rb1805,20170522,20170519,210419500,2835.0,680,21956,19288560.0,2836.0,2,2833.0,1
rb1805,20170522,20170519,210420000,2835.0,680,21956,19288560.0,2836.0,2,2835.0,1
rb1805,20170522,20170519,210420500,2835.0,682,21958,19345260.0,2836.0,2,2833.0,1
rb1805,20170522,20170519,210421000,2835.0,682,21958,19345260.0,2834.0,1,2833.0,1
rb1805,20170522,20170519,210421500,2834.0,684,21958,19401940.0,2834.0,1,2833.0,1
rb1805,20170522,20170519,210422000,2834.0,684,21958,19401940.0,2834.0,1,2832.0,10
rb1805,20170522,20170519,210422500,2834.0,684,21958,19401940.0,2834.0,1,2832.0,10
rb1805,20170522,20170519,210423500,2834.0,684,21958,19401940.0,2834.0,1,2833.0,1
rb1805,20170522,20170519,210424500,2834.0,684,21958,19401940.0,2834.0,1,2833.0,1
rb1805,20170522,20170519,210425000,2833.0,686,21960,19458600.0,2834.0,1,2832.0,10
rb1805,20170522,20170519,210426000,2833.0,686,21960,19458600.0,2833.0,1,2832.0,10
rb1805,20170522,20170519,210427000,2832.0,706,21960,20025000.0,2832.0,1,2831.0,2
rb1805,20170522,20170519,210427500,2832.0,708,21960,20081640.0,2833.0,1,2831.0,2
rb1805,20170522,20170519,210428000,2832.0,708,21960,20081640.0,2833.0,1,2832.0,2
rb1805,20170522,20170519,210428500,2832.0,708,21960,20081640.0,2833.0,1,2831.0,2
rb1805,20170522,20170519,210429000,2832.0,708,21960,20081640.0,2833.0,1,2831.0,2
rb1805,20170522,20170519,210430500,2832.0,708,21960,20081640.0,2833.0,1,2831.0,2
rb1805,20170522,20170519,210431500,2831.0,710,21962,20138260.0,2833.0,1,2832.0,1
rb1805,20170522,20170519,210432000,2831.0,710,21962,20138260.0,2833.0,1,2832.0,6
rb1805,20170522,20170519,210432500,2831.0,710,21962,20138260.0,2833.0,1,2832.0,6
rb1805,20170522,20170519,210434000,2831.0,710,21962,20138260.0,2833.0,1,2832.0,6
rb1805,20170522,20170519,210435000,2833.0,712,21962,20194920.0,2836.0,3,2833.0,49
rb1805,20170522,20170519,210435500,2833.0,712,21962,20194920.0,2836.0,3,2833.0,49
rb1805,20170522,20170519,210440500,2833.0,712,21962,20194920.0,2836.0,5,2833.0,49
rb1805,20170522,20170519,210441000,2833.0,712,21962,20194920.0,2836.0,5,2833.0,49
rb1805,20170522,20170519,210442000,2833.0,712,21962,20194920.0,2836.0,4,2833.0,49
rb1805,20170522,20170519,210444000,2833.0,712,21962,20194920.0,2836.0,4,2833.0,49
rb1805,20170522,20170519,210446500,2833.0,712,21962,20194920.0,2835.0,1,2833.0,49
rb1805,20170522,20170519,210450500,2833.0,712,21962,20194920.0,2835.0,1,2833.0,49
rb1805,20170522,20170519,210453000,2833.0,712,21962,20194920.0,2835.0,1,2833.0,49
rb1805,20170522,20170519,210455000,2833.0,712,21962,20194920.0,2835.0,1,2834.0,5
rb1805,20170522,20170519,210456500,2835.0,714,21962,20251620.0,2836.0,2,2833.0,49
rb1805,20170522,20170519,210457000,2835.0,714,21962,20251620.0,2836.0,2,2834.0,1
rb1805,20170522,20170519,210459000,2835.0,714,21962,20251620.0,2836.0,2,2834.0,1
rb1805,20170522,20170519,210459500,2834.0,716,21964,20308300.0,2836.0,2,2833.0,49
rb1805,20170522,20170519,210500000,2834.0,716,21964,20308300.0,2836.0,2,2834.0,4
rb1805,20170522,20170519,210501000,2834.0,716,21964,20308300.0,2836.0,2,2834.0,4
rb1805,20170522,20170519,210502000,2834.0,716,21964,20308300.0,2836.0,2,2834.0,4
rb1805,20170522,20170519,210503500,2834.0,716,21964,20308300.0,2836.0,2,2834.0,4
rb1805,20170522,20170519,210504000,2834.0,716,21964,20308300.0,2836.0,6,2834.0,4
rb1805,20170522,20170519,210504500,2834.0,716,21964,20308300.0,2836.0,6,2833.0,49
rb1805,20170522,20170519,210506000,2834.0,716,21964,20308300.0,2836.0,6,2833.0,49
rb1805,20170522,20170519,210508500,2833.0,726,21968,20591840.0,2836.0,2,2833.0,48
rb1805,20170522,20170519,210509000,2833.0,726,21968,20591840.0,2836.0,2,2834.0,2
rb1805,20170522,20170519,210509500,2833.0,726,21968,20591840.0,2836.0,2,2833.0,48
rb1805,20170522,20170519,210510000,2833.0,726,21968,20591840.0,2834.0,1,2833.0,48
rb1805,20170522,20170519,210510500,2834.0,728,21970,20648520.0,2836.0,2,2834.0,2
rb1805,20170522,20170519,210511000,2834.0,728,21970,20648520.0,2836.0,2,2834.0,2
rb1805,20170522,20170519,210511500,2834.0,728,21970,20648520.0,2836.0,2,2833.0,48
rb1805,20170522,20170519,210517000,2834.0,728,21970,20648520.0,2836.0,2,2834.0,9
rb1805,20170522,20170519,210517500,2834.0,728,21970,20648520.0,2836.0,2,2834.0,10
rb1805,20170522,20170519,210518000,2836.0,732,21966,20761960.0,2837.0,3,2836.0,2
rb1805,20170522,20170519,210518500,2836.0,732,21966,20761960.0,2837.0,2,2836.0,2
rb1805,20170522,20170519,210519000,2836.0,732,21966,20761960.0,2837.0,2,2836.0,2
rb1805,20170522,20170519,210519500,2837.0,734,21966,20818700.0,2837.0,1,2834.0,2
rb1805,20170522,20170519,210520000,2837.0,736,21966,20875440.0,2838.0,1,2834.0,2
rb1805,20170522,20170519,210520500,2838.0,738,21966,20932200.0,2839.0,1,2837.0,1
rb1805,20170522,20170519,210521000,2837.0,742,21970,21045680.0,2839.0,1,2834.0,2
rb1805,20170522,20170519,210522000,2837.0,742,21970,21045680.0,2839.0,2,2834.0,3
rb1805,20170522,20170519,210523000,2837.0,742,21970,21045680.0,2837.0,1,2834.0,3
rb1805,20170522,20170519,210524500,2837.0,742,21970,21045680.0,2837.0,1,2834.0,2
rb1805,20170522,20170519,210525000,2837.0,742,21970,21045680.0,2837.0,1,2834.0,2
rb1805,20170522,20170519,210525500,2837.0,742,21970,21045680.0,2837.0,1,2835.0,5
rb1805,20170522,20170519,210526500,2837.0,742,21970,21045680.0,2837.0,1,2836.0,4
rb1805,20170522,20170519,210528000,2837.0,744,21970,21102420.0,2839.0,2,2836.0,4
rb1805,20170522,20170519,210529000,2837.0,744,21970,21102420.0,2839.0,2,2837.0,1
rb1805,20170522,20170519,210529500,2837.0,744,21970,21102420.0,2839.0,2,2837.0,1
rb1805,20170522,20170519,210530500,2837.0,744,21970,21102420.0,2839.0,2,2837.0,1
rb1805,20170522,20170519,210531500,2837.0,744,21970,21102420.0,2839.0,2,2837.0,1
rb1805,20170522,20170519,210533000,2837.0,744,21970,21102420.0,2839.0,2,2837.0,1
rb1805,20170522,20170519,210537000,2839.0,746,21970,21159200.0,2839.0,1,2837.0,1
rb1805,20170522,20170519,210538000,2839.0,746,21970,21159200.0,2839.0,1,2837.0,1
rb1805,20170522,20170519,210538500,2839.0,746,21970,21159200.0,2839.0,1,2837.0,6
rb1805,20170522,20170519,210539000,2839.0,746,21970,21159200.0,2839.0,1,2837.0,1
rb1805,20170522,20170519,210540000,2839.0,746,21970,21159200.0,2839.0,1,2835.0,5
rb1805,20170522,20170519,210540500,2839.0,746,21970,21159200.0,2839.0,1,2836.0,9
rb1805,20170522,20170519,210541500,2839.0,746,21970,21159200.0,2839.0,1,2836.0,9
rb1805,20170522,20170519,210542500,2839.0,746,21970,21159200.0,2839.0,1,2836.0,9
rb1805,20170522,20170519,210545500,2839.0,746,21970,21159200.0,2839.0,1,2837.0,2
rb1805,20170522,20170519,210546000,2839.0,746,21970,21159200.0,2839.0,1,2837.0,2
rb1805,20170522,20170519,210547000,2839.0,748,21970,21215980.0,2840.0,72,2837.0,2
rb1805,20170522,20170519,210550000,2840.0,758,21960,21499980.0,2840.0,67,2837.0,3
rb1805,20170522,20170519,210551500,2840.0,766,21960,21727180.0,2840.0,63,2837.0,3
rb1805,20170522,20170519,210552000,2837.0,768,21962,21783920.0,2840.0,63,2837.0,2
rb1805,20170522,20170519,210552500,2837.0,768,21962,21783920.0,2840.0,63,2838.0,2
rb1805,20170522,20170519,210553000,2837.0,768,21962,21783920.0,2840.0,63,2837.0,2
rb1805,20170522,20170519,210554000,2840.0,790,21964,22408660.0,2840.0,53,2837.0,1
rb1805,20170522,20170519,210554500,2837.0,792,21966,22465400.0,2840.0,53,2835.0,3
rb1805,20170522,20170519,210555000,2837.0,792,21966,22465400.0,2840.0,53,2837.0,3
rb1805,20170522,20170519,210555500,2837.0,792,21966,22465400.0,2840.0,53,2835.0,3
rb1805,20170522,20170519,210556500,2837.0,792,21966,22465400.0,2840.0,58,2835.0,3
rb1805,20170522,20170519,210557500,2837.0,792,21966,22465400.0,2840.0,58,2835.0,4
rb1805,20170522,20170519,210558000,2837.0,792,21966,22465400.0,2840.0,58,2836.0,10
rb1805,20170522,20170519,210559000,2837.0,792,21966,22465400.0,2840.0,58,2836.0,10
rb1805,20170522,20170519,210600500,2836.0,794,21968,22522120.0,2840.0,58,2836.0,9
rb1805,20170522,20170519,210601000,2836.0,796,21968,22578840.0,2840.0,58,2837.0,2
rb1805,20170522,20170519,210601500,2837.0,798,21968,22635580.0,2840.0,58,2838.0,1
rb1805,20170522,20170519,210602000,2837.0,798,21968,22635580.0,2838.0,1,2837.0,2
rb1805,20170522,20170519,210602500,2837.0,798,21968,22635580.0,2837.0,1,2836.0,1
rb1805,20170522,20170519,210603000,2837.0,804,21970,22805800.0,2840.0,58,2836.0,1
rb1805,20170522,20170519,210603500,2836.0,806,21972,22862520.0,2836.0,1,2835.0,4
rb1805,20170522,20170519,210604000,2836.0,808,21974,22919240.0,2839.0,3,2836.0,1
rb1805,20170522,20170519,210604500,2836.0,808,21974,22919240.0,2840.0,58,2836.0,1
rb1805,20170522,20170519,210605000,2836.0,808,21974,22919240.0,2840.0,58,2835.0,4
rb1805,20170522,20170519,210605500,2836.0,808,21974,22919240.0,2839.0,5,2835.0,4
rb1805,20170522,20170519,210606000,2836.0,808,21974,22919240.0,2839.0,5,2835.0,3
rb1805,20170522,20170519,210606500,2836.0,808,21974,22919240.0,2839.0,5,2836.0,1
rb1805,20170522,20170519,210607500,2836.0,808,21974,22919240.0,2838.0,1,2836.0,11
rb1805,20170522,20170519,210608000,2836.0,808,21974,22919240.0,2838.0,1,2836.0,11
rb1805,20170522,20170519,210609000,2839.0,812,21976,23032780.0,2840.0,58,2839.0,1
rb1805,20170522,20170519,210609500,2840.0,814,21976,23089580.0,2840.0,57,2836.0,12
rb1805,20170522,20170519,210611000,2840.0,814,21976,23089580.0,2840.0,57,2837.0,1
rb1805,20170522,20170519,210612000,2840.0,814,21976,23089580.0,2840.0,57,2837.0,1
rb1805,20170522,20170519,210612500,2840.0,814,21976,23089580.0,2840.0,57,2837.0,2
rb1805,20170522,20170519,210614000,2837.0,816,21976,23146320.0,2840.0,57,2837.0,1
rb1805,20170522,20170519,210614500,2840.0,892,21976,25304720.0,2840.0,19,2837.0,1
rb1805,20170522,20170519,210615000,2838.0,894,21976,25361480.0,2840.0,19,2837.0,1
rb1805,20170522,20170519,210616000,2838.0,894,21976,25361480.0,2840.0,19,2836.0,13
rb1805,20170522,20170519,210616500,2838.0,894,21976,25361480.0,2840.0,19,2837.0,3
rb1805,20170522,20170519,210617000,2837.0,896,21978,25418220.0,2840.0,19,2837.0,2
rb1805,20170522,20170519,210617500,2837.0,896,21978,25418220.0,2840.0,19,2837.0,2
rb1805,20170522,20170519,210620000,2837.0,898,21980,25474960.0,2840.0,19,2837.0,1
rb1805,20170522,20170519,210621000,2837.0,898,21980,25474960.0,2840.0,19,2837.0,1
rb1805,20170522,20170519,210622000,2837.0,898,21980,25474960.0,2840.0,19,2837.0,1
rb1805,20170522,20170519,210622500,2837.0,898,21980,25474960.0,2839.0,2,2837.0,1
rb1805,20170522,20170519,210623000,2837.0,898,21980,25474960.0,2839.0,2,2837.0,1
rb1805,20170522,20170519,210624000,2837.0,900,21980,25531700.0,2839.0,2,2836.0,12
rb1805,20170522,20170519,210625500,2837.0,900,21980,25531700.0,2837.0,1,2836.0,12
rb1805,20170522,20170519,210626000,2837.0,904,21980,25645180.0,2839.0,2,2838.0,7
rb1805,20170522,20170519,210626500,2837.0,904,21980,25645180.0,2839.0,2,2838.0,6
rb1805,20170522,20170519,210627000,2837.0,904,21980,25645180.0,2839.0,3,2838.0,6
rb1805,20170522,20170519,210627500,2837.0,904,21980,25645180.0,2839.0,3,2838.0,5
rb1805,20170522,20170519,210628000,2837.0,904,21980,25645180.0,2839.0,3,2836.0,12
rb1805,20170522,20170519,210628500,2837.0,904,21980,25645180.0,2839.0,3,2837.0,5
rb1805,20170522,20170519,210629000,2837.0,904,21980,25645180.0,2839.0,3,2836.0,12
rb1805,20170522,20170519,210630000,2837.0,904,21980,25645180.0,2839.0,3,2837.0,1
rb1805,20170522,20170519,210630500,2837.0,904,21980,25645180.0,2839.0,3,2837.0,1
rb1805,20170522,20170519,210632500,2839.0,906,21980,25701960.0,2839.0,2,2837.0,1
rb1805,20170522,20170519,210633000,2839.0,910,21980,25815520.0,2840.0,24,2839.0,5
rb1805,20170522,20170519,210633500,2839.0,910,21980,25815520.0,2840.0,24,2839.0,5
rb1805,20170522,20170519,210634500,2839.0,910,21980,25815520.0,2840.0,24,2837.0,2
rb1805,20170522,20170519,210635500,2839.0,910,21980,25815520.0,2840.0,24,2837.0,7
rb1805,20170522,20170519,210637000,2839.0,910,21980,25815520.0,2840.0,24,2837.0,13
rb1805,20170522,20170519,210638000,2837.0,912,21982,25872260.0,2840.0,24,2837.0,12
rb1805,20170522,20170519,210639000,2837.0,914,21984,25929000.0,2840.0,24,2837.0,11
rb1805,20170522,20170519,210639500,2837.0,916,21986,25985740.0,2839.0,1,2837.0,10
rb1805,20170522,20170519,210640000,2837.0,918,21988,26042480.0,2839.0,1,2838.0,1
rb1805,20170522,20170519,210640500,2838.0,920,21990,26099240.0,2839.0,1,2837.0,9
rb1805,20170522,20170519,210641000,2837.0,922,21992,26155980.0,2839.0,1,2837.0,8
rb1805,20170522,20170519,210641500,2837.0,924,21994,26212720.0,2839.0,1,2837.0,7
rb1805,20170522,20170519,210642000,2837.0,926,21996,26269460.0,2839.0,1,2837.0,6
rb1805,20170522,20170519,210643000,2837.0,926,21996,26269460.0,2839.0,1,2838.0,1
rb1805,20170522,20170519,210643500,2837.0,926,21996,26269460.0,2839.0,1,2838.0,1
rb1805,20170522,20170519,210645000,2838.0,928,21998,26326220.0,2839.0,1,2837.0,6
rb1805,20170522,20170519,210645500,2838.0,928,21998,26326220.0,2839.0,6,2837.0,6
rb1805,20170522,20170519,210647000,2838.0,928,21998,26326220.0,2839.0,6,2837.0,6
rb1805,20170522,20170519,210649500,2839.0,942,22000,26723640.0,2840.0,24,2839.0,22
rb1805,20170522,20170519,210650000,2839.0,942,22000,26723640.0,2840.0,24,2839.0,22
rb1805,20170522,20170519,210651500,2839.0,942,22000,26723640.0,2840.0,24,2839.0,22
rb1805,20170522,20170519,210653000,2839.0,942,22000,26723640.0,2840.0,25,2839.0,22
rb1805,20170522,20170519,210655000,2839.0,944,22002,26780420.0,2840.0,25,2839.0,21
rb1805,20170522,20170519,210659000,2839.0,944,22002,26780420.0,2840.0,25,2839.0,21
rb1805,20170522,20170519,210701000,2839.0,948,22002,26893980.0,2840.0,25,2839.0,19
rb1805,20170522,20170519,210703000,2839.0,950,22004,26950760.0,2840.0,25,2839.0,18
rb1805,20170522,20170519,210704000,2840.0,952,22004,27007560.0,2840.0,24,2839.0,18
rb1805,20170522,20170519,210704500,2840.0,952,22004,27007560.0,2840.0,24,2839.0,18
rb1805,20170522,20170519,210705000,2839.0,954,22006,27064340.0,2840.0,24,2839.0,17
rb1805,20170522,20170519,210705500,2840.0,978,22006,27745940.0,2840.0,12,2839.0,17
rb1805,20170522,20170519,210708500,2840.0,982,22006,27859540.0,2840.0,10,2839.0,17
rb1805,20170522,20170519,210709000,2840.0,982,22006,27859540.0,2840.0,10,2839.0,17
rb1805,20170522,20170519,210710500,2840.0,984,22006,27916340.0,2840.0,9,2839.0,17
rb1805,20170522,20170519,210711500,2840.0,984,22006,27916340.0,2840.0,9,2839.0,17
rb1805,20170522,20170519,210713500,2840.0,984,22006,27916340.0,2840.0,9,2839.0,17
rb1805,20170522,20170519,210715000,2840.0,984,22006,27916340.0,2840.0,9,2839.0,17
rb1805,20170522,20170519,210715500,2840.0,984,22006,27916340.0,2840.0,9,2839.0,17
rb1805,20170522,20170519,210716000,2840.0,984,22006,27916340.0,2840.0,9,2839.0,17
rb1805,20170522,20170519,210717000,2840.0,984,22006,27916340.0,2840.0,11,2839.0,17
rb1805,20170522,20170519,210719000,2840.0,986,22006,27973140.0,2840.0,10,2839.0,17
rb1805,20170522,20170519,210719500,2840.0,986,22006,27973140.0,2840.0,10,2839.0,17
rb1805,20170522,20170519,210721000,2840.0,986,22006,27973140.0,2840.0,10,2839.0,17
rb1805,20170522,20170519,210722000,2840.0,1006,22006,28541140.0,2841.0,12,2840.0,4
rb1805,20170522,20170519,210723000,2840.0,1008,22008,28597940.0,2841.0,12,2840.0,3
rb1805,20170522,20170519,210723500,2840.0,1014,22014,28768340.0,2841.0,12,2839.0,17
rb1805,20170522,20170519,210724500,2839.0,1016,22016,28825120.0,2841.0,12,2839.0,16
rb1805,20170522,20170519,210725500,2839.0,1016,22016,28825120.0,2840.0,2,2839.0,16
rb1805,20170522,20170519,210727500,2839.0,1016,22016,28825120.0,2840.0,2,2839.0,17
rb1805,20170522,20170519,210728000,2840.0,1020,22018,28938700.0,2840.0,1,2839.0,16
rb1805,20170522,20170519,210728500,2839.0,1022,22020,28995480.0,2840.0,1,2839.0,15
rb1805,20170522,20170519,210729000,2840.0,1024,22020,29052280.0,2841.0,12,2839.0,15
rb1805,20170522,20170519,210730500,2840.0,1024,22020,29052280.0,2841.0,12,2840.0,1
rb1805,20170522,20170519,210731500,2840.0,1024,22020,29052280.0,2841.0,12,2840.0,1
rb1805,20170522,20170519,210732000,2840.0,1024,22020,29052280.0,2841.0,12,2840.0,1
rb1805,20170522,20170519,210732500,2840.0,1024,22020,29052280.0,2841.0,12,2840.0,1
rb1805,20170522,20170519,210734000,2841.0,1026,22020,29109100.0,2841.0,11,2840.0,1
rb1805,20170522,20170519,210738000,2840.0,1028,22022,29165900.0,2841.0,11,2839.0,15
rb1805,20170522,20170519,210739500,2840.0,1028,22022,29165900.0,2841.0,11,2840.0,1
rb1805,20170522,20170519,210740000,2840.0,1028,22022,29165900.0,2841.0,11,2840.0,1
rb1805,20170522,20170519,210741500,2840.0,1028,22022,29165900.0,2841.0,11,2840.0,2
rb1805,20170522,20170519,210742000,2840.0,1036,22026,29393100.0,2841.0,11,2839.0,15
rb1805,20170522,20170519,210746000,2840.0,1036,22026,29393100.0,2841.0,11,2840.0,2
rb1805,20170522,20170519,210746500,2840.0,1036,22026,29393100.0,2841.0,11,2840.0,1
rb1805,20170522,20170519,210749000,2841.0,1058,22026,30018120.0,2842.0,1,2841.0,19
rb1805,20170522,20170519,210749500,2843.0,1074,22038,30472740.0,2844.0,1,2841.0,13
rb1805,20170522,20170519,210750000,2843.0,1082,22030,30700180.0,2843.0,1,2841.0,13
rb1805,20170522,20170519,210750500,2843.0,1082,22030,30700180.0,2843.0,1,2841.0,13
rb1805,20170522,20170519,210751000,2843.0,1082,22030,30700180.0,2843.0,3,2841.0,13
rb1805,20170522,20170519,210751500,2843.0,1082,22030,30700180.0,2843.0,3,2841.0,13
rb1805,20170522,20170519,210752000,2843.0,1082,22030,30700180.0,2844.0,4,2841.0,13
rb1805,20170522,20170519,210754500,2843.0,1082,22030,30700180.0,2844.0,2,2841.0,13
rb1805,20170522,20170519,210755000,2843.0,1082,22030,30700180.0,2843.0,1,2841.0,13
rb1805,20170522,20170519,210757000,2843.0,1082,22030,30700180.0,2842.0,1,2841.0,13
rb1805,20170522,20170519,210758500,2843.0,1082,22030,30700180.0,2842.0,1,2841.0,13
rb1805,20170522,20170519,210759500,2843.0,1082,22030,30700180.0,2842.0,1,2841.0,13
rb1805,20170522,20170519,210803500,2842.0,1084,22030,30757020.0,2843.0,1,2842.0,1
rb1805,20170522,20170519,210804000,2842.0,1086,22032,30813860.0,2843.0,1,2841.0,13
rb1805,20170522,20170519,210804500,2841.0,1088,22034,30870680.0,2843.0,1,2841.0,12
rb1805,20170522,20170519,210806000,2841.0,1088,22034,30870680.0,2843.0,1,2841.0,15
rb1805,20170522,20170519,210808000,2841.0,1088,22034,30870680.0,2843.0,1,2841.0,16
rb1805,20170522,20170519,210808500,2841.0,1090,22036,30927500.0,2843.0,1,2841.0,15
rb1805,20170522,20170519,210809000,2843.0,1092,22036,30984360.0,2844.0,2,2841.0,15
rb1805,20170522,20170519,210811500,2843.0,1092,22036,30984360.0,2844.0,2,2843.0,2
rb1805,20170522,20170519,210812500,2843.0,1092,22036,30984360.0,2844.0,2,2843.0,2
rb1805,20170522,20170519,210813500,2843.0,1092,22036,30984360.0,2844.0,2,2843.0,2
rb1805,20170522,20170519,210815500,2843.0,1092,22036,30984360.0,2844.0,2,2843.0,2
rb1805,20170522,20170519,210819000,2843.0,1094,22038,31041220.0,2844.0,2,2843.0,1
rb1805,20170522,20170519,210819500,2843.0,1096,22038,31098080.0,2843.0,4,2842.0,1
rb1805,20170522,20170519,210820000,2843.0,1096,22038,31098080.0,2843.0,3,2842.0,1
rb1805,20170522,20170519,210820500,2843.0,1096,22038,31098080.0,2843.0,1,2842.0,1
rb1805,20170522,20170519,210821000,2842.0,1098,22040,31154920.0,2843.0,1,2841.0,16
rb1805,20170522,20170519,210822000,2842.0,1098,22040,31154920.0,2843.0,1,2841.0,16
rb1805,20170522,20170519,210823000,2842.0,1098,22040,31154920.0,2843.0,1,2842.0,3
rb1805,20170522,20170519,210823500,2842.0,1098,22040,31154920.0,2843.0,1,2842.0,3
rb1805,20170522,20170519,210824000,2841.0,1136,22040,32234560.0,2841.0,17,2840.0,1
rb1805,20170522,20170519,210824500,2841.0,1172,22018,33257300.0,2844.0,2,2840.0,1
rb1805,20170522,20170519,210825000,2841.0,1172,22018,33257300.0,2844.0,4,2840.0,1
rb1805,20170522,20170519,210825500,2841.0,1172,22018,33257300.0,2843.0,1,2840.0,1
rb1805,20170522,20170519,210826000,2840.0,1174,22020,33314100.0,2843.0,3,2839.0,14
rb1805,20170522,20170519,210828000,2840.0,1174,22020,33314100.0,2842.0,2,2841.0,50
rb1805,20170522,20170519,210828500,2841.0,1176,22022,33370920.0,2842.0,2,2841.0,49
rb1805,20170522,20170519,210829500,2841.0,1196,22034,33939120.0,2842.0,2,2841.0,39
rb1805,20170522,20170519,210830000,2841.0,1198,22036,33995940.0,2842.0,2,2841.0,38
rb1805,20170522,20170519,210830500,2841.0,1198,22036,33995940.0,2842.0,2,2841.0,38
rb1805,20170522,20170519,210831000,2841.0,1198,22036,33995940.0,2843.0,3,2841.0,38
rb1805,20170522,20170519,210833500,2841.0,1198,22036,33995940.0,2843.0,3,2842.0,1
rb1805,20170522,20170519,210834500,2842.0,1200,22038,34052780.0,2843.0,3,2841.0,38
rb1805,20170522,20170519,210835000,2841.0,1202,22040,34109600.0,2843.0,3,2841.0,37
rb1805,20170522,20170519,210837000,2841.0,1202,22040,34109600.0,2843.0,3,2841.0,37
rb1805,20170522,20170519,210837500,2841.0,1204,22042,34166420.0,2843.0,3,2841.0,36
rb1805,20170522,20170519,210838000,2841.0,1234,22072,35018720.0,2843.0,3,2841.0,21
rb1805,20170522,20170519,210838500,2841.0,1234,22072,35018720.0,2843.0,4,2841.0,21
rb1805,20170522,20170519,210839000,2841.0,1234,22072,35018720.0,2843.0,3,2841.0,21
rb1805,20170522,20170519,210840000,2841.0,1234,22072,35018720.0,2843.0,1,2841.0,21
rb1805,20170522,20170519,210840500,2841.0,1234,22072,35018720.0,2843.0,1,2841.0,21
rb1805,20170522,20170519,210841500,2841.0,1236,22074,35075540.0,2843.0,1,2841.0,20
rb1805,20170522,20170519,210842000,2841.0,1272,22100,36098300.0,2843.0,1,2841.0,2
rb1805,20170522,20170519,210842500,2841.0,1272,22100,36098300.0,2843.0,2,2841.0,2
rb1805,20170522,20170519,210843000,2841.0,1274,22100,36155120.0,2843.0,2,2841.0,1
rb1805,20170522,20170519,210845000,2841.0,1274,22100,36155120.0,2843.0,2,2841.0,1
rb1805,20170522,20170519,210845500,2841.0,1274,22100,36155120.0,2843.0,2,2841.0,1
rb1805,20170522,20170519,210846000,2843.0,1276,22100,36211980.0,2843.0,1,2841.0,1
rb1805,20170522,20170519,210852000,2843.0,1276,22100,36211980.0,2843.0,2,2841.0,1
rb1805,20170522,20170519,210852500,2841.0,1278,22102,36268800.0,2843.0,2,2840.0,1
rb1805,20170522,20170519,210853000,2841.0,1280,22102,36325620.0,2843.0,2,2841.0,1
rb1805,20170522,20170519,210854500,2841.0,1280,22102,36325620.0,2843.0,2,2841.0,1
rb1805,20170522,20170519,210855000,2843.0,1282,22102,36382480.0,2843.0,1,2841.0,1
rb1805,20170522,20170519,210855500,2843.0,1282,22102,36382480.0,2843.0,1,2841.0,1
rb1805,20170522,20170519,210856000,2843.0,1282,22102,36382480.0,2843.0,1,2841.0,1
rb1805,20170522,20170519,210856500,2843.0,1282,22102,36382480.0,2843.0,1,2840.0,2
rb1805,20170522,20170519,210901000,2843.0,1282,22102,36382480.0,2843.0,3,2840.0,2
rb1805,20170522,20170519,210901500,2843.0,1282,22102,36382480.0,2843.0,3,2840.0,2
rb1805,20170522,20170519,210904000,2843.0,1282,22102,36382480.0,2843.0,3,2840.0,2
rb1805,20170522,20170519,210906500,2843.0,1282,22102,36382480.0,2843.0,3,2840.0,2
rb1805,20170522,20170519,210908000,2843.0,1290,22104,36609920.0,2844.0,4,2843.0,2
rb1805,20170522,20170519,210908500,2843.0,1294,22108,36723640.0,2844.0,2,2840.0,3
rb1805,20170522,20170519,210909500,2843.0,1294,22108,36723640.0,2843.0,5,2840.0,3
rb1805,20170522,20170519,210910500,2843.0,1294,22108,36723640.0,2843.0,5,2840.0,3
rb1805,20170522,20170519,210913000,2843.0,1296,22108,36780500.0,2843.0,9,2840.0,4
rb1805,20170522,20170519,210913500,2843.0,1296,22108,36780500.0,2843.0,4,2840.0,4
rb1805,20170522,20170519,210914000,2843.0,1296,22108,36780500.0,2843.0,4,2840.0,4
rb1805,20170522,20170519,210915500,2840.0,1298,22110,36837300.0,2843.0,4,2840.0,3
rb1805,20170522,20170519,210916000,2840.0,1298,22110,36837300.0,2843.0,19,2840.0,3
rb1805,20170522,20170519,210917500,2840.0,1298,22110,36837300.0,2843.0,19,2840.0,4
rb1805,20170522,20170519,210918500,2840.0,1300,22112,36894100.0,2843.0,19,2840.0,3
rb1805,20170522,20170519,210919000,2840.0,1300,22112,36894100.0,2843.0,15,2840.0,3
rb1805,20170522,20170519,210919500,2840.0,1300,22112,36894100.0,2843.0,15,2840.0,3
rb1805,20170522,20170519,210920000,2840.0,1300,22112,36894100.0,2843.0,15,2840.0,1
rb1805,20170522,20170519,210920500,2840.0,1300,22112,36894100.0,2843.0,15,2840.0,1
rb1805,20170522,20170519,210921500,2840.0,1300,22112,36894100.0,2843.0,15,2840.0,3
rb1805,20170522,20170519,210922500,2840.0,1300,22112,36894100.0,2843.0,15,2840.0,1
rb1805,20170522,20170519,210925000,2840.0,1302,22112,36950900.0,2843.0,15,2839.0,14
rb1805,20170522,20170519,210925500,2840.0,1302,22112,36950900.0,2842.0,10,2839.0,14
rb1805,20170522,20170519,210927000,2839.0,1336,22146,37916160.0,2839.0,3,2836.0,10
rb1805,20170522,20170519,210927500,2839.0,1342,22146,38086500.0,2842.0,1,2838.0,11
rb1805,20170522,20170519,210928000,2839.0,1342,22146,38086500.0,2841.0,4,2838.0,11
rb1805,20170522,20170519,210928500,2839.0,1342,22146,38086500.0,2841.0,4,2838.0,11
rb1805,20170522,20170519,210930500,2839.0,1342,22146,38086500.0,2841.0,4,2840.0,11
rb1805,20170522,20170519,210931000,2839.0,1342,22146,38086500.0,2842.0,1,2839.0,2
rb1805,20170522,20170519,210933000,2839.0,1342,22146,38086500.0,2842.0,1,2841.0,4
rb1805,20170522,20170519,210933500,2839.0,1342,22146,38086500.0,2842.0,1,2841.0,4
rb1805,20170522,20170519,210934000,2839.0,1342,22146,38086500.0,2842.0,1,2841.0,4
rb1805,20170522,20170519,210935500,2841.0,1344,22148,38143320.0,2842.0,1,2841.0,3
rb1805,20170522,20170519,210936000,2841.0,1350,22148,38313780.0,2841.0,1,2839.0,3
rb1805,20170522,20170519,210937500,2841.0,1350,22148,38313780.0,2841.0,1,2839.0,2
rb1805,20170522,20170519,210938000,2841.0,1350,22148,38313780.0,2841.0,1,2839.0,1
rb1805,20170522,20170519,210938500,2841.0,1350,22148,38313780.0,2841.0,1,2839.0,3
rb1805,20170522,20170519,210941000,2841.0,1350,22148,38313780.0,2841.0,1,2840.0,1
rb1805,20170522,20170519,210942000,2841.0,1350,22148,38313780.0,2841.0,1,2840.0,1
rb1805,20170522,20170519,210942500,2841.0,1350,22148,38313780.0,2841.0,1,2840.0,1
rb1805,20170522,20170519,210943000,2841.0,1350,22148,38313780.0,2841.0,1,2840.0,1
rb1805,20170522,20170519,210946000,2840.0,1352,22148,38370580.0,2840.0,9,2839.0,3
rb1805,20170522,20170519,210946500,2839.0,1354,22150,38427360.0,2839.0,1,2836.0,10
rb1805,20170522,20170519,210947000,2837.0,1356,22152,38484100.0,2839.0,1,2838.0,10
rb1805,20170522,20170519,210947500,2837.0,1356,22152,38484100.0,2839.0,2,2838.0,10
rb1805,20170522,20170519,210948500,2837.0,1356,22152,38484100.0,2839.0,2,2838.0,10
rb1805,20170522,20170519,210952000,2837.0,1356,22152,38484100.0,2839.0,2,2838.0,10
rb1805,20170522,20170519,210952500,2837.0,1356,22152,38484100.0,2839.0,2,2838.0,10
rb1805,20170522,20170519,210953500,2837.0,1356,22152,38484100.0,2839.0,2,2838.0,10
rb1805,20170522,20170519,210954500,2838.0,1376,22132,39051700.0,2838.0,14,2836.0,10
rb1805,20170522,20170519,210955000,2837.0,1406,22112,39903080.0,2839.0,1,2837.0,12
rb1805,20170522,20170519,210955500,2837.0,1406,22112,39903080.0,2839.0,1,2838.0,11
rb1805,20170522,20170519,210956000,2837.0,1406,22112,39903080.0,2839.0,1,2838.0,11
rb1805,20170522,20170519,210957000,2837.0,1406,22112,39903080.0,2839.0,1,2838.0,11
rb1805,20170522,20170519,210958000,2838.0,1408,22112,39959840.0,2839.0,1,2838.0,10
rb1805,20170522,20170519,210958500,2838.0,1410,22112,40016600.0,2839.0,1,2838.0,10
rb1805,20170522,20170519,210959000,2838.0,1410,22112,40016600.0,2839.0,1,2836.0,10
rb1805,20170522,20170519,211001500,2836.0,1412,22114,40073320.0,2839.0,2,2836.0,9
rb1805,20170522,20170519,211002000,2836.0,1412,22114,40073320.0,2838.0,3,2836.0,9
rb1805,20170522,20170519,211002500,2836.0,1412,22114,40073320.0,2838.0,3,2837.0,10
rb1805,20170522,20170519,211003500,2837.0,1414,22114,40130060.0,2838.0,3,2836.0,9
rb1805,20170522,20170519,211004000,2837.0,1414,22114,40130060.0,2839.0,1,2836.0,9
rb1805,20170522,20170519,211004500,2837.0,1414,22114,40130060.0,2838.0,3,2836.0,9
rb1805,20170522,20170519,211005000,2836.0,1416,22116,40186780.0,2838.0,3,2836.0,8
rb1805,20170522,20170519,211005500,2836.0,1416,22116,40186780.0,2839.0,3,2836.0,8
rb1805,20170522,20170519,211006000,2836.0,1416,22116,40186780.0,2839.0,3,2836.0,8
rb1805,20170522,20170519,211006500,2836.0,1416,22116,40186780.0,2839.0,3,2836.0,8
rb1805,20170522,20170519,211007000,2836.0,1416,22116,40186780.0,2838.0,2,2836.0,8
rb1805,20170522,20170519,211008000,2836.0,1416,22116,40186780.0,2839.0,3,2836.0,8
rb1805,20170522,20170519,211009000,2836.0,1418,22116,40243500.0,2839.0,3,2836.0,7
rb1805,20170522,20170519,211009500,2836.0,1418,22116,40243500.0,2839.0,3,2836.0,7
rb1805,20170522,20170519,211010000,2836.0,1418,22116,40243500.0,2839.0,3,2836.0,7
rb1805,20170522,20170519,211010500,2836.0,1420,22118,40300220.0,2839.0,3,2836.0,6
rb1805,20170522,20170519,211011000,2836.0,1432,22130,40640540.0,2836.0,1,2835.0,6
rb1805,20170522,20170519,211011500,2836.0,1432,22130,40640540.0,2836.0,1,2835.0,16
rb1805,20170522,20170519,211013500,2836.0,1432,22130,40640540.0,2836.0,1,2835.0,6
rb1805,20170522,20170519,211014000,2835.0,1434,22132,40697240.0,2836.0,1,2835.0,15
rb1805,20170522,20170519,211014500,2835.0,1436,22134,40753940.0,2836.0,1,2835.0,14
rb1805,20170522,20170519,211017500,2835.0,1436,22134,40753940.0,2836.0,1,2835.0,4
rb1805,20170522,20170519,211018000,2835.0,1444,22134,40980740.0,2835.0,5,2833.0,2
rb1805,20170522,20170519,211018500,2834.0,1446,22134,41037420.0,2835.0,5,2834.0,9
rb1805,20170522,20170519,211019500,2834.0,1448,22134,41094100.0,2835.0,5,2834.0,9
rb1805,20170522,20170519,211020000,2834.0,1448,22134,41094100.0,2835.0,5,2834.0,9
rb1805,20170522,20170519,211020500,2834.0,1448,22134,41094100.0,2835.0,5,2834.0,10
rb1805,20170522,20170519,211021500,2834.0,1448,22134,41094100.0,2835.0,5,2834.0,20
rb1805,20170522,20170519,211022000,2834.0,1448,22134,41094100.0,2835.0,5,2834.0,10
rb1805,20170522,20170519,211022500,2834.0,1452,22130,41207460.0,2835.0,5,2834.0,8
rb1805,20170522,20170519,211023000,2834.0,1452,22130,41207460.0,2835.0,5,2834.0,10
rb1805,20170522,20170519,211024000,2834.0,1452,22130,41207460.0,2835.0,5,2834.0,10
rb1805,20170522,20170519,211026500,2834.0,1458,22130,41377500.0,2835.0,5,2834.0,7
rb1805,20170522,20170519,211027000,2834.0,1458,22130,41377500.0,2835.0,5,2833.0,2
rb1805,20170522,20170519,211027500,2835.0,1460,22130,41434200.0,2835.0,4,2833.0,2
rb1805,20170522,20170519,211029000,2833.0,1462,22132,41490860.0,2835.0,4,2833.0,1
rb1805,20170522,20170519,211029500,2833.0,1462,22132,41490860.0,2834.0,3,2833.0,1
rb1805,20170522,20170519,211030000,2833.0,1462,22132,41490860.0,2834.0,3,2833.0,2
rb1805,20170522,20170519,211030500,2833.0,1466,22132,41604180.0,2833.0,2,2832.0,1
rb1805,20170522,20170519,211031000,2833.0,1466,22132,41604180.0,2833.0,1,2832.0,1
rb1805,20170522,20170519,211031500,2832.0,1468,22132,41660820.0,2833.0,1,2831.0,12
rb1805,20170522,20170519,211032000,2832.0,1468,22132,41660820.0,2833.0,1,2831.0,12
rb1805,20170522,20170519,211033500,2832.0,1468,22132,41660820.0,2833.0,1,2832.0,10
rb1805,20170522,20170519,211035500,2832.0,1470,22132,41717460.0,2833.0,1,2832.0,9
rb1805,20170522,20170519,211036000,2832.0,1470,22132,41717460.0,2833.0,1,2832.0,10
rb1805,20170522,20170519,211039000,2832.0,1474,22128,41830740.0,2833.0,1,2832.0,8
rb1805,20170522,20170519,211039500,2832.0,1474,22128,41830740.0,2833.0,1,2832.0,10
rb1805,20170522,20170519,211040000,2832.0,1478,22126,41944020.0,2833.0,1,2832.0,8
rb1805,20170522,20170519,211040500,2832.0,1480,22126,42000660.0,2832.0,1,2831.0,12
rb1805,20170522,20170519,211041000,2831.0,1482,22126,42057280.0,2832.0,1,2831.0,21
rb1805,20170522,20170519,211041500,2831.0,1482,22126,42057280.0,2832.0,1,2831.0,31
rb1805,20170522,20170519,211042000,2831.0,1486,22126,42170520.0,2832.0,1,2831.0,29
rb1805,20170522,20170519,211044000,2831.0,1488,22128,42227140.0,2832.0,1,2831.0,28
rb1805,20170522,20170519,211044500,2832.0,1490,22130,42283780.0,2834.0,1,2833.0,10
rb1805,20170522,20170519,211045000,2833.0,1510,22130,42850380.0,2834.0,1,2833.0,5
rb1805,20170522,20170519,211045500,2833.0,1510,22130,42850380.0,2834.0,1,2833.0,15
rb1805,20170522,20170519,211046000,2833.0,1510,22130,42850380.0,2834.0,1,2833.0,15
rb1805,20170522,20170519,211047500,2833.0,1510,22130,42850380.0,2834.0,1,2833.0,15
rb1805,20170522,20170519,211048000,2833.0,1512,22128,42907040.0,2834.0,1,2833.0,4
rb1805,20170522,20170519,211048500,2833.0,1514,22126,42963700.0,2834.0,1,2833.0,13
rb1805,20170522,20170519,211049000,2833.0,1516,22126,43020360.0,2834.0,1,2833.0,12
rb1805,20170522,20170519,211049500,2834.0,1518,22126,43077040.0,2839.0,2,2835.0,1
rb1805,20170522,20170519,211050000,2835.0,1522,22126,43190440.0,2839.0,2,2834.0,1
rb1805,20170522,20170519,211050500,2835.0,1522,22126,43190440.0,2837.0,1,2834.0,1
rb1805,20170522,20170519,211051000,2835.0,1522,22126,43190440.0,2837.0,3,2832.0,1
rb1805,20170522,20170519,211051500,2835.0,1522,22126,43190440.0,2834.0,1,2832.0,3
rb1805,20170522,20170519,211052000,2834.0,1524,22126,43247120.0,2837.0,3,2833.0,10
rb1805,20170522,20170519,211052500,2834.0,1524,22126,43247120.0,2837.0,3,2833.0,10
rb1805,20170522,20170519,211053000,2834.0,1524,22126,43247120.0,2836.0,3,2833.0,10
rb1805,20170522,20170519,211053500,2834.0,1524,22126,43247120.0,2836.0,4,2833.0,10
rb1805,20170522,20170519,211054000,2833.0,1526,22124,43303780.0,2836.0,4,2833.0,10
rb1805,20170522,20170519,211054500,2833.0,1526,22124,43303780.0,2836.0,4,2833.0,10
rb1805,20170522,20170519,211055000,2833.0,1526,22124,43303780.0,2835.0,1,2833.0,10
rb1805,20170522,20170519,211055500,2833.0,1526,22124,43303780.0,2835.0,1,2833.0,10
rb1805,20170522,20170519,211057500,2833.0,1526,22124,43303780.0,2835.0,1,2833.0,10
rb1805,20170522,20170519,211058000,2833.0,1526,22124,43303780.0,2835.0,1,2832.0,2
rb1805,20170522,20170519,211058500,2833.0,1526,22124,43303780.0,2835.0,3,2834.0,8
rb1805,20170522,20170519,211059000,2833.0,1526,22124,43303780.0,2835.0,1,2831.0,8
rb1805,20170522,20170519,211059500,2833.0,1526,22124,43303780.0,2835.0,3,2832.0,2
rb1805,20170522,20170519,211100000,2833.0,1526,22124,43303780.0,2835.0,3,2832.0,2
rb1805,20170522,20170519,211100500,2835.0,1530,22124,43417120.0,2835.0,2,2832.0,1
rb1805,20170522,20170519,211102000,2835.0,1530,22124,43417120.0,2835.0,2,2833.0,2
rb1805,20170522,20170519,211102500,2835.0,1530,22124,43417120.0,2837.0,2,2833.0,2
rb1805,20170522,20170519,211103000,2835.0,1530,22124,43417120.0,2836.0,3,2834.0,2
rb1805,20170522,20170519,211103500,2835.0,1530,22124,43417120.0,2836.0,5,2832.0,1
rb1805,20170522,20170519,211104000,2833.0,1532,22124,43473780.0,2835.0,2,2833.0,1
rb1805,20170522,20170519,211104500,2833.0,1532,22124,43473780.0,2836.0,2,2833.0,3
rb1805,20170522,20170519,211106500,2833.0,1534,22124,43530440.0,2836.0,2,2833.0,2
rb1805,20170522,20170519,211107000,2833.0,1534,22124,43530440.0,2836.0,2,2832.0,1
rb1805,20170522,20170519,211107500,2833.0,1534,22124,43530440.0,2836.0,2,2833.0,1
rb1805,20170522,20170519,211108000,2833.0,1534,22124,43530440.0,2836.0,2,2833.0,3
rb1805,20170522,20170519,211108500,2833.0,1534,22124,43530440.0,2836.0,3,2833.0,3
rb1805,20170522,20170519,211110000,2833.0,1542,22124,43757080.0,2836.0,3,2831.0,9
rb1805,20170522,20170519,211110500,2833.0,1542,22124,43757080.0,2835.0,2,2832.0,5
rb1805,20170522,20170519,211111000,2833.0,1542,22124,43757080.0,2835.0,2,2834.0,10
rb1805,20170522,20170519,211111500,2833.0,1542,22124,43757080.0,2836.0,3,2834.0,10
rb1805,20170522,20170519,211112000,2833.0,1542,22124,43757080.0,2836.0,2,2834.0,10
rb1805,20170522,20170519,211112500,2834.0,1544,22122,43813760.0,2837.0,2,2834.0,9
rb1805,20170522,20170519,211113000,2834.0,1544,22122,43813760.0,2839.0,3,2834.0,10
rb1805,20170522,20170519,211113500,2834.0,1544,22122,43813760.0,2838.0,2,2834.0,10
rb1805,20170522,20170519,211114000,2834.0,1564,22102,44380560.0,2833.0,10,2831.0,10
rb1805,20170522,20170519,211114500,2833.0,1586,22102,45003820.0,2838.0,2,2836.0,9
rb1805,20170522,20170519,211115000,2831.0,1606,22102,45570920.0,2839.0,1,2831.0,9
rb1805,20170522,20170519,211115500,2831.0,1606,22102,45570920.0,2836.0,4,2834.0,6
rb1805,20170522,20170519,211116000,2831.0,1606,22102,45570920.0,2838.0,2,2836.0,10
rb1805,20170522,20170519,211116500,2836.0,1608,22100,45627640.0,2837.0,5,2836.0,9
rb1805,20170522,20170519,211117000,2836.0,1626,22092,46138120.0,2839.0,3,2836.0,10
rb1805,20170522,20170519,211117500,2836.0,1626,22092,46138120.0,2838.0,10,2836.0,10
rb1805,20170522,20170519,211118000,2836.0,1626,22092,46138120.0,2838.0,10,2836.0,10
rb1805,20170522,20170519,211119000,2836.0,1646,22092,46705320.0,2837.0,1,2833.0,3
rb1805,20170522,20170519,211119500,2836.0,1666,22072,47272520.0,2836.0,4,2834.0,10
rb1805,20170522,20170519,211120000,2836.0,1674,22064,47499400.0,2837.0,3,2836.0,6
rb1805,20170522,20170519,211120500,2836.0,1674,22064,47499400.0,2836.0,1,2834.0,1
rb1805,20170522,20170519,211121000,2836.0,1676,22064,47556120.0,2837.0,1,2836.0,9
rb1805,20170522,20170519,211122000,2837.0,1678,22062,47612860.0,2839.0,18,2837.0,1
rb1805,20170522,20170519,211122500,2837.0,1680,22060,47669600.0,2839.0,18,2834.0,1
rb1805,20170522,20170519,211123000,2837.0,1680,22060,47669600.0,2836.0,20,2834.0,1
rb1805,20170522,20170519,211123500,2836.0,1700,22040,48236800.0,2836.0,10,2834.0,1
rb1805,20170522,20170519,211124000,2836.0,1712,22028,48577120.0,2836.0,4,2834.0,1
rb1805,20170522,20170519,211126500,2836.0,1712,22028,48577120.0,2836.0,4,2834.0,1
rb1805,20170522,20170519,211127000,2834.0,1714,22030,48633800.0,2836.0,6,2833.0,3
rb1805,20170522,20170519,211130000,2834.0,1714,22030,48633800.0,2836.0,6,2833.0,2
rb1805,20170522,20170519,211131000,2834.0,1714,22030,48633800.0,2836.0,6,2833.0,2
rb1805,20170522,20170519,211132000,2834.0,1714,22030,48633800.0,2836.0,4,2833.0,2
rb1805,20170522,20170519,211132500,2834.0,1714,22030,48633800.0,2836.0,4,2833.0,3
rb1805,20170522,20170519,211133500,2833.0,1722,22030,48860440.0,2833.0,2,2832.0,1
rb1805,20170522,20170519,211134000,2833.0,1726,22030,48973760.0,2836.0,4,2834.0,9
rb1805,20170522,20170519,211135000,2833.0,1726,22030,48973760.0,2836.0,4,2834.0,9
rb1805,20170522,20170519,211135500,2833.0,1726,22030,48973760.0,2836.0,4,2834.0,4
rb1805,20170522,20170519,211136000,2834.0,1728,22032,49030440.0,2836.0,4,2834.0,3
rb1805,20170522,20170519,211136500,2834.0,1728,22032,49030440.0,2835.0,5,2834.0,3
rb1805,20170522,20170519,211137000,2834.0,1728,22032,49030440.0,2835.0,6,2834.0,3
rb1805,20170522,20170519,211138000,2834.0,1728,22032,49030440.0,2835.0,6,2833.0,1
rb1805,20170522,20170519,211138500,2833.0,1730,22034,49087100.0,2835.0,6,2832.0,9
rb1805,20170522,20170519,211139000,2833.0,1730,22034,49087100.0,2835.0,1,2834.0,1
rb1805,20170522,20170519,211139500,2833.0,1730,22034,49087100.0,2835.0,1,2834.0,1
rb1805,20170522,20170519,211140500,2835.0,1732,22034,49143800.0,2836.0,4,2834.0,1
rb1805,20170522,20170519,211141000,2835.0,1732,22034,49143800.0,2836.0,4,2834.0,1
rb1805,20170522,20170519,211142000,2835.0,1732,22034,49143800.0,2836.0,4,2835.0,1
rb1805,20170522,20170519,211142500,2835.0,1734,22034,49200500.0,2835.0,5,2834.0,1
rb1805,20170522,20170519,211143000,2835.0,1734,22034,49200500.0,2835.0,1,2834.0,1
rb1805,20170522,20170519,211147500,2835.0,1734,22034,49200500.0,2835.0,1,2834.0,1
rb1805,20170522,20170519,211148500,2835.0,1734,22034,49200500.0,2835.0,1,2834.0,1
rb1805,20170522,20170519,211152000,2835.0,1736,22036,49257200.0,2836.0,4,2834.0,1
rb1805,20170522,20170519,211153500,2835.0,1738,22038,49313900.0,2836.0,4,2835.0,3
rb1805,20170522,20170519,211155000,2834.0,1746,22040,49540680.0,2834.0,17,2833.0,1
rb1805,20170522,20170519,211155500,2833.0,1748,22040,49597340.0,2833.0,1,2832.0,9
rb1805,20170522,20170519,211156500,2833.0,1750,22042,49654000.0,2834.0,17,2832.0,9
rb1805,20170522,20170519,211157000,2832.0,1752,22044,49710640.0,2834.0,17,2832.0,8
rb1805,20170522,20170519,211158500,2832.0,1752,22044,49710640.0,2833.0,1,2832.0,8
rb1805,20170522,20170519,211159000,2833.0,1754,22044,49767300.0,2834.0,17,2832.0,8
rb1805,20170522,20170519,211201500,2834.0,1756,22044,49823980.0,2834.0,16,2832.0,8
rb1805,20170522,20170519,211202000,2834.0,1756,22044,49823980.0,2834.0,17,2832.0,8
rb1805,20170522,20170519,211204000,2834.0,1758,22044,49880660.0,2834.0,16,2832.0,8
rb1805,20170522,20170519,211206000,2834.0,1758,22044,49880660.0,2834.0,16,2832.0,9
rb1805,20170522,20170519,211208000,2834.0,1758,22044,49880660.0,2834.0,16,2832.0,9
rb1805,20170522,20170519,211209500,2832.0,1760,22046,49937300.0,2834.0,16,2832.0,8
rb1805,20170522,20170519,211210000,2834.0,1766,22046,50107340.0,2834.0,13,2832.0,8
rb1805,20170522,20170519,211211000,2834.0,1768,22046,50164020.0,2834.0,12,2832.0,8
rb1805,20170522,20170519,211211500,2834.0,1768,22046,50164020.0,2834.0,12,2832.0,10
rb1805,20170522,20170519,211213000,2832.0,1770,22048,50220660.0,2834.0,12,2832.0,9
rb1805,20170522,20170519,211213500,2832.0,1770,22048,50220660.0,2834.0,13,2832.0,9
rb1805,20170522,20170519,211214000,2834.0,1772,22048,50277340.0,2834.0,12,2832.0,9
rb1805,20170522,20170519,211215000,2834.0,1778,22050,50447340.0,2834.0,10,2832.0,8
rb1805,20170522,20170519,211216000,2834.0,1780,22050,50504020.0,2834.0,9,2832.0,8
rb1805,20170522,20170519,211217000,2834.0,1784,22050,50617380.0,2834.0,7,2832.0,8
rb1805,20170522,20170519,211218000,2834.0,1784,22050,50617380.0,2834.0,9,2832.0,8
rb1805,20170522,20170519,211218500,2834.0,1784,22050,50617380.0,2834.0,9,2832.0,9
rb1805,20170522,20170519,211219000,2834.0,1784,22050,50617380.0,2834.0,9,2832.0,9
rb1805,20170522,20170519,211219500,2834.0,1784,22050,50617380.0,2834.0,9,2832.0,9
rb1805,20170522,20170519,211223000,2832.0,1786,22052,50674020.0,2834.0,9,2832.0,8
rb1805,20170522,20170519,211224500,2832.0,1802,22052,51127140.0,2832.0,2,2831.0,12
rb1805,20170522,20170519,211225000,2832.0,1806,22052,51240420.0,2834.0,9,2832.0,3
rb1805,20170522,20170519,211227000,2832.0,1806,22052,51240420.0,2834.0,9,2831.0,12
rb1805,20170522,20170519,211228500,2832.0,1806,22052,51240420.0,2833.0,5,2832.0,1
rb1805,20170522,20170519,211232500,2832.0,1806,22052,51240420.0,2833.0,5,2832.0,1
rb1805,20170522,20170519,211234000,2832.0,1806,22052,51240420.0,2834.0,9,2832.0,1
rb1805,20170522,20170519,211234500,2832.0,1806,22052,51240420.0,2834.0,9,2832.0,2
rb1805,20170522,20170519,211235000,2832.0,1806,22052,51240420.0,2834.0,9,2832.0,2
rb1805,20170522,20170519,211235500,2832.0,1806,22052,51240420.0,2834.0,14,2832.0,2
rb1805,20170522,20170519,211239500,2832.0,1808,22054,51297060.0,2834.0,14,2832.0,2
rb1805,20170522,20170519,211240500,2832.0,1808,22054,51297060.0,2834.0,14,2832.0,3
rb1805,20170522,20170519,211242000,2832.0,1808,22054,51297060.0,2834.0,14,2832.0,3
rb1805,20170522,20170519,211245000,2832.0,1808,22054,51297060.0,2834.0,14,2832.0,4
rb1805,20170522,20170519,211247500,2832.0,1808,22054,51297060.0,2834.0,14,2832.0,4
rb1805,20170522,20170519,211248000,2832.0,1808,22054,51297060.0,2834.0,14,2832.0,3
rb1805,20170522,20170519,211248500,2832.0,1810,22056,51353700.0,2834.0,14,2832.0,2
rb1805,20170522,20170519,211249000,2832.0,1810,22056,51353700.0,2834.0,14,2832.0,2
rb1805,20170522,20170519,211253500,2832.0,1814,22056,51466980.0,2832.0,18,2831.0,21
rb1805,20170522,20170519,211255500,2832.0,1814,22056,51466980.0,2832.0,18,2831.0,21
rb1805,20170522,20170519,211256500,2832.0,1814,22056,51466980.0,2832.0,18,2831.0,21
rb1805,20170522,20170519,211257500,2832.0,1824,22056,51750180.0,2832.0,13,2831.0,21
rb1805,20170522,20170519,211258500,2831.0,1826,22058,51806800.0,2832.0,13,2831.0,20
rb1805,20170522,20170519,211259000,2832.0,1828,22058,51863440.0,2832.0,12,2831.0,20
rb1805,20170522,20170519,211259500,2832.0,1828,22058,51863440.0,2832.0,12,2831.0,21
rb1805,20170522,20170519,211302500,2832.0,1828,22058,51863440.0,2832.0,12,2831.0,21
rb1805,20170522,20170519,211304500,2832.0,1830,22058,51920080.0,2832.0,11,2831.0,21
rb1805,20170522,20170519,211305500,2831.0,1832,22058,51976700.0,2832.0,11,2831.0,20
rb1805,20170522,20170519,211309000,2831.0,1840,22058,52203180.0,2832.0,11,2831.0,16
rb1805,20170522,20170519,211309500,2831.0,1844,22060,52316440.0,2832.0,10,2831.0,15
rb1805,20170522,20170519,211311500,2831.0,1846,22062,52373060.0,2832.0,10,2831.0,14
rb1805,20170522,20170519,211312000,2831.0,1846,22062,52373060.0,2832.0,10,2831.0,14
rb1805,20170522,20170519,211313500,2831.0,1846,22062,52373060.0,2832.0,10,2831.0,14
rb1805,20170522,20170519,211314500,2831.0,1856,22058,52656160.0,2832.0,10,2831.0,9
rb1805,20170522,20170519,211319000,2832.0,1860,22058,52769440.0,2832.0,8,2831.0,9
rb1805,20170522,20170519,211319500,2832.0,1860,22058,52769440.0,2832.0,8,2831.0,10
rb1805,20170522,20170519,211321500,2832.0,1860,22058,52769440.0,2832.0,8,2831.0,10
rb1805,20170522,20170519,211322000,2832.0,1860,22058,52769440.0,2832.0,8,2831.0,10
rb1805,20170522,20170519,211325500,2832.0,1860,22058,52769440.0,2832.0,8,2831.0,10
rb1805,20170522,20170519,211326000,2832.0,1860,22058,52769440.0,2832.0,8,2831.0,11
rb1805,20170522,20170519,211327000,2832.0,1864,22058,52882720.0,2832.0,6,2831.0,11
rb1805,20170522,20170519,211329500,2832.0,1864,22058,52882720.0,2832.0,6,2831.0,12
rb1805,20170522,20170519,211330500,2832.0,1864,22058,52882720.0,2832.0,6,2831.0,13
rb1805,20170522,20170519,211332500,2831.0,1866,22058,52939340.0,2832.0,6,2831.0,12
rb1805,20170522,20170519,211333500,2831.0,1866,22058,52939340.0,2832.0,8,2831.0,12
rb1805,20170522,20170519,211334000,2832.0,1868,22058,52995980.0,2832.0,7,2831.0,12
rb1805,20170522,20170519,211334500,2832.0,1868,22058,52995980.0,2832.0,7,2831.0,12
rb1805,20170522,20170519,211337500,2832.0,1868,22058,52995980.0,2832.0,5,2831.0,12
rb1805,20170522,20170519,211339000,2832.0,1870,22058,53052620.0,2832.0,4,2831.0,12
rb1805,20170522,20170519,211341000,2832.0,1872,22058,53109260.0,2832.0,3,2831.0,12
rb1805,20170522,20170519,211341500,2831.0,1874,22058,53165880.0,2832.0,3,2831.0,11
rb1805,20170522,20170519,211343000,2831.0,1874,22058,53165880.0,2832.0,4,2831.0,11
rb1805,20170522,20170519,211343500,2831.0,1874,22058,53165880.0,2832.0,4,2831.0,11
rb1805,20170522,20170519,211345000,2831.0,1874,22058,53165880.0,2832.0,4,2831.0,11
rb1805,20170522,20170519,211345500,2832.0,1876,22056,53222520.0,2832.0,3,2831.0,11
rb1805,20170522,20170519,211346500,2832.0,1876,22056,53222520.0,2832.0,3,2831.0,11
rb1805,20170522,20170519,211347000,2832.0,1876,22056,53222520.0,2832.0,3,2831.0,11
rb1805,20170522,20170519,211350000,2831.0,1896,22044,53788720.0,2832.0,3,2831.0,1
rb1805,20170522,20170519,211350500,2831.0,1898,22044,53845340.0,2832.0,3,2830.0,15
rb1805,20170522,20170519,211351000,2831.0,1898,22044,53845340.0,2832.0,3,2830.0,15
rb1805,20170522,20170519,211352000,2831.0,1898,22044,53845340.0,2831.0,10,2830.0,15
rb1805,20170522,20170519,211354000,2831.0,1904,22044,54015200.0,2831.0,7,2830.0,15
rb1805,20170522,20170519,211356000,2831.0,1904,22044,54015200.0,2831.0,7,2830.0,15
rb1805,20170522,20170519,211356500,2831.0,1904,22044,54015200.0,2831.0,7,2830.0,15
rb1805,20170522,20170519,211358000,2831.0,1904,22044,54015200.0,2831.0,7,2830.0,22
rb1805,20170522,20170519,211359500,2831.0,1904,22044,54015200.0,2831.0,7,2830.0,22
rb1805,20170522,20170519,211400000,2831.0,1906,22044,54071820.0,2831.0,6,2830.0,22
rb1805,20170522,20170519,211401500,2831.0,1906,22044,54071820.0,2831.0,6,2830.0,22
rb1805,20170522,20170519,211402000,2830.0,1926,22044,54637820.0,2831.0,6,2830.0,12
rb1805,20170522,20170519,211402500,2830.0,1926,22044,54637820.0,2831.0,6,2830.0,13
rb1805,20170522,20170519,211404500,2830.0,1926,22044,54637820.0,2831.0,6,2830.0,13
rb1805,20170522,20170519,211405000,2830.0,1928,22046,54694420.0,2831.0,6,2830.0,12
rb1805,20170522,20170519,211406000,2830.0,1928,22046,54694420.0,2831.0,6,2830.0,12
rb1805,20170522,20170519,211406500,2830.0,1928,22046,54694420.0,2831.0,7,2830.0,12
rb1805,20170522,20170519,211407000,2830.0,1936,22046,54920820.0,2831.0,7,2830.0,8
rb1805,20170522,20170519,211408000,2830.0,1952,22044,55373620.0,2830.0,4,2829.0,1
rb1805,20170522,20170519,211408500,2830.0,1954,22042,55430220.0,2830.0,5,2829.0,1
rb1805,20170522,20170519,211409000,2830.0,1956,22042,55486820.0,2830.0,4,2829.0,1
rb1805,20170522,20170519,211410000,2830.0,1958,22042,55543420.0,2830.0,3,2829.0,1
rb1805,20170522,20170519,211410500,2830.0,1958,22042,55543420.0,2830.0,5,2829.0,1
rb1805,20170522,20170519,211411000,2830.0,1958,22042,55543420.0,2830.0,7,2829.0,1
rb1805,20170522,20170519,211412500,2830.0,1958,22042,55543420.0,2830.0,7,2829.0,1
rb1805,20170522,20170519,211414000,2830.0,1958,22042,55543420.0,2830.0,7,2829.0,2
rb1805,20170522,20170519,211415000,2830.0,1958,22042,55543420.0,2830.0,7,2829.0,2
rb1805,20170522,20170519,211417000,2830.0,1958,22042,55543420.0,2830.0,7,2829.0,2
rb1805,20170522,20170519,211418000,2830.0,1958,22042,55543420.0,2830.0,5,2829.0,2
rb1805,20170522,20170519,211420000,2830.0,1958,22042,55543420.0,2830.0,5,2829.0,2
rb1805,20170522,20170519,211421000,2829.0,1962,22046,55656580.0,2829.0,1,2828.0,23
rb1805,20170522,20170519,211421500,2829.0,1964,22048,55713160.0,2830.0,5,2829.0,3
rb1805,20170522,20170519,211425000,2829.0,1964,22048,55713160.0,2830.0,5,2829.0,3
rb1805,20170522,20170519,211428000,2829.0,1970,22054,55882900.0,2830.0,5,2828.0,23
rb1805,20170522,20170519,211428500,2830.0,1978,22054,56109300.0,2830.0,1,2828.0,23
rb1805,20170522,20170519,211429000,2829.0,1990,22066,56448780.0,2829.0,4,2828.0,23
rb1805,20170522,20170519,211432000,2829.0,1990,22066,56448780.0,2829.0,4,2828.0,23
rb1805,20170522,20170519,211434500,2829.0,1992,22068,56505360.0,2829.0,3,2828.0,23
rb1805,20170522,20170519,211435500,2828.0,1994,22070,56561920.0,2829.0,3,2828.0,22
rb1805,20170522,20170519,211438000,2828.0,1994,22070,56561920.0,2829.0,3,2828.0,32
rb1805,20170522,20170519,211438500,2829.0,1996,22072,56618500.0,2829.0,2,2828.0,32
rb1805,20170522,20170519,211439000,2829.0,1996,22072,56618500.0,2829.0,2,2828.0,32
rb1805,20170522,20170519,211441000,2829.0,1996,22072,56618500.0,2829.0,2,2828.0,32
rb1805,20170522,20170519,211441500,2829.0,1998,22074,56675080.0,2829.0,1,2828.0,32
rb1805,20170522,20170519,211442000,2829.0,1998,22074,56675080.0,2829.0,1,2828.0,33
rb1805,20170522,20170519,211446000,2828.0,2004,22080,56844760.0,2829.0,1,2828.0,30
rb1805,20170522,20170519,211447000,2829.0,2006,22082,56901340.0,2830.0,2,2828.0,30
rb1805,20170522,20170519,211448000,2829.0,2006,22082,56901340.0,2830.0,2,2828.0,30
rb1805,20170522,20170519,211448500,2829.0,2006,22082,56901340.0,2830.0,2,2828.0,30
rb1805,20170522,20170519,211450000,2830.0,2010,22084,57014540.0,2831.0,6,2828.0,30
rb1805,20170522,20170519,211450500,2830.0,2010,22084,57014540.0,2831.0,6,2830.0,1
rb1805,20170522,20170519,211451000,2830.0,2010,22084,57014540.0,2831.0,6,2830.0,1
rb1805,20170522,20170519,211451500,2830.0,2010,22084,57014540.0,2831.0,6,2830.0,1
rb1805,20170522,20170519,211452000,2830.0,2010,22084,57014540.0,2831.0,6,2830.0,1
rb1805,20170522,20170519,211452500,2828.0,2016,22090,57184280.0,2831.0,6,2828.0,29
rb1805,20170522,20170519,211453000,2828.0,2016,22090,57184280.0,2831.0,6,2830.0,1
rb1805,20170522,20170519,211453500,2828.0,2016,22090,57184280.0,2831.0,6,2830.0,1
rb1805,20170522,20170519,211454000,2830.0,2018,22090,57240880.0,2831.0,6,2829.0,14
rb1805,20170522,20170519,211454500,2831.0,2028,22090,57523980.0,2831.0,1,2830.0,2
rb1805,20170522,20170519,211455000,2831.0,2028,22090,57523980.0,2831.0,1,2830.0,4
rb1805,20170522,20170519,211456000,2831.0,2028,22090,57523980.0,2831.0,1,2830.0,2
rb1805,20170522,20170519,211456500,2831.0,2030,22090,57580600.0,2832.0,4,2829.0,16
rb1805,20170522,20170519,211457000,2831.0,2030,22090,57580600.0,2832.0,5,2829.0,16
rb1805,20170522,20170519,211458500,2831.0,2030,22090,57580600.0,2831.0,1,2829.0,16
rb1805,20170522,20170519,211459000,2829.0,2036,22096,57750340.0,2831.0,1,2829.0,13
rb1805,20170522,20170519,211459500,2829.0,2036,22096,57750340.0,2831.0,1,2829.0,15
rb1805,20170522,20170519,211500000,2832.0,2040,22096,57863600.0,2832.0,4,2829.0,13
rb1805,20170522,20170519,211500500,2832.0,2040,22096,57863600.0,2832.0,4,2830.0,3
rb1805,20170522,20170519,211501000,2830.0,2042,22098,57920200.0,2832.0,4,2830.0,8
rb1805,20170522,20170519,211501500,2830.0,2042,22098,57920200.0,2832.0,4,2831.0,1
rb1805,20170522,20170519,211502000,2830.0,2042,22098,57920200.0,2832.0,4,2831.0,2
rb1805,20170522,20170519,211503000,2830.0,2042,22098,57920200.0,2832.0,4,2831.0,1
rb1805,20170522,20170519,211504000,2830.0,2042,22098,57920200.0,2832.0,4,2831.0,1
rb1805,20170522,20170519,211504500,2832.0,2050,22094,58146760.0,2833.0,3,2832.0,57
rb1805,20170522,20170519,211505500,2832.0,2050,22094,58146760.0,2833.0,3,2832.0,57
rb1805,20170522,20170519,211506000,2832.0,2060,22084,58429960.0,2833.0,3,2832.0,52
rb1805,20170522,20170519,211506500,2832.0,2062,22082,58486600.0,2833.0,3,2832.0,51
rb1805,20170522,20170519,211507000,2832.0,2062,22082,58486600.0,2833.0,3,2832.0,51
rb1805,20170522,20170519,211508000,2832.0,2068,22076,58656520.0,2833.0,3,2832.0,48
rb1805,20170522,20170519,211508500,2832.0,2068,22076,58656520.0,2833.0,3,2832.0,48
rb1805,20170522,20170519,211509000,2832.0,2068,22076,58656520.0,2833.0,3,2832.0,48
rb1805,20170522,20170519,211510000,2832.0,2068,22076,58656520.0,2833.0,3,2832.0,48
rb1805,20170522,20170519,211510500,2832.0,2068,22076,58656520.0,2833.0,3,2832.0,48
rb1805,20170522,20170519,211512000,2832.0,2068,22076,58656520.0,2833.0,3,2832.0,48
rb1805,20170522,20170519,211513500,2832.0,2070,22074,58713160.0,2833.0,3,2832.0,47
rb1805,20170522,20170519,211514000,2833.0,2074,22074,58826460.0,2833.0,2,2832.0,46
rb1805,20170522,20170519,211516000,2833.0,2074,22074,58826460.0,2833.0,2,2832.0,47
rb1805,20170522,20170519,211516500,2832.0,2076,22072,58883100.0,2833.0,2,2832.0,46
rb1805,20170522,20170519,211518000,2832.0,2076,22072,58883100.0,2833.0,2,2832.0,46
rb1805,20170522,20170519,211518500,2832.0,2086,22072,59166320.0,2833.0,1,2832.0,42
rb1805,20170522,20170519,211519000,2832.0,2096,22062,59449520.0,2833.0,1,2832.0,37
rb1805,20170522,20170519,211519500,2832.0,2096,22062,59449520.0,2833.0,2,2832.0,37
rb1805,20170522,20170519,211520000,2832.0,2096,22062,59449520.0,2833.0,2,2832.0,37
rb1805,20170522,20170519,211522000,2832.0,2102,22062,59619440.0,2833.0,3,2832.0,34
rb1805,20170522,20170519,211523000,2832.0,2102,22062,59619440.0,2833.0,3,2832.0,34
rb1805,20170522,20170519,211525000,2833.0,2110,22062,59846020.0,2833.0,2,2832.0,31
rb1805,20170522,20170519,211526500,2833.0,2110,22062,59846020.0,2833.0,2,2832.0,31
rb1805,20170522,20170519,211529000,2833.0,2110,22062,59846020.0,2833.0,2,2832.0,31
rb1805,20170522,20170519,211532000,2833.0,2114,22064,59959340.0,2834.0,16,2833.0,8
rb1805,20170522,20170519,211532500,2833.0,2128,22064,60355960.0,2834.0,16,2833.0,1
rb1805,20170522,20170519,211533000,2833.0,2130,22064,60412620.0,2834.0,16,2832.0,31
rb1805,20170522,20170519,211533500,2832.0,2136,22064,60582540.0,2834.0,16,2832.0,28
rb1805,20170522,20170519,211534500,2832.0,2136,22064,60582540.0,2833.0,3,2832.0,28
rb1805,20170522,20170519,211536000,2832.0,2136,22064,60582540.0,2833.0,3,2832.0,28
rb1805,20170522,20170519,211536500,2832.0,2138,22064,60639180.0,2833.0,3,2832.0,27
rb1805,20170522,20170519,211541000,2832.0,2138,22064,60639180.0,2833.0,3,2832.0,28
rb1805,20170522,20170519,211543000,2832.0,2144,22064,60809100.0,2833.0,3,2832.0,25
rb1805,20170522,20170519,211547500,2832.0,2150,22064,60979020.0,2833.0,3,2832.0,22
rb1805,20170522,20170519,211548500,2832.0,2150,22064,60979020.0,2833.0,3,2832.0,22
rb1805,20170522,20170519,211549000,2832.0,2150,22064,60979020.0,2833.0,3,2832.0,22
rb1805,20170522,20170519,211549500,2832.0,2152,22064,61035660.0,2833.0,4,2832.0,21
rb1805,20170522,20170519,211552000,2833.0,2158,22064,61205640.0,2833.0,1,2832.0,21
rb1805,20170522,20170519,211552500,2833.0,2158,22064,61205640.0,2833.0,2,2832.0,21
rb1805,20170522,20170519,211554500,2832.0,2164,22064,61375560.0,2833.0,2,2832.0,19
rb1805,20170522,20170519,211557000,2832.0,2164,22064,61375560.0,2833.0,1,2832.0,19
rb1805,20170522,20170519,211559500,2832.0,2170,22064,61545480.0,2833.0,1,2832.0,16
rb1805,20170522,20170519,211602000,2832.0,2170,22064,61545480.0,2833.0,1,2832.0,16
rb1805,20170522,20170519,211608000,2833.0,2172,22064,61602140.0,2834.0,16,2832.0,16
rb1805,20170522,20170519,211608500,2833.0,2172,22064,61602140.0,2834.0,16,2832.0,16
rb1805,20170522,20170519,211609000,2833.0,2172,22064,61602140.0,2834.0,1,2832.0,16
rb1805,20170522,20170519,211609500,2832.0,2186,22050,61998620.0,2834.0,1,2832.0,9
rb1805,20170522,20170519,211610500,2832.0,2186,22050,61998620.0,2833.0,5,2832.0,9
rb1805,20170522,20170519,211611000,2832.0,2204,22056,62508380.0,2832.0,1,2831.0,5
rb1805,20170522,20170519,211611500,2832.0,2208,22060,62621640.0,2834.0,1,2831.0,4
rb1805,20170522,20170519,211612000,2832.0,2208,22060,62621640.0,2833.0,5,2831.0,4
rb1805,20170522,20170519,211612500,2832.0,2208,22060,62621640.0,2834.0,2,2831.0,4
rb1805,20170522,20170519,211614000,2832.0,2208,22060,62621640.0,2833.0,5,2831.0,4
rb1805,20170522,20170519,211614500,2832.0,2208,22060,62621640.0,2834.0,17,2831.0,4
rb1805,20170522,20170519,211615000,2832.0,2208,22060,62621640.0,2834.0,17,2831.0,4
rb1805,20170522,20170519,211619500,2832.0,2208,22060,62621640.0,2834.0,18,2831.0,6
rb1805,20170522,20170519,211621500,2832.0,2208,22060,62621640.0,2834.0,18,2831.0,6
rb1805,20170522,20170519,211622000,2831.0,2218,22058,62904740.0,2834.0,18,2831.0,1
rb1805,20170522,20170519,211627000,2831.0,2218,22058,62904740.0,2834.0,18,2831.0,1
rb1805,20170522,20170519,211631000,2831.0,2220,22058,62961360.0,2831.0,2,2830.0,2
rb1805,20170522,20170519,211631500,2831.0,2224,22058,63074600.0,2834.0,18,2831.0,1
rb1805,20170522,20170519,211632000,2831.0,2224,22058,63074600.0,2834.0,18,2831.0,5
rb1805,20170522,20170519,211632500,2831.0,2232,22058,63301080.0,2834.0,18,2831.0,1
rb1805,20170522,20170519,211634000,2831.0,2232,22058,63301080.0,2834.0,17,2831.0,1
rb1805,20170522,20170519,211635000,2831.0,2232,22058,63301080.0,2834.0,17,2831.0,1
rb1805,20170522,20170519,211636500,2831.0,2232,22058,63301080.0,2834.0,17,2831.0,2
rb1805,20170522,20170519,211637000,2831.0,2232,22058,63301080.0,2834.0,17,2831.0,1
rb1805,20170522,20170519,211639000,2834.0,2234,22058,63357760.0,2834.0,16,2831.0,1
rb1805,20170522,20170519,211640500,2834.0,2234,22058,63357760.0,2834.0,16,2831.0,1
rb1805,20170522,20170519,211645500,2834.0,2234,22058,63357760.0,2834.0,16,2831.0,1
rb1805,20170522,20170519,211646000,2834.0,2234,22058,63357760.0,2833.0,10,2831.0,1
rb1805,20170522,20170519,211646500,2834.0,2234,22058,63357760.0,2833.0,10,2832.0,1
rb1805,20170522,20170519,211649500,2834.0,2234,22058,63357760.0,2833.0,10,2831.0,1
rb1805,20170522,20170519,211650000,2834.0,2234,22058,63357760.0,2833.0,10,2832.0,1
rb1805,20170522,20170519,211650500,2834.0,2234,22058,63357760.0,2833.0,10,2832.0,1
rb1805,20170522,20170519,211651000,2834.0,2234,22058,63357760.0,2833.0,10,2831.0,1
rb1805,20170522,20170519,211651500,2834.0,2234,22058,63357760.0,2833.0,10,2831.0,1
rb1805,20170522,20170519,211655000,2834.0,2234,22058,63357760.0,2833.0,10,2831.0,2
rb1805,20170522,20170519,211659000,2834.0,2234,22058,63357760.0,2833.0,10,2831.0,2
rb1805,20170522,20170519,211659500,2834.0,2234,22058,63357760.0,2833.0,11,2831.0,2
rb1805,20170522,20170519,211702000,2833.0,2236,22058,63414420.0,2833.0,10,2831.0,2
rb1805,20170522,20170519,211707000,2831.0,2240,22062,63527660.0,2831.0,1,2830.0,32
rb1805,20170522,20170519,211707500,2831.0,2242,22064,63584280.0,2833.0,10,2831.0,1
rb1805,20170522,20170519,211708000,2831.0,2242,22064,63584280.0,2833.0,10,2831.0,1
rb1805,20170522,20170519,211711000,2831.0,2242,22064,63584280.0,2833.0,10,2831.0,1
rb1805,20170522,20170519,211712500,2828.0,2400,22062,68054200.0,2828.0,9,2827.0,1
rb1805,20170522,20170519,211713000,2828.0,2418,22062,68563240.0,2833.0,10,2830.0,1
rb1805,20170522,20170519,211713500,2828.0,2418,22062,68563240.0,2831.0,3,2830.0,1
rb1805,20170522,20170519,211714000,2831.0,2422,22064,68676480.0,2831.0,1,2830.0,1
rb1805,20170522,20170519,211715000,2831.0,2422,22064,68676480.0,2831.0,1,2830.0,1
rb1805,20170522,20170519,211715500,2831.0,2424,22064,68733100.0,2832.0,8,2830.0,1
rb1805,20170522,20170519,211716500,2831.0,2424,22064,68733100.0,2831.0,1,2830.0,1
rb1805,20170522,20170519,211718000,2831.0,2424,22064,68733100.0,2831.0,1,2828.0,2
rb1805,20170522,20170519,211718500,2831.0,2424,22064,68733100.0,2831.0,1,2829.0,5
rb1805,20170522,20170519,211719000,2831.0,2424,22064,68733100.0,2831.0,1,2830.0,1
rb1805,20170522,20170519,211719500,2831.0,2424,22064,68733100.0,2831.0,1,2830.0,1
rb1805,20170522,20170519,211720500,2828.0,2452,22064,69524980.0,2828.0,371,2827.0,1
rb1805,20170522,20170519,211721000,2828.0,2558,21992,72522640.0,2828.0,319,2824.0,6
rb1805,20170522,20170519,211721500,2827.0,2568,21986,72805420.0,2828.0,315,2827.0,4
rb1805,20170522,20170519,211722000,2828.0,2576,21986,73031660.0,2828.0,311,2825.0,7
rb1805,20170522,20170519,211722500,2828.0,2636,21986,74728460.0,2828.0,281,2826.0,2
rb1805,20170522,20170519,211723000,2828.0,2636,21986,74728460.0,2828.0,281,2826.0,1
rb1805,20170522,20170519,211724500,2828.0,2636,21986,74728460.0,2827.0,1,2826.0,1
rb1805,20170522,20170519,211725000,2826.0,2638,21988,74784980.0,2827.0,12,2823.0,1
rb1805,20170522,20170519,211725500,2826.0,2638,21988,74784980.0,2826.0,15,2823.0,3
rb1805,20170522,20170519,211726000,2826.0,2638,21988,74784980.0,2826.0,15,2824.0,2
rb1805,20170522,20170519,211726500,2826.0,2640,21988,74841500.0,2826.0,14,2824.0,4
rb1805,20170522,20170519,211727000,2826.0,2640,21988,74841500.0,2826.0,14,2824.0,2
rb1805,20170522,20170519,211728000,2826.0,2644,21988,74954540.0,2826.0,12,2824.0,2
rb1805,20170522,20170519,211729500,2826.0,2644,21988,74954540.0,2826.0,12,2824.0,2
rb1805,20170522,20170519,211730500,2826.0,2644,21988,74954540.0,2826.0,12,2824.0,2
rb1805,20170522,20170519,211731500,2826.0,2644,21988,74954540.0,2826.0,12,2824.0,2
rb1805,20170522,20170519,211733000,2826.0,2644,21988,74954540.0,2826.0,12,2824.0,2
rb1805,20170522,20170519,211733500,2826.0,2646,21988,75011060.0,2826.0,11,2824.0,2
rb1805,20170522,20170519,211734000,2826.0,2646,21988,75011060.0,2826.0,11,2824.0,4
rb1805,20170522,20170519,211735000,2826.0,2646,21988,75011060.0,2826.0,11,2824.0,4
rb1805,20170522,20170519,211736000,2824.0,2648,21990,75067540.0,2826.0,11,2824.0,3
rb1805,20170522,20170519,211736500,2824.0,2648,21990,75067540.0,2826.0,11,2824.0,3
rb1805,20170522,20170519,211737000,2824.0,2650,21990,75124020.0,2826.0,11,2824.0,2
rb1805,20170522,20170519,211737500,2824.0,2650,21990,75124020.0,2826.0,11,2823.0,4
rb1805,20170522,20170519,211738000,2824.0,2650,21990,75124020.0,2826.0,11,2824.0,5
rb1805,20170522,20170519,211738500,2824.0,2652,21992,75180500.0,2826.0,11,2824.0,4
rb1805,20170522,20170519,211739000,2824.0,2652,21992,75180500.0,2826.0,11,2824.0,4
rb1805,20170522,20170519,211741000,2824.0,2652,21992,75180500.0,2826.0,11,2824.0,4
rb1805,20170522,20170519,211742000,2824.0,2652,21992,75180500.0,2826.0,11,2824.0,4
rb1805,20170522,20170519,211743000,2824.0,2652,21992,75180500.0,2826.0,11,2824.0,4
rb1805,20170522,20170519,211744000,2824.0,2652,21992,75180500.0,2826.0,11,2824.0,4
rb1805,20170522,20170519,211744500,2824.0,2652,21992,75180500.0,2826.0,11,2823.0,14
rb1805,20170522,20170519,211745000,2824.0,2652,21992,75180500.0,2826.0,11,2824.0,4
rb1805,20170522,20170519,211746000,2824.0,2652,21992,75180500.0,2826.0,11,2824.0,4
rb1805,20170522,20170519,211746500,2824.0,2652,21992,75180500.0,2826.0,11,2824.0,4
rb1805,20170522,20170519,211747000,2824.0,2652,21992,75180500.0,2826.0,11,2824.0,4
rb1805,20170522,20170519,211747500,2824.0,2654,21994,75236980.0,2826.0,11,2824.0,3
rb1805,20170522,20170519,211749000,2824.0,2654,21994,75236980.0,2826.0,11,2825.0,1
rb1805,20170522,20170519,211749500,2824.0,2654,21994,75236980.0,2826.0,11,2825.0,1
rb1805,20170522,20170519,211750000,2824.0,2656,21996,75293460.0,2824.0,2,2823.0,14
rb1805,20170522,20170519,211750500,2824.0,2660,22000,75406420.0,2826.0,11,2824.0,1
rb1805,20170522,20170519,211751000,2826.0,2662,21998,75462940.0,2826.0,10,2823.0,14
rb1805,20170522,20170519,211751500,2826.0,2662,21998,75462940.0,2826.0,10,2825.0,1
rb1805,20170522,20170519,211752500,2825.0,2664,22000,75519440.0,2825.0,1,2823.0,14
rb1805,20170522,20170519,211753000,2825.0,2666,22000,75575940.0,2826.0,10,2823.0,14
rb1805,20170522,20170519,211754000,2825.0,2666,22000,75575940.0,2826.0,10,2824.0,9
rb1805,20170522,20170519,211755000,2825.0,2666,22000,75575940.0,2826.0,10,2823.0,14
rb1805,20170522,20170519,211755500,2825.0,2666,22000,75575940.0,2826.0,10,2825.0,4
rb1805,20170522,20170519,211756000,2825.0,2666,22000,75575940.0,2826.0,10,2825.0,4
rb1805,20170522,20170519,211757000,2825.0,2666,22000,75575940.0,2826.0,10,2825.0,4
rb1805,20170522,20170519,211758000,2825.0,2666,22000,75575940.0,2826.0,10,2825.0,4
rb1805,20170522,20170519,211759000,2825.0,2670,22004,75688940.0,2826.0,10,2825.0,2
rb1805,20170522,20170519,211759500,2825.0,2670,22004,75688940.0,2826.0,10,2823.0,14
rb1805,20170522,20170519,211800500,2825.0,2670,22004,75688940.0,2825.0,2,2823.0,14
rb1805,20170522,20170519,211801000,2825.0,2674,22000,75801940.0,2826.0,10,2823.0,14
rb1805,20170522,20170519,211802000,2826.0,2676,21998,75858460.0,2826.0,9,2824.0,7
rb1805,20170522,20170519,211803000,2826.0,2692,21982,76310620.0,2826.0,1,2824.0,1
rb1805,20170522,20170519,211803500,2826.0,2694,21982,76367140.0,2827.0,11,2826.0,1
rb1805,20170522,20170519,211804000,2826.0,2696,21980,76423660.0,2826.0,6,2825.0,2
rb1805,20170522,20170519,211804500,2826.0,2698,21980,76480180.0,2826.0,5,2824.0,3
rb1805,20170522,20170519,211805500,2826.0,2708,21980,76762780.0,2827.0,11,2824.0,3
rb1805,20170522,20170519,211806000,2825.0,2710,21982,76819280.0,2827.0,11,2825.0,1
rb1805,20170522,20170519,211806500,2825.0,2710,21982,76819280.0,2827.0,11,2825.0,1
rb1805,20170522,20170519,211808000,2825.0,2710,21982,76819280.0,2827.0,11,2825.0,1
rb1805,20170522,20170519,211808500,2825.0,2710,21982,76819280.0,2828.0,1,2825.0,1
rb1805,20170522,20170519,211812500,2825.0,2710,21982,76819280.0,2828.0,1,2825.0,1
rb1805,20170522,20170519,211813500,2828.0,2712,21980,76875840.0,2829.0,10,2825.0,1
rb1805,20170522,20170519,211815500,2829.0,2716,21980,76989000.0,2829.0,8,2825.0,1
rb1805,20170522,20170519,211816000,2829.0,2716,21980,76989000.0,2827.0,10,2825.0,1
rb1805,20170522,20170519,211816500,2829.0,2716,21980,76989000.0,2827.0,10,2825.0,12
rb1805,20170522,20170519,211817000,2829.0,2716,21980,76989000.0,2827.0,10,2826.0,2
rb1805,20170522,20170519,211818000,2827.0,2718,21980,77045540.0,2827.0,9,2826.0,3
rb1805,20170522,20170519,211818500,2827.0,2718,21980,77045540.0,2827.0,9,2826.0,3
rb1805,20170522,20170519,211819000,2827.0,2720,21980,77102080.0,2827.0,8,2826.0,3
rb1805,20170522,20170519,211819500,2827.0,2722,21980,77158620.0,2827.0,7,2826.0,3
rb1805,20170522,20170519,211820000,2827.0,2724,21980,77215160.0,2827.0,6,2826.0,3
rb1805,20170522,20170519,211821000,2827.0,2726,21980,77271700.0,2827.0,5,2826.0,3
rb1805,20170522,20170519,211821500,2827.0,2736,21980,77554400.0,2829.0,8,2826.0,3
rb1805,20170522,20170519,211822000,2827.0,2736,21980,77554400.0,2829.0,8,2827.0,2
rb1805,20170522,20170519,211822500,2827.0,2736,21980,77554400.0,2829.0,8,2827.0,2
rb1805,20170522,20170519,211823500,2827.0,2736,21980,77554400.0,2829.0,8,2827.0,2
rb1805,20170522,20170519,211824000,2827.0,2736,21980,77554400.0,2829.0,8,2827.0,2
rb1805,20170522,20170519,211824500,2827.0,2736,21980,77554400.0,2829.0,8,2827.0,2
rb1805,20170522,20170519,211825000,2827.0,2742,21978,77724020.0,2827.0,7,2826.0,11
rb1805,20170522,20170519,211826500,2827.0,2756,21964,78119800.0,2829.0,8,2826.0,11
rb1805,20170522,20170519,211827000,2827.0,2756,21964,78119800.0,2829.0,8,2826.0,11
rb1805,20170522,20170519,211828000,2827.0,2756,21964,78119800.0,2829.0,8,2827.0,5
rb1805,20170522,20170519,211828500,2827.0,2756,21964,78119800.0,2829.0,8,2827.0,7
rb1805,20170522,20170519,211829000,2827.0,2756,21964,78119800.0,2829.0,8,2827.0,8
rb1805,20170522,20170519,211829500,2827.0,2756,21964,78119800.0,2828.0,10,2827.0,8
rb1805,20170522,20170519,211830000,2827.0,2756,21964,78119800.0,2828.0,10,2827.0,9
rb1805,20170522,20170519,211830500,2827.0,2756,21964,78119800.0,2828.0,10,2827.0,9
rb1805,20170522,20170519,211831000,2828.0,2758,21964,78176360.0,2828.0,9,2827.0,9
rb1805,20170522,20170519,211831500,2828.0,2758,21964,78176360.0,2828.0,9,2827.0,9
rb1805,20170522,20170519,211832500,2828.0,2760,21964,78232920.0,2828.0,8,2827.0,9
rb1805,20170522,20170519,211833500,2828.0,2762,21962,78289480.0,2828.0,7,2827.0,9
rb1805,20170522,20170519,211835500,2828.0,2762,21962,78289480.0,2828.0,7,2827.0,10
rb1805,20170522,20170519,211836500,2828.0,2762,21962,78289480.0,2828.0,17,2827.0,10
rb1805,20170522,20170519,211837500,2828.0,2762,21962,78289480.0,2828.0,17,2827.0,10
rb1805,20170522,20170519,211838500,2828.0,2764,21962,78346040.0,2828.0,16,2827.0,10
rb1805,20170522,20170519,211839000,2828.0,2764,21962,78346040.0,2828.0,26,2827.0,11
rb1805,20170522,20170519,211840000,2828.0,2766,21962,78402600.0,2828.0,25,2827.0,11
rb1805,20170522,20170519,211840500,2828.0,2768,21962,78459160.0,2828.0,24,2827.0,11
rb1805,20170522,20170519,211841500,2828.0,2778,21962,78741960.0,2828.0,19,2827.0,13
rb1805,20170522,20170519,211848000,2828.0,2778,21962,78741960.0,2828.0,19,2827.0,13
rb1805,20170522,20170519,211848500,2828.0,2780,21962,78798520.0,2828.0,18,2827.0,13
rb1805,20170522,20170519,211850000,2828.0,2780,21962,78798520.0,2828.0,18,2827.0,13
rb1805,20170522,20170519,211851500,2828.0,2782,21962,78855080.0,2828.0,17,2827.0,13
rb1805,20170522,20170519,211852500,2828.0,2784,21960,78911640.0,2828.0,16,2827.0,13
rb1805,20170522,20170519,211853000,2828.0,2784,21960,78911640.0,2828.0,16,2827.0,13
rb1805,20170522,20170519,211853500,2828.0,2794,21950,79194440.0,2828.0,11,2827.0,8
rb1805,20170522,20170519,211854000,2828.0,2798,21950,79307560.0,2828.0,9,2827.0,8
rb1805,20170522,20170519,211854500,2828.0,2800,21950,79364120.0,2828.0,8,2827.0,8
rb1805,20170522,20170519,211857000,2828.0,2802,21950,79420680.0,2828.0,7,2827.0,8
rb1805,20170522,20170519,211858000,2828.0,2806,21950,79533800.0,2828.0,5,2827.0,8
rb1805,20170522,20170519,211858500,2828.0,2810,21950,79646920.0,2828.0,3,2827.0,8
rb1805,20170522,20170519,211859000,2828.0,2816,21950,79816600.0,2829.0,8,2828.0,1
rb1805,20170522,20170519,211859500,2829.0,2820,21948,79929740.0,2829.0,7,2827.0,8
rb1805,20170522,20170519,211900000,2827.0,2822,21950,79986280.0,2829.0,7,2827.0,7
rb1805,20170522,20170519,211901000,2827.0,2824,21952,80042820.0,2829.0,7,2827.0,6
rb1805,20170522,20170519,211901500,2827.0,2824,21952,80042820.0,2829.0,7,2828.0,2
rb1805,20170522,20170519,211902000,2829.0,2826,21950,80099400.0,2829.0,6,2828.0,2
rb1805,20170522,20170519,211902500,2829.0,2830,21950,80212560.0,2829.0,4,2827.0,6
rb1805,20170522,20170519,211903000,2828.0,2832,21952,80269120.0,2829.0,4,2828.0,4
rb1805,20170522,20170519,211903500,2828.0,2832,21952,80269120.0,2829.0,4,2827.0,6
rb1805,20170522,20170519,211904000,2828.0,2832,21952,80269120.0,2829.0,4,2827.0,6
rb1805,20170522,20170519,211904500,2828.0,2832,21952,80269120.0,2829.0,4,2827.0,6
rb1805,20170522,20170519,211905000,2829.0,2834,21952,80325700.0,2829.0,3,2827.0,6
rb1805,20170522,20170519,211907500,2829.0,2834,21952,80325700.0,2829.0,3,2827.0,6
rb1805,20170522,20170519,211909500,2829.0,2834,21952,80325700.0,2829.0,3,2827.0,6
rb1805,20170522,20170519,211910500,2829.0,2836,21950,80382280.0,2829.0,2,2827.0,6
rb1805,20170522,20170519,211911000,2829.0,2836,21950,80382280.0,2829.0,2,2827.0,17
rb1805,20170522,20170519,211911500,2829.0,2840,21950,80495440.0,2832.0,11,2827.0,17
rb1805,20170522,20170519,211912000,2829.0,2840,21950,80495440.0,2832.0,11,2827.0,17
rb1805,20170522,20170519,211913000,2829.0,2840,21950,80495440.0,2832.0,11,2828.0,1
rb1805,20170522,20170519,211913500,2829.0,2840,21950,80495440.0,2832.0,11,2828.0,15
rb1805,20170522,20170519,211915000,2829.0,2840,21950,80495440.0,2832.0,11,2828.0,15
rb1805,20170522,20170519,211915500,2829.0,2840,21950,80495440.0,2831.0,1,2828.0,15
rb1805,20170522,20170519,211916000,2829.0,2840,21950,80495440.0,2832.0,12,2828.0,15
rb1805,20170522,20170519,211917000,2829.0,2840,21950,80495440.0,2832.0,12,2828.0,15
rb1805,20170522,20170519,211918000,2829.0,2840,21950,80495440.0,2832.0,12,2828.0,15
rb1805,20170522,20170519,211918500,2829.0,2840,21950,80495440.0,2832.0,12,2828.0,15
rb1805,20170522,20170519,211919000,2829.0,2840,21950,80495440.0,2832.0,1,2828.0,15
rb1805,20170522,20170519,211919500,2828.0,2842,21952,80552000.0,2832.0,1,2828.0,14
rb1805,20170522,20170519,211920000,2828.0,2842,21952,80552000.0,2830.0,10,2828.0,14
rb1805,20170522,20170519,211921000,2828.0,2842,21952,80552000.0,2830.0,10,2829.0,1
rb1805,20170522,20170519,211921500,2828.0,2842,21952,80552000.0,2830.0,10,2828.0,14
rb1805,20170522,20170519,211922500,2828.0,2842,21952,80552000.0,2830.0,10,2828.0,14
rb1805,20170522,20170519,211924000,2828.0,2844,21952,80608560.0,2830.0,10,2828.0,2
rb1805,20170522,20170519,211924500,2828.0,2844,21952,80608560.0,2830.0,10,2829.0,1
rb1805,20170522,20170519,211925500,2829.0,2846,21954,80665140.0,2829.0,1,2828.0,2
rb1805,20170522,20170519,211926000,2829.0,2848,21954,80721720.0,2830.0,60,2829.0,4
rb1805,20170522,20170519,211926500,2829.0,2848,21954,80721720.0,2830.0,60,2829.0,4
rb1805,20170522,20170519,211927500,2829.0,2856,21954,80948040.0,2829.0,7,2828.0,2
rb1805,20170522,20170519,211929000,2829.0,2858,21952,81004620.0,2829.0,6,2828.0,2
rb1805,20170522,20170519,211930000,2829.0,2858,21952,81004620.0,2829.0,6,2828.0,2
rb1805,20170522,20170519,211931000,2828.0,2860,21954,81061180.0,2829.0,6,2828.0,1
rb1805,20170522,20170519,211933000,2828.0,2860,21954,81061180.0,2829.0,6,2828.0,1
rb1805,20170522,20170519,211933500,2828.0,2862,21956,81117740.0,2829.0,6,2828.0,1
rb1805,20170522,20170519,211934000,2828.0,2862,21956,81117740.0,2829.0,6,2828.0,1
rb1805,20170522,20170519,211936000,2828.0,2862,21956,81117740.0,2829.0,6,2828.0,2
rb1805,20170522,20170519,211937500,2828.0,2866,21960,81230860.0,2828.0,2,2827.0,8
rb1805,20170522,20170519,211938000,2828.0,2870,21964,81343980.0,2829.0,6,2827.0,8
rb1805,20170522,20170519,211938500,2827.0,2872,21966,81400520.0,2829.0,6,2827.0,7
rb1805,20170522,20170519,211939500,2829.0,2874,21964,81457100.0,2829.0,6,2827.0,7
rb1805,20170522,20170519,211940500,2829.0,2882,21964,81683420.0,2829.0,2,2827.0,7
rb1805,20170522,20170519,211942000,2829.0,2882,21964,81683420.0,2829.0,2,2827.0,6
rb1805,20170522,20170519,211944000,2829.0,2882,21964,81683420.0,2828.0,1,2827.0,6
rb1805,20170522,20170519,211944500,2829.0,2882,21964,81683420.0,2828.0,1,2827.0,6
rb1805,20170522,20170519,211945000,2828.0,2884,21966,81739980.0,2829.0,2,2827.0,6
rb1805,20170522,20170519,211946500,2828.0,2884,21966,81739980.0,2829.0,1,2827.0,6
rb1805,20170522,20170519,211947500,2828.0,2884,21966,81739980.0,2829.0,1,2827.0,6
rb1805,20170522,20170519,211949000,2828.0,2884,21966,81739980.0,2829.0,1,2827.0,7
rb1805,20170522,20170519,211949500,2828.0,2884,21966,81739980.0,2829.0,1,2827.0,8
rb1805,20170522,20170519,211950000,2829.0,2886,21966,81796560.0,2830.0,60,2827.0,8
rb1805,20170522,20170519,211952000,2829.0,2886,21966,81796560.0,2830.0,60,2828.0,4
rb1805,20170522,20170519,211952500,2829.0,2886,21966,81796560.0,2830.0,60,2828.0,5
rb1805,20170522,20170519,211953500,2829.0,2886,21966,81796560.0,2830.0,60,2828.0,5
rb1805,20170522,20170519,211955500,2828.0,2888,21966,81853120.0,2830.0,60,2828.0,4
rb1805,20170522,20170519,211957000,2828.0,2890,21968,81909680.0,2830.0,60,2828.0,3
rb1805,20170522,20170519,211958500,2828.0,2890,21968,81909680.0,2830.0,60,2828.0,3
rb1805,20170522,20170519,212000000,2828.0,2890,21968,81909680.0,2830.0,60,2828.0,3
rb1805,20170522,20170519,212000500,2828.0,2890,21968,81909680.0,2830.0,60,2828.0,3
rb1805,20170522,20170519,212001000,2828.0,2890,21968,81909680.0,2830.0,60,2828.0,4
rb1805,20170522,20170519,212001500,2828.0,2890,21968,81909680.0,2830.0,60,2828.0,3
rb1805,20170522,20170519,212003500,2830.0,2900,21968,82192680.0,2830.0,55,2828.0,3
rb1805,20170522,20170519,212004000,2830.0,2900,21968,82192680.0,2830.0,55,2829.0,1
rb1805,20170522,20170519,212004500,2830.0,2900,21968,82192680.0,2830.0,55,2829.0,1
rb1805,20170522,20170519,212006000,2830.0,2900,21968,82192680.0,2830.0,55,2829.0,1
rb1805,20170522,20170519,212009000,2830.0,2900,21968,82192680.0,2830.0,55,2829.0,1
rb1805,20170522,20170519,212010000,2830.0,2900,21968,82192680.0,2830.0,55,2829.0,1
rb1805,20170522,20170519,212013000,2829.0,2902,21970,82249260.0,2830.0,55,2828.0,4
rb1805,20170522,20170519,212014000,2829.0,2902,21970,82249260.0,2829.0,1,2828.0,4
rb1805,20170522,20170519,212016000,2828.0,2904,21970,82305820.0,2829.0,1,2828.0,3
rb1805,20170522,20170519,212018000,2828.0,2906,21972,82362380.0,2829.0,1,2828.0,2
rb1805,20170522,20170519,212018500,2828.0,2908,21972,82418940.0,2830.0,55,2828.0,1
rb1805,20170522,20170519,212021500,2828.0,2908,21972,82418940.0,2830.0,55,2828.0,2
rb1805,20170522,20170519,212022500,2828.0,2908,21972,82418940.0,2830.0,55,2828.0,12
rb1805,20170522,20170519,212025500,2829.0,2910,21972,82475520.0,2829.0,4,2828.0,12
rb1805,20170522,20170519,212026000,2829.0,2910,21972,82475520.0,2829.0,4,2828.0,12
rb1805,20170522,20170519,212027500,2829.0,2910,21972,82475520.0,2829.0,4,2828.0,12
rb1805,20170522,20170519,212033000,2828.0,2918,21972,82701760.0,2830.0,55,2828.0,8
rb1805,20170522,20170519,212033500,2828.0,2918,21972,82701760.0,2829.0,5,2828.0,8
rb1805,20170522,20170519,212034000,2828.0,2934,21972,83154240.0,2829.0,8,2827.0,8
rb1805,20170522,20170519,212036000,2827.0,2938,21976,83267320.0,2829.0,3,2827.0,6
rb1805,20170522,20170519,212037000,2829.0,2940,21976,83323900.0,2829.0,2,2827.0,6
rb1805,20170522,20170519,212037500,2829.0,2940,21976,83323900.0,2829.0,2,2827.0,6
rb1805,20170522,20170519,212039000,2829.0,2940,21976,83323900.0,2829.0,3,2827.0,6
rb1805,20170522,20170519,212039500,2829.0,2942,21976,83380480.0,2829.0,3,2827.0,6
rb1805,20170522,20170519,212040000,2829.0,2942,21976,83380480.0,2829.0,4,2827.0,6
