instrument,tradingday,calendarday,time,lastp,volume,openinterest,turnover,ask1,asksz1,bid1,bidsz1
rb1805,20170614,20170613,183022500,2738.0,0,83916,0.0,0.0,0,0.0,0
rb1805,20170614,20170613,205900500,2745.0,24,83894,658800.0,2745.0,16,2739.0,1
rb1805,20170614,20170613,210000500,2739.0,26,83896,713580.0,2739.0,13,2737.0,1
rb1805,20170614,20170613,210001000,2736.0,52,83902,1425120.0,2737.0,5,2736.0,3
rb1805,20170614,20170613,210001500,2735.0,84,83924,2300640.0,2735.0,3,2733.0,1
rb1805,20170614,20170613,210002000,2733.0,92,83924,2519400.0,2736.0,143,2732.0,1
rb1805,20170614,20170613,210002500,2736.0,94,83922,2574120.0,2736.0,161,2732.0,1
rb1805,20170614,20170613,210003000,2736.0,94,83922,2574120.0,2735.0,9,2732.0,1
rb1805,20170614,20170613,210003500,2732.0,96,83924,2628760.0,2735.0,9,2731.0,8
rb1805,20170614,20170613,210004000,2735.0,136,83964,3722760.0,2736.0,161,2735.0,100
rb1805,20170614,20170613,210004500,2735.0,350,84174,9575700.0,2736.0,159,2735.0,15
rb1805,20170614,20170613,210005000,2735.0,358,84182,9794500.0,2736.0,156,2735.0,11
rb1805,20170614,20170613,210005500,2736.0,360,84182,9849220.0,2736.0,155,2735.0,11
rb1805,20170614,20170613,210006000,2736.0,360,84182,9849220.0,2736.0,155,2735.0,11
rb1805,20170614,20170613,210006500,2735.0,362,84182,9903920.0,2736.0,155,2735.0,10
rb1805,20170614,20170613,210007000,2735.0,362,84182,9903920.0,2736.0,155,2735.0,10
rb1805,20170614,20170613,210007500,2735.0,362,84182,9903920.0,2736.0,155,2735.0,10
rb1805,20170614,20170613,210008000,2735.0,366,84186,10013320.0,2736.0,155,2735.0,8
rb1805,20170614,20170613,210008500,2736.0,370,84182,10122760.0,2736.0,153,2735.0,8
rb1805,20170614,20170613,210011000,2736.0,370,84182,10122760.0,2736.0,153,2735.0,8
rb1805,20170614,20170613,210011500,2736.0,370,84182,10122760.0,2736.0,153,2735.0,8
rb1805,20170614,20170613,210012000,2735.0,376,84186,10286860.0,2736.0,153,2735.0,5
rb1805,20170614,20170613,210012500,2735.0,376,84186,10286860.0,2736.0,153,2735.0,5
rb1805,20170614,20170613,210013000,2736.0,378,84186,10341580.0,2736.0,152,2735.0,5
rb1805,20170614,20170613,210013500,2736.0,378,84186,10341580.0,2736.0,152,2735.0,5
rb1805,20170614,20170613,210014000,2735.0,382,84190,10450980.0,2736.0,152,2735.0,3
rb1805,20170614,20170613,210014500,2736.0,388,84184,10615140.0,2736.0,149,2735.0,3
rb1805,20170614,20170613,210016000,2736.0,390,84184,10669860.0,2736.0,148,2735.0,3
rb1805,20170614,20170613,210016500,2736.0,390,84184,10669860.0,2736.0,148,2735.0,3
rb1805,20170614,20170613,210017000,2736.0,390,84184,10669860.0,2736.0,148,2735.0,3
rb1805,20170614,20170613,210018500,2735.0,396,84190,10833960.0,2735.0,17,2734.0,1
rb1805,20170614,20170613,210019000,2735.0,414,84198,11326260.0,2735.0,8,2734.0,1
rb1805,20170614,20170613,210019500,2735.0,430,84214,11763860.0,2736.0,148,2734.0,1
rb1805,20170614,20170613,210020000,2735.0,430,84214,11763860.0,2736.0,148,2734.0,2
rb1805,20170614,20170613,210020500,2735.0,430,84214,11763860.0,2736.0,148,2734.0,2
rb1805,20170614,20170613,210021000,2735.0,430,84214,11763860.0,2736.0,148,2734.0,2
rb1805,20170614,20170613,210021500,2735.0,430,84214,11763860.0,2735.0,2,2734.0,1
rb1805,20170614,20170613,210022000,2735.0,430,84214,11763860.0,2735.0,2,2734.0,2
rb1805,20170614,20170613,210022500,2735.0,434,84214,11873260.0,2736.0,148,2735.0,1
rb1805,20170614,20170613,210023000,2735.0,434,84214,11873260.0,2736.0,148,2735.0,1
rb1805,20170614,20170613,210023500,2735.0,434,84214,11873260.0,2736.0,148,2734.0,4
rb1805,20170614,20170613,210024000,2735.0,434,84214,11873260.0,2736.0,148,2734.0,5
rb1805,20170614,20170613,210025000,2735.0,434,84214,11873260.0,2736.0,148,2735.0,1
rb1805,20170614,20170613,210025500,2735.0,434,84214,11873260.0,2736.0,148,2735.0,1
rb1805,20170614,20170613,210026000,2735.0,434,84214,11873260.0,2736.0,148,2735.0,1
rb1805,20170614,20170613,210026500,2735.0,434,84214,11873260.0,2736.0,148,2735.0,1
rb1805,20170614,20170613,210027000,2735.0,454,84196,12420440.0,2735.0,3,2734.0,13
rb1805,20170614,20170613,210027500,2735.0,460,84190,12584540.0,2736.0,139,2735.0,2
rb1805,20170614,20170613,210028000,2736.0,462,84190,12639260.0,2736.0,138,2735.0,2
rb1805,20170614,20170613,210028500,2736.0,474,84178,12967580.0,2736.0,132,2735.0,2
rb1805,20170614,20170613,210029000,2735.0,476,84178,13022280.0,2736.0,132,2735.0,1
rb1805,20170614,20170613,210029500,2735.0,504,84166,13788340.0,2735.0,16,2734.0,12
rb1805,20170614,20170613,210030000,2735.0,528,84152,14444740.0,2735.0,4,2734.0,12
rb1805,20170614,20170613,210030500,2735.0,530,84152,14499440.0,2735.0,3,2734.0,12
rb1805,20170614,20170613,210031000,2736.0,576,84152,15757600.0,2735.0,17,2734.0,12
rb1805,20170614,20170613,210031500,2734.0,600,84150,16413760.0,2734.0,84,2733.0,9
rb1805,20170614,20170613,210032000,2734.0,606,84144,16577800.0,2734.0,81,2733.0,9
rb1805,20170614,20170613,210033000,2734.0,608,84144,16632480.0,2734.0,80,2733.0,6
rb1805,20170614,20170613,210033500,2734.0,608,84144,16632480.0,2734.0,80,2733.0,13
rb1805,20170614,20170613,210034500,2733.0,640,84126,17507060.0,2734.0,79,2733.0,2
rb1805,20170614,20170613,210035000,2734.0,644,84126,17616420.0,2734.0,77,2733.0,2
rb1805,20170614,20170613,210035500,2734.0,644,84126,17616420.0,2734.0,77,2733.0,2
rb1805,20170614,20170613,210036500,2734.0,644,84126,17616420.0,2734.0,77,2733.0,2
rb1805,20170614,20170613,210037500,2734.0,646,84128,17671100.0,2734.0,76,2733.0,2
rb1805,20170614,20170613,210038000,2733.0,650,84126,17780420.0,2734.0,76,2731.0,14
rb1805,20170614,20170613,210038500,2733.0,650,84126,17780420.0,2734.0,76,2732.0,2
rb1805,20170614,20170613,210039000,2733.0,650,84126,17780420.0,2734.0,78,2732.0,5
rb1805,20170614,20170613,210039500,2732.0,660,84120,18053620.0,2734.0,78,2731.0,14
rb1805,20170614,20170613,210040000,2732.0,660,84120,18053620.0,2733.0,2,2731.0,14
rb1805,20170614,20170613,210040500,2732.0,660,84120,18053620.0,2733.0,2,2731.0,14
rb1805,20170614,20170613,210041000,2732.0,660,84120,18053620.0,2733.0,2,2732.0,4
rb1805,20170614,20170613,210041500,2732.0,660,84120,18053620.0,2733.0,2,2732.0,4
rb1805,20170614,20170613,210043000,2732.0,660,84120,18053620.0,2733.0,2,2732.0,4
rb1805,20170614,20170613,210043500,2732.0,660,84120,18053620.0,2733.0,2,2732.0,5
rb1805,20170614,20170613,210044000,2732.0,660,84120,18053620.0,2733.0,2,2732.0,5
rb1805,20170614,20170613,210044500,2732.0,660,84120,18053620.0,2733.0,2,2732.0,5
rb1805,20170614,20170613,210045000,2732.0,660,84120,18053620.0,2733.0,2,2732.0,5
rb1805,20170614,20170613,210045500,2732.0,670,84120,18326820.0,2732.0,15,2731.0,14
rb1805,20170614,20170613,210046000,2732.0,670,84120,18326820.0,2732.0,15,2731.0,14
rb1805,20170614,20170613,210046500,2732.0,670,84120,18326820.0,2732.0,15,2731.0,14
rb1805,20170614,20170613,210047000,2732.0,670,84120,18326820.0,2732.0,15,2731.0,14
rb1805,20170614,20170613,210047500,2731.0,698,84148,19091500.0,2731.0,3,2730.0,22
rb1805,20170614,20170613,210048000,2731.0,706,84150,19309980.0,2731.0,11,2730.0,22
rb1805,20170614,20170613,210048500,2731.0,716,84160,19583080.0,2731.0,6,2730.0,22
rb1805,20170614,20170613,210049000,2731.0,716,84160,19583080.0,2731.0,156,2730.0,22
rb1805,20170614,20170613,210049500,2731.0,718,84162,19637700.0,2731.0,155,2730.0,22
rb1805,20170614,20170613,210050500,2731.0,718,84162,19637700.0,2731.0,155,2730.0,22
rb1805,20170614,20170613,210051000,2730.0,764,84160,20893500.0,2730.0,11,2729.0,12
rb1805,20170614,20170613,210051500,2728.0,818,84136,22367340.0,2729.0,65,2727.0,8
rb1805,20170614,20170613,210052000,2728.0,926,84096,25314640.0,2728.0,33,2727.0,8
rb1805,20170614,20170613,210052500,2728.0,932,84096,25478320.0,2728.0,30,2727.0,8
rb1805,20170614,20170613,210053000,2728.0,936,84098,25587440.0,2728.0,28,2727.0,8
rb1805,20170614,20170613,210053500,2728.0,936,84098,25587440.0,2728.0,28,2727.0,8
rb1805,20170614,20170613,210054000,2728.0,950,84098,25969360.0,2728.0,21,2727.0,8
rb1805,20170614,20170613,210054500,2728.0,950,84098,25969360.0,2728.0,21,2727.0,8
rb1805,20170614,20170613,210055000,2728.0,950,84098,25969360.0,2728.0,21,2727.0,8
rb1805,20170614,20170613,210056000,2728.0,954,84100,26078460.0,2728.0,20,2727.0,7
rb1805,20170614,20170613,210057000,2727.0,1070,84140,29242800.0,2727.0,30,2725.0,17
rb1805,20170614,20170613,210057500,2727.0,1078,84146,29460920.0,2727.0,28,2725.0,16
rb1805,20170614,20170613,210058000,2727.0,1078,84146,29460920.0,2726.0,5,2725.0,16
rb1805,20170614,20170613,210058500,2726.0,1122,84148,30660680.0,2726.0,11,2725.0,16
rb1805,20170614,20170613,210059000,2725.0,1178,84184,32186900.0,2725.0,7,2723.0,1
rb1805,20170614,20170613,210059500,2722.0,1196,84182,32677300.0,2727.0,17,2725.0,1
rb1805,20170614,20170613,210100000,2727.0,1202,84178,32840880.0,2727.0,16,2725.0,1
rb1805,20170614,20170613,210100500,2727.0,1204,84178,32895420.0,2727.0,15,2725.0,1
rb1805,20170614,20170613,210101000,2727.0,1204,84178,32895420.0,2727.0,15,2725.0,1
rb1805,20170614,20170613,210101500,2727.0,1206,84178,32949960.0,2727.0,14,2726.0,1
rb1805,20170614,20170613,210102000,2726.0,1208,84180,33004480.0,2727.0,19,2725.0,1
rb1805,20170614,20170613,210102500,2726.0,1208,84180,33004480.0,2727.0,19,2725.0,2
rb1805,20170614,20170613,210103000,2727.0,1210,84178,33059020.0,2727.0,18,2725.0,2
rb1805,20170614,20170613,210103500,2727.0,1210,84178,33059020.0,2727.0,18,2725.0,2
rb1805,20170614,20170613,210104000,2727.0,1210,84178,33059020.0,2727.0,12,2725.0,7
rb1805,20170614,20170613,210104500,2725.0,1212,84178,33113520.0,2727.0,12,2725.0,6
rb1805,20170614,20170613,210105000,2726.0,1310,84190,35785800.0,2726.0,18,2725.0,6
rb1805,20170614,20170613,210105500,2726.0,1348,84160,36821680.0,2726.0,23,2725.0,2
rb1805,20170614,20170613,210106000,2726.0,1368,84160,37366880.0,2726.0,13,2725.0,2
rb1805,20170614,20170613,210106500,2726.0,1370,84160,37421400.0,2726.0,12,2725.0,1
rb1805,20170614,20170613,210107000,2725.0,1412,84152,38566140.0,2725.0,8,2724.0,3
rb1805,20170614,20170613,210107500,2724.0,1468,84192,40091920.0,2724.0,14,2723.0,2
rb1805,20170614,20170613,210108000,2723.0,1510,84232,41235920.0,2729.0,16,2726.0,3
rb1805,20170614,20170613,210108500,2723.0,1510,84232,41235920.0,2729.0,22,2726.0,3
rb1805,20170614,20170613,210109000,2723.0,1510,84232,41235920.0,2729.0,22,2726.0,3
rb1805,20170614,20170613,210109500,2723.0,1510,84232,41235920.0,2729.0,22,2726.0,3
rb1805,20170614,20170613,210110000,2723.0,1510,84232,41235920.0,2729.0,22,2726.0,3
rb1805,20170614,20170613,210110500,2726.0,1514,84232,41344960.0,2729.0,22,2726.0,1
rb1805,20170614,20170613,210111000,2726.0,1514,84232,41344960.0,2729.0,24,2726.0,1
rb1805,20170614,20170613,210111500,2726.0,1514,84232,41344960.0,2729.0,24,2727.0,13
rb1805,20170614,20170613,210112000,2727.0,1522,84226,41563120.0,2729.0,24,2727.0,9
rb1805,20170614,20170613,210112500,2727.0,1526,84226,41672200.0,2729.0,25,2727.0,7
rb1805,20170614,20170613,210114000,2727.0,1526,84226,41672200.0,2729.0,25,2728.0,4
rb1805,20170614,20170613,210114500,2728.0,1540,84222,42054080.0,2728.0,26,2727.0,5
rb1805,20170614,20170613,210115000,2727.0,1542,84220,42108620.0,2728.0,14,2727.0,4
rb1805,20170614,20170613,210115500,2727.0,1544,84218,42163160.0,2728.0,14,2727.0,3
rb1805,20170614,20170613,210116500,2727.0,1546,84216,42217700.0,2728.0,20,2727.0,2
rb1805,20170614,20170613,210117000,2727.0,1550,84216,42326780.0,2728.0,19,2726.0,2
rb1805,20170614,20170613,210117500,2728.0,1590,84218,43417980.0,2729.0,23,2728.0,30
rb1805,20170614,20170613,210118000,2728.0,1590,84218,43417980.0,2729.0,18,2728.0,32
rb1805,20170614,20170613,210118500,2728.0,1590,84218,43417980.0,2729.0,18,2728.0,32
rb1805,20170614,20170613,210119000,2728.0,1590,84218,43417980.0,2729.0,18,2728.0,37
rb1805,20170614,20170613,210120000,2728.0,1590,84218,43417980.0,2729.0,18,2728.0,39
rb1805,20170614,20170613,210120500,2729.0,1636,84256,44673020.0,2729.0,10,2728.0,24
rb1805,20170614,20170613,210121000,2729.0,1638,84258,44727600.0,2729.0,10,2728.0,23
rb1805,20170614,20170613,210121500,2729.0,1642,84256,44836760.0,2729.0,8,2728.0,23
rb1805,20170614,20170613,210122500,2729.0,1642,84256,44836760.0,2729.0,8,2728.0,23
rb1805,20170614,20170613,210123000,2729.0,1652,84248,45109660.0,2729.0,3,2728.0,23
rb1805,20170614,20170613,210123500,2729.0,1658,84248,45273400.0,2731.0,150,2728.0,23
rb1805,20170614,20170613,210124000,2729.0,1658,84248,45273400.0,2730.0,3,2729.0,1
rb1805,20170614,20170613,210124500,2728.0,1666,84256,45491700.0,2730.0,2,2728.0,21
rb1805,20170614,20170613,210125000,2730.0,1668,84258,45546300.0,2730.0,1,2728.0,21
rb1805,20170614,20170613,210126500,2730.0,1668,84258,45546300.0,2730.0,5,2729.0,1
rb1805,20170614,20170613,210127000,2729.0,1670,84256,45600880.0,2730.0,5,2729.0,1
rb1805,20170614,20170613,210127500,2729.0,1670,84256,45600880.0,2731.0,155,2730.0,2
rb1805,20170614,20170613,210128000,2730.0,1672,84258,45655480.0,2731.0,150,2730.0,1
rb1805,20170614,20170613,210128500,2731.0,1678,84258,45819280.0,2731.0,149,2729.0,1
rb1805,20170614,20170613,210129500,2731.0,1678,84258,45819280.0,2731.0,149,2730.0,5
rb1805,20170614,20170613,210130000,2730.0,1680,84256,45873880.0,2731.0,149,2730.0,4
rb1805,20170614,20170613,210131000,2730.0,1682,84254,45928480.0,2731.0,149,2730.0,8
rb1805,20170614,20170613,210131500,2730.0,1690,84248,46146880.0,2731.0,149,2730.0,4
rb1805,20170614,20170613,210132000,2730.0,1690,84248,46146880.0,2731.0,149,2730.0,4
rb1805,20170614,20170613,210132500,2730.0,1690,84248,46146880.0,2731.0,149,2730.0,4
rb1805,20170614,20170613,210133000,2729.0,1752,84244,47839940.0,2731.0,122,2729.0,4
rb1805,20170614,20170613,210133500,2729.0,1752,84244,47839940.0,2731.0,127,2729.0,1
rb1805,20170614,20170613,210134000,2731.0,1756,84246,47949180.0,2731.0,125,2729.0,1
rb1805,20170614,20170613,210134500,2729.0,1758,84246,48003760.0,2731.0,125,2728.0,37
rb1805,20170614,20170613,210135000,2729.0,1758,84246,48003760.0,2731.0,125,2728.0,40
rb1805,20170614,20170613,210135500,2731.0,1762,84250,48113000.0,2731.0,123,2730.0,1
rb1805,20170614,20170613,210136000,2728.0,1818,84230,49640720.0,2731.0,123,2728.0,13
rb1805,20170614,20170613,210136500,2728.0,1818,84230,49640720.0,2731.0,124,2728.0,13
rb1805,20170614,20170613,210137000,2728.0,1818,84230,49640720.0,2731.0,124,2728.0,10
rb1805,20170614,20170613,210137500,2728.0,1820,84228,49695280.0,2731.0,124,2728.0,9
rb1805,20170614,20170613,210138500,2728.0,1820,84228,49695280.0,2731.0,118,2729.0,9
rb1805,20170614,20170613,210139000,2728.0,1820,84228,49695280.0,2731.0,118,2729.0,11
rb1805,20170614,20170613,210139500,2728.0,1820,84228,49695280.0,2731.0,118,2729.0,11
rb1805,20170614,20170613,210140000,2728.0,1820,84228,49695280.0,2731.0,121,2729.0,11
rb1805,20170614,20170613,210140500,2728.0,1820,84228,49695280.0,2731.0,121,2730.0,3
rb1805,20170614,20170613,210142000,2728.0,1820,84228,49695280.0,2731.0,121,2730.0,3
rb1805,20170614,20170613,210142500,2728.0,1820,84228,49695280.0,2731.0,121,2730.0,3
rb1805,20170614,20170613,210143000,2731.0,1830,84228,49968380.0,2731.0,116,2730.0,3
rb1805,20170614,20170613,210144000,2731.0,1830,84228,49968380.0,2731.0,122,2730.0,3
rb1805,20170614,20170613,210144500,2731.0,1830,84228,49968380.0,2730.0,51,2729.0,12
rb1805,20170614,20170613,210145000,2731.0,1830,84228,49968380.0,2730.0,51,2729.0,10
rb1805,20170614,20170613,210145500,2731.0,1830,84228,49968380.0,2730.0,51,2729.0,10
rb1805,20170614,20170613,210146000,2731.0,1830,84228,49968380.0,2730.0,51,2729.0,10
rb1805,20170614,20170613,210146500,2730.0,1838,84228,50186780.0,2730.0,47,2729.0,10
rb1805,20170614,20170613,210147000,2730.0,1838,84228,50186780.0,2730.0,47,2729.0,10
rb1805,20170614,20170613,210147500,2730.0,1838,84228,50186780.0,2730.0,48,2729.0,10
rb1805,20170614,20170613,210148000,2730.0,1844,84228,50350580.0,2730.0,45,2729.0,10
rb1805,20170614,20170613,210148500,2730.0,1858,84216,50732780.0,2730.0,38,2729.0,10
rb1805,20170614,20170613,210149000,2730.0,1860,84216,50787380.0,2730.0,37,2729.0,10
rb1805,20170614,20170613,210150000,2730.0,1902,84174,51933980.0,2730.0,16,2729.0,10
rb1805,20170614,20170613,210151000,2730.0,1924,84152,52534580.0,2730.0,5,2729.0,17
rb1805,20170614,20170613,210151500,2729.0,1936,84164,52862060.0,2730.0,5,2729.0,11
rb1805,20170614,20170613,210152000,2730.0,1938,84164,52916660.0,2730.0,4,2729.0,11
rb1805,20170614,20170613,210152500,2729.0,1940,84164,52971240.0,2730.0,4,2729.0,10
rb1805,20170614,20170613,210153500,2729.0,1940,84164,52971240.0,2730.0,4,2729.0,10
rb1805,20170614,20170613,210154000,2730.0,1948,84166,53189640.0,2731.0,123,2730.0,6
rb1805,20170614,20170613,210154500,2730.0,1954,84172,53353440.0,2731.0,117,2730.0,4
rb1805,20170614,20170613,210156000,2730.0,1954,84172,53353440.0,2731.0,117,2730.0,4
rb1805,20170614,20170613,210156500,2730.0,1954,84172,53353440.0,2731.0,117,2730.0,4
rb1805,20170614,20170613,210157000,2730.0,1954,84172,53353440.0,2731.0,117,2730.0,4
rb1805,20170614,20170613,210158000,2731.0,1958,84176,53462680.0,2731.0,116,2730.0,4
rb1805,20170614,20170613,210158500,2731.0,1958,84176,53462680.0,2731.0,116,2730.0,5
rb1805,20170614,20170613,210159000,2730.0,1960,84178,53517280.0,2731.0,121,2730.0,4
rb1805,20170614,20170613,210159500,2730.0,1960,84178,53517280.0,2731.0,121,2730.0,4
rb1805,20170614,20170613,210200500,2730.0,1960,84178,53517280.0,2731.0,121,2730.0,4
rb1805,20170614,20170613,210201000,2730.0,1960,84178,53517280.0,2731.0,121,2730.0,4
rb1805,20170614,20170613,210202000,2731.0,1962,84180,53571900.0,2731.0,120,2730.0,8
rb1805,20170614,20170613,210202500,2731.0,1962,84180,53571900.0,2731.0,114,2730.0,8
rb1805,20170614,20170613,210203000,2731.0,1964,84182,53626520.0,2731.0,113,2730.0,8
rb1805,20170614,20170613,210203500,2731.0,1970,84182,53790380.0,2731.0,110,2730.0,8
rb1805,20170614,20170613,210204000,2731.0,1972,84184,53845000.0,2731.0,109,2730.0,7
rb1805,20170614,20170613,210205000,2731.0,1972,84184,53845000.0,2731.0,109,2730.0,7
rb1805,20170614,20170613,210206500,2730.0,1982,84184,54118080.0,2731.0,105,2730.0,6
rb1805,20170614,20170613,210207000,2730.0,1982,84184,54118080.0,2731.0,105,2730.0,7
rb1805,20170614,20170613,210209000,2730.0,1982,84184,54118080.0,2731.0,105,2730.0,9
rb1805,20170614,20170613,210209500,2731.0,1986,84186,54227320.0,2731.0,103,2730.0,29
rb1805,20170614,20170613,210210000,2731.0,2068,84186,56466740.0,2731.0,62,2730.0,30
rb1805,20170614,20170613,210210500,2731.0,2068,84186,56466740.0,2731.0,62,2730.0,31
rb1805,20170614,20170613,210211000,2731.0,2076,84186,56685220.0,2731.0,58,2730.0,27
rb1805,20170614,20170613,210211500,2731.0,2084,84186,56903700.0,2731.0,54,2730.0,27
rb1805,20170614,20170613,210212000,2731.0,2084,84186,56903700.0,2731.0,54,2730.0,27
rb1805,20170614,20170613,210212500,2731.0,2084,84186,56903700.0,2731.0,54,2730.0,27
rb1805,20170614,20170613,210213500,2731.0,2086,84186,56958320.0,2731.0,53,2730.0,27
rb1805,20170614,20170613,210214000,2731.0,2086,84186,56958320.0,2731.0,53,2730.0,27
rb1805,20170614,20170613,210214500,2731.0,2160,84214,58979260.0,2731.0,16,2730.0,33
rb1805,20170614,20170613,210215000,2731.0,2162,84216,59033880.0,2731.0,15,2730.0,28
rb1805,20170614,20170613,210215500,2731.0,2186,84238,59689320.0,2731.0,3,2730.0,28
rb1805,20170614,20170613,210216000,2731.0,2188,84238,59743940.0,2731.0,2,2730.0,28
rb1805,20170614,20170613,210217000,2731.0,2188,84238,59743940.0,2731.0,2,2730.0,27
rb1805,20170614,20170613,210217500,2731.0,2188,84238,59743940.0,2731.0,2,2730.0,24
rb1805,20170614,20170613,210218000,2731.0,2192,84238,59853180.0,2732.0,25,2730.0,24
rb1805,20170614,20170613,210218500,2731.0,2192,84238,59853180.0,2731.0,5,2730.0,24
rb1805,20170614,20170613,210219000,2731.0,2192,84238,59853180.0,2731.0,5,2730.0,24
rb1805,20170614,20170613,210219500,2731.0,2200,84236,60071620.0,2731.0,3,2730.0,22
rb1805,20170614,20170613,210220500,2731.0,2200,84236,60071620.0,2731.0,3,2730.0,22
rb1805,20170614,20170613,210221000,2731.0,2204,84236,60180860.0,2731.0,1,2730.0,22
rb1805,20170614,20170613,210222000,2731.0,2206,84234,60235480.0,2732.0,30,2730.0,22
rb1805,20170614,20170613,210222500,2730.0,2210,84234,60344680.0,2732.0,30,2731.0,1
rb1805,20170614,20170613,210223000,2731.0,2212,84232,60399300.0,2731.0,2,2730.0,20
rb1805,20170614,20170613,210223500,2731.0,2212,84232,60399300.0,2732.0,31,2730.0,20
rb1805,20170614,20170613,210224000,2731.0,2212,84232,60399300.0,2732.0,30,2730.0,25
rb1805,20170614,20170613,210225000,2731.0,2212,84232,60399300.0,2732.0,30,2730.0,25
rb1805,20170614,20170613,210225500,2731.0,2212,84232,60399300.0,2732.0,30,2730.0,25
rb1805,20170614,20170613,210226000,2731.0,2212,84232,60399300.0,2732.0,25,2731.0,1
rb1805,20170614,20170613,210226500,2731.0,2212,84232,60399300.0,2732.0,25,2731.0,7
rb1805,20170614,20170613,210227000,2731.0,2212,84232,60399300.0,2732.0,25,2731.0,8
rb1805,20170614,20170613,210227500,2731.0,2212,84232,60399300.0,2732.0,25,2731.0,9
rb1805,20170614,20170613,210229000,2732.0,2222,84232,60672500.0,2732.0,20,2731.0,9
rb1805,20170614,20170613,210229500,2732.0,2222,84232,60672500.0,2732.0,20,2731.0,9
rb1805,20170614,20170613,210230000,2732.0,2222,84232,60672500.0,2732.0,20,2731.0,4
rb1805,20170614,20170613,210230500,2732.0,2222,84232,60672500.0,2732.0,20,2731.0,3
rb1805,20170614,20170613,210231000,2732.0,2222,84232,60672500.0,2732.0,20,2731.0,3
rb1805,20170614,20170613,210232500,2732.0,2224,84232,60727140.0,2732.0,19,2731.0,8
rb1805,20170614,20170613,210233000,2731.0,2226,84232,60781760.0,2732.0,19,2731.0,7
rb1805,20170614,20170613,210233500,2731.0,2226,84232,60781760.0,2732.0,19,2731.0,7
rb1805,20170614,20170613,210234500,2732.0,2230,84234,60891040.0,2732.0,17,2731.0,7
rb1805,20170614,20170613,210235000,2732.0,2230,84234,60891040.0,2732.0,17,2731.0,7
rb1805,20170614,20170613,210235500,2732.0,2230,84234,60891040.0,2732.0,17,2731.0,7
rb1805,20170614,20170613,210238500,2732.0,2236,84240,61054960.0,2732.0,14,2731.0,7
rb1805,20170614,20170613,210239000,2731.0,2250,84238,61437300.0,2732.0,14,2731.0,1
rb1805,20170614,20170613,210239500,2731.0,2250,84238,61437300.0,2732.0,14,2731.0,2
rb1805,20170614,20170613,210240000,2731.0,2250,84238,61437300.0,2732.0,14,2731.0,2
rb1805,20170614,20170613,210240500,2732.0,2252,84240,61491940.0,2732.0,18,2731.0,2
rb1805,20170614,20170613,210241500,2731.0,2256,84240,61601180.0,2731.0,4,2730.0,47
rb1805,20170614,20170613,210242000,2731.0,2258,84240,61655800.0,2731.0,3,2730.0,47
rb1805,20170614,20170613,210242500,2731.0,2264,84234,61819660.0,2732.0,13,2730.0,42
rb1805,20170614,20170613,210243000,2730.0,2276,84246,62147260.0,2732.0,13,2730.0,36
rb1805,20170614,20170613,210244000,2730.0,2276,84246,62147260.0,2732.0,13,2730.0,35
rb1805,20170614,20170613,210244500,2730.0,2276,84246,62147260.0,2732.0,13,2731.0,2
rb1805,20170614,20170613,210245000,2730.0,2276,84246,62147260.0,2732.0,13,2731.0,2
rb1805,20170614,20170613,210245500,2730.0,2276,84246,62147260.0,2732.0,13,2731.0,2
rb1805,20170614,20170613,210246500,2730.0,2276,84246,62147260.0,2732.0,13,2731.0,2
rb1805,20170614,20170613,210247000,2730.0,2276,84246,62147260.0,2732.0,18,2731.0,2
rb1805,20170614,20170613,210247500,2730.0,2276,84246,62147260.0,2732.0,18,2731.0,2
rb1805,20170614,20170613,210250000,2730.0,2276,84246,62147260.0,2732.0,18,2731.0,2
rb1805,20170614,20170613,210250500,2730.0,2276,84246,62147260.0,2732.0,18,2731.0,2
rb1805,20170614,20170613,210251500,2730.0,2276,84246,62147260.0,2732.0,18,2731.0,2
rb1805,20170614,20170613,210252500,2732.0,2278,84246,62201900.0,2732.0,17,2731.0,2
rb1805,20170614,20170613,210254000,2732.0,2278,84246,62201900.0,2732.0,17,2731.0,2
rb1805,20170614,20170613,210254500,2732.0,2278,84246,62201900.0,2732.0,17,2731.0,2
rb1805,20170614,20170613,210255500,2732.0,2278,84246,62201900.0,2732.0,17,2731.0,2
rb1805,20170614,20170613,210259000,2731.0,2280,84248,62256520.0,2732.0,17,2731.0,2
rb1805,20170614,20170613,210300000,2731.0,2280,84248,62256520.0,2732.0,17,2731.0,2
rb1805,20170614,20170613,210301000,2732.0,2314,84260,63185400.0,2733.0,3,2732.0,3
rb1805,20170614,20170613,210301500,2732.0,2314,84260,63185400.0,2733.0,3,2732.0,23
rb1805,20170614,20170613,210305000,2732.0,2314,84260,63185400.0,2733.0,9,2732.0,3
rb1805,20170614,20170613,210306000,2732.0,2314,84260,63185400.0,2733.0,9,2732.0,3
rb1805,20170614,20170613,210307000,2732.0,2314,84260,63185400.0,2733.0,9,2732.0,3
rb1805,20170614,20170613,210307500,2732.0,2314,84260,63185400.0,2733.0,9,2732.0,3
rb1805,20170614,20170613,210308000,2733.0,2316,84262,63240060.0,2733.0,8,2732.0,3
rb1805,20170614,20170613,210308500,2733.0,2316,84262,63240060.0,2733.0,8,2732.0,3
rb1805,20170614,20170613,210310000,2733.0,2316,84262,63240060.0,2733.0,9,2732.0,3
rb1805,20170614,20170613,210310500,2733.0,2316,84262,63240060.0,2733.0,9,2732.0,3
rb1805,20170614,20170613,210312500,2733.0,2316,84262,63240060.0,2733.0,9,2732.0,3
rb1805,20170614,20170613,210313500,2733.0,2316,84262,63240060.0,2733.0,9,2732.0,3
rb1805,20170614,20170613,210314500,2733.0,2316,84262,63240060.0,2733.0,10,2732.0,3
rb1805,20170614,20170613,210316500,2733.0,2316,84262,63240060.0,2733.0,10,2732.0,3
rb1805,20170614,20170613,210317000,2733.0,2318,84262,63294720.0,2733.0,9,2732.0,3
rb1805,20170614,20170613,210317500,2733.0,2318,84262,63294720.0,2733.0,9,2732.0,3
rb1805,20170614,20170613,210320500,2733.0,2318,84262,63294720.0,2733.0,9,2732.0,5
rb1805,20170614,20170613,210321000,2733.0,2320,84260,63349380.0,2733.0,8,2732.0,5
rb1805,20170614,20170613,210322000,2733.0,2320,84260,63349380.0,2733.0,8,2732.0,5
rb1805,20170614,20170613,210322500,2733.0,2320,84260,63349380.0,2733.0,9,2732.0,6
rb1805,20170614,20170613,210323000,2733.0,2320,84260,63349380.0,2733.0,9,2732.0,6
rb1805,20170614,20170613,210323500,2733.0,2320,84260,63349380.0,2733.0,9,2732.0,6
rb1805,20170614,20170613,210324000,2733.0,2320,84260,63349380.0,2733.0,9,2732.0,6
rb1805,20170614,20170613,210325500,2733.0,2320,84260,63349380.0,2733.0,9,2732.0,6
rb1805,20170614,20170613,210327000,2733.0,2320,84260,63349380.0,2733.0,9,2732.0,7
rb1805,20170614,20170613,210327500,2733.0,2320,84260,63349380.0,2733.0,9,2732.0,7
rb1805,20170614,20170613,210328000,2733.0,2320,84260,63349380.0,2733.0,9,2732.0,7
rb1805,20170614,20170613,210328500,2733.0,2320,84260,63349380.0,2733.0,10,2732.0,7
rb1805,20170614,20170613,210329000,2733.0,2320,84260,63349380.0,2733.0,11,2732.0,7
rb1805,20170614,20170613,210331500,2733.0,2320,84260,63349380.0,2733.0,11,2732.0,7
rb1805,20170614,20170613,210332500,2733.0,2320,84260,63349380.0,2733.0,11,2732.0,11
rb1805,20170614,20170613,210333000,2733.0,2320,84260,63349380.0,2733.0,11,2732.0,11
rb1805,20170614,20170613,210335500,2733.0,2320,84260,63349380.0,2733.0,12,2732.0,11
rb1805,20170614,20170613,210337000,2733.0,2320,84260,63349380.0,2733.0,12,2732.0,11
rb1805,20170614,20170613,210338000,2733.0,2320,84260,63349380.0,2733.0,12,2732.0,11
rb1805,20170614,20170613,210339000,2733.0,2320,84260,63349380.0,2733.0,6,2732.0,11
rb1805,20170614,20170613,210339500,2733.0,2320,84260,63349380.0,2733.0,6,2732.0,11
rb1805,20170614,20170613,210341500,2733.0,2332,84260,63677340.0,2734.0,2,2733.0,4
rb1805,20170614,20170613,210342000,2733.0,2332,84260,63677340.0,2734.0,2,2733.0,4
rb1805,20170614,20170613,210343000,2733.0,2332,84260,63677340.0,2734.0,2,2733.0,4
rb1805,20170614,20170613,210344000,2733.0,2332,84260,63677340.0,2734.0,2,2733.0,4
rb1805,20170614,20170613,210344500,2733.0,2332,84260,63677340.0,2734.0,2,2733.0,5
rb1805,20170614,20170613,210345500,2733.0,2332,84260,63677340.0,2734.0,2,2733.0,5
rb1805,20170614,20170613,210346000,2734.0,2334,84260,63732020.0,2734.0,1,2733.0,5
rb1805,20170614,20170613,210346500,2733.0,2336,84262,63786680.0,2734.0,1,2733.0,4
rb1805,20170614,20170613,210347000,2733.0,2336,84262,63786680.0,2734.0,1,2733.0,4
rb1805,20170614,20170613,210348500,2734.0,2338,84262,63841360.0,2735.0,1,2733.0,4
rb1805,20170614,20170613,210349000,2734.0,2340,84264,63896040.0,2734.0,4,2733.0,4
rb1805,20170614,20170613,210350000,2734.0,2340,84264,63896040.0,2734.0,4,2733.0,4
rb1805,20170614,20170613,210351000,2734.0,2340,84264,63896040.0,2734.0,4,2733.0,8
rb1805,20170614,20170613,210351500,2734.0,2340,84264,63896040.0,2735.0,1,2733.0,8
rb1805,20170614,20170613,210352000,2734.0,2340,84264,63896040.0,2735.0,1,2733.0,4
rb1805,20170614,20170613,210353000,2734.0,2340,84264,63896040.0,2734.0,1,2733.0,4
rb1805,20170614,20170613,210354000,2734.0,2340,84264,63896040.0,2734.0,1,2733.0,4
rb1805,20170614,20170613,210354500,2734.0,2340,84264,63896040.0,2734.0,1,2733.0,4
rb1805,20170614,20170613,210355000,2734.0,2340,84264,63896040.0,2734.0,1,2733.0,4
rb1805,20170614,20170613,210355500,2734.0,2342,84266,63950720.0,2735.0,52,2733.0,4
rb1805,20170614,20170613,210356000,2734.0,2342,84266,63950720.0,2735.0,52,2733.0,4
rb1805,20170614,20170613,210356500,2734.0,2342,84266,63950720.0,2735.0,57,2733.0,4
rb1805,20170614,20170613,210357000,2734.0,2342,84266,63950720.0,2735.0,57,2733.0,4
rb1805,20170614,20170613,210358500,2734.0,2342,84266,63950720.0,2735.0,57,2733.0,5
rb1805,20170614,20170613,210400500,2734.0,2342,84266,63950720.0,2735.0,57,2733.0,5
rb1805,20170614,20170613,210402000,2735.0,2344,84268,64005420.0,2735.0,56,2733.0,5
rb1805,20170614,20170613,210403000,2733.0,2346,84268,64060080.0,2735.0,57,2733.0,4
rb1805,20170614,20170613,210403500,2733.0,2354,84272,64278720.0,2733.0,10,2732.0,8
rb1805,20170614,20170613,210404000,2733.0,2354,84272,64278720.0,2734.0,6,2732.0,8
rb1805,20170614,20170613,210404500,2733.0,2356,84274,64333380.0,2733.0,2,2732.0,8
rb1805,20170614,20170613,210405000,2733.0,2356,84274,64333380.0,2733.0,2,2732.0,8
rb1805,20170614,20170613,210407500,2733.0,2356,84274,64333380.0,2734.0,11,2732.0,8
rb1805,20170614,20170613,210408500,2733.0,2356,84274,64333380.0,2733.0,3,2732.0,8
rb1805,20170614,20170613,210410000,2733.0,2358,84276,64388040.0,2733.0,2,2732.0,8
rb1805,20170614,20170613,210411500,2733.0,2362,84280,64497360.0,2734.0,11,2733.0,18
rb1805,20170614,20170613,210412000,2733.0,2362,84280,64497360.0,2734.0,6,2733.0,18
rb1805,20170614,20170613,210412500,2733.0,2362,84280,64497360.0,2734.0,6,2733.0,23
rb1805,20170614,20170613,210414500,2733.0,2366,84282,64606680.0,2734.0,6,2733.0,21
rb1805,20170614,20170613,210415500,2733.0,2368,84282,64661340.0,2734.0,6,2733.0,20
rb1805,20170614,20170613,210416000,2733.0,2368,84282,64661340.0,2734.0,11,2733.0,20
rb1805,20170614,20170613,210417000,2733.0,2368,84282,64661340.0,2734.0,11,2733.0,20
rb1805,20170614,20170613,210417500,2733.0,2368,84282,64661340.0,2734.0,11,2733.0,20
rb1805,20170614,20170613,210418500,2734.0,2370,84282,64716020.0,2734.0,10,2733.0,5
rb1805,20170614,20170613,210419000,2734.0,2370,84282,64716020.0,2734.0,10,2733.0,5
rb1805,20170614,20170613,210419500,2733.0,2380,84282,64989320.0,2733.0,1,2732.0,8
rb1805,20170614,20170613,210420000,2733.0,2382,84282,65043980.0,2734.0,10,2732.0,8
rb1805,20170614,20170613,210420500,2733.0,2382,84282,65043980.0,2734.0,15,2732.0,8
rb1805,20170614,20170613,210421000,2734.0,2384,84284,65098660.0,2734.0,14,2732.0,8
rb1805,20170614,20170613,210422500,2732.0,2390,84290,65262580.0,2733.0,1,2732.0,5
rb1805,20170614,20170613,210423000,2732.0,2390,84290,65262580.0,2733.0,4,2732.0,5
rb1805,20170614,20170613,210424000,2733.0,2392,84290,65317240.0,2733.0,3,2732.0,5
rb1805,20170614,20170613,210424500,2733.0,2392,84290,65317240.0,2733.0,3,2732.0,5
rb1805,20170614,20170613,210425500,2733.0,2392,84290,65317240.0,2733.0,3,2732.0,5
rb1805,20170614,20170613,210428500,2733.0,2392,84290,65317240.0,2733.0,3,2732.0,5
rb1805,20170614,20170613,210429500,2733.0,2392,84290,65317240.0,2733.0,4,2732.0,5
rb1805,20170614,20170613,210433000,2733.0,2392,84290,65317240.0,2733.0,4,2732.0,5
rb1805,20170614,20170613,210433500,2733.0,2392,84290,65317240.0,2733.0,4,2732.0,5
rb1805,20170614,20170613,210434000,2733.0,2392,84290,65317240.0,2733.0,4,2732.0,5
rb1805,20170614,20170613,210436000,2732.0,2394,84292,65371880.0,2733.0,4,2732.0,4
rb1805,20170614,20170613,210438000,2733.0,2396,84294,65426540.0,2733.0,3,2732.0,3
rb1805,20170614,20170613,210439000,2733.0,2398,84296,65481200.0,2733.0,2,2732.0,3
rb1805,20170614,20170613,210440000,2733.0,2398,84296,65481200.0,2733.0,2,2732.0,3
rb1805,20170614,20170613,210440500,2733.0,2398,84296,65481200.0,2733.0,2,2732.0,3
rb1805,20170614,20170613,210441000,2733.0,2398,84296,65481200.0,2733.0,2,2732.0,3
rb1805,20170614,20170613,210441500,2733.0,2398,84296,65481200.0,2733.0,2,2732.0,3
rb1805,20170614,20170613,210443500,2733.0,2398,84296,65481200.0,2733.0,2,2732.0,3
rb1805,20170614,20170613,210444500,2733.0,2402,84298,65590520.0,2734.0,14,2733.0,8
rb1805,20170614,20170613,210447000,2733.0,2410,84304,65809160.0,2734.0,14,2733.0,4
rb1805,20170614,20170613,210447500,2733.0,2418,84304,66027800.0,2733.0,7,2732.0,3
rb1805,20170614,20170613,210448000,2733.0,2418,84304,66027800.0,2733.0,5,2732.0,3
rb1805,20170614,20170613,210448500,2732.0,2424,84304,66191720.0,2732.0,3,2731.0,7
rb1805,20170614,20170613,210449000,2732.0,2424,84304,66191720.0,2733.0,5,2731.0,7
rb1805,20170614,20170613,210449500,2731.0,2426,84304,66246340.0,2733.0,5,2731.0,6
rb1805,20170614,20170613,210450500,2731.0,2428,84304,66300960.0,2733.0,5,2731.0,5
rb1805,20170614,20170613,210451000,2731.0,2438,84304,66574060.0,2731.0,10,2730.0,53
rb1805,20170614,20170613,210451500,2731.0,2442,84302,66683300.0,2731.0,8,2730.0,59
rb1805,20170614,20170613,210452000,2731.0,2458,84302,67120260.0,2733.0,5,2730.0,59
rb1805,20170614,20170613,210452500,2731.0,2458,84302,67120260.0,2733.0,5,2731.0,2
rb1805,20170614,20170613,210453000,2731.0,2458,84302,67120260.0,2734.0,14,2731.0,7
rb1805,20170614,20170613,210454000,2731.0,2458,84302,67120260.0,2734.0,14,2731.0,7
rb1805,20170614,20170613,210454500,2731.0,2458,84302,67120260.0,2734.0,14,2731.0,7
rb1805,20170614,20170613,210455500,2731.0,2458,84302,67120260.0,2734.0,14,2731.0,7
rb1805,20170614,20170613,210456000,2731.0,2458,84302,67120260.0,2734.0,14,2731.0,7
rb1805,20170614,20170613,210457000,2731.0,2458,84302,67120260.0,2734.0,14,2732.0,1
rb1805,20170614,20170613,210458000,2731.0,2458,84302,67120260.0,2734.0,15,2732.0,1
rb1805,20170614,20170613,210459000,2731.0,2458,84302,67120260.0,2734.0,15,2732.0,1
rb1805,20170614,20170613,210500500,2731.0,2458,84302,67120260.0,2734.0,10,2732.0,6
rb1805,20170614,20170613,210501000,2731.0,2458,84302,67120260.0,2734.0,10,2732.0,6
rb1805,20170614,20170613,210501500,2731.0,2458,84302,67120260.0,2734.0,10,2732.0,6
rb1805,20170614,20170613,210502000,2731.0,2458,84302,67120260.0,2734.0,10,2732.0,6
rb1805,20170614,20170613,210503000,2731.0,2458,84302,67120260.0,2734.0,10,2732.0,6
rb1805,20170614,20170613,210503500,2731.0,2458,84302,67120260.0,2734.0,15,2732.0,1
rb1805,20170614,20170613,210504000,2731.0,2458,84302,67120260.0,2734.0,15,2732.0,1
rb1805,20170614,20170613,210504500,2731.0,2458,84302,67120260.0,2733.0,4,2732.0,1
rb1805,20170614,20170613,210505000,2731.0,2458,84302,67120260.0,2733.0,4,2732.0,1
rb1805,20170614,20170613,210506000,2733.0,2460,84304,67174920.0,2733.0,3,2732.0,1
rb1805,20170614,20170613,210506500,2733.0,2460,84304,67174920.0,2733.0,3,2732.0,1
rb1805,20170614,20170613,210508000,2733.0,2460,84304,67174920.0,2733.0,3,2732.0,6
rb1805,20170614,20170613,210509000,2733.0,2460,84304,67174920.0,2733.0,3,2732.0,6
rb1805,20170614,20170613,210510000,2733.0,2460,84304,67174920.0,2733.0,3,2732.0,6
rb1805,20170614,20170613,210510500,2733.0,2466,84310,67338900.0,2734.0,15,2733.0,2
rb1805,20170614,20170613,210511000,2733.0,2470,84310,67448220.0,2733.0,4,2732.0,6
rb1805,20170614,20170613,210511500,2733.0,2470,84310,67448220.0,2734.0,11,2732.0,6
rb1805,20170614,20170613,210512500,2733.0,2470,84310,67448220.0,2734.0,11,2732.0,6
rb1805,20170614,20170613,210513000,2733.0,2470,84310,67448220.0,2734.0,10,2732.0,6
rb1805,20170614,20170613,210513500,2733.0,2470,84310,67448220.0,2734.0,11,2732.0,6
rb1805,20170614,20170613,210514000,2733.0,2470,84310,67448220.0,2734.0,11,2732.0,6
rb1805,20170614,20170613,210514500,2733.0,2470,84310,67448220.0,2734.0,15,2732.0,6
rb1805,20170614,20170613,210515000,2732.0,2472,84310,67502860.0,2734.0,15,2732.0,5
rb1805,20170614,20170613,210515500,2732.0,2472,84310,67502860.0,2734.0,14,2732.0,5
rb1805,20170614,20170613,210516000,2732.0,2472,84310,67502860.0,2734.0,15,2732.0,5
rb1805,20170614,20170613,210516500,2732.0,2472,84310,67502860.0,2734.0,15,2732.0,5
rb1805,20170614,20170613,210520500,2732.0,2472,84310,67502860.0,2734.0,15,2732.0,5
rb1805,20170614,20170613,210521500,2732.0,2472,84310,67502860.0,2734.0,15,2732.0,6
rb1805,20170614,20170613,210523000,2732.0,2472,84310,67502860.0,2734.0,11,2732.0,6
rb1805,20170614,20170613,210523500,2732.0,2472,84310,67502860.0,2734.0,11,2732.0,6
rb1805,20170614,20170613,210524000,2735.0,2692,84318,73519640.0,2735.0,8,2732.0,6
rb1805,20170614,20170613,210524500,2733.0,2694,84320,73574300.0,2735.0,8,2733.0,2
rb1805,20170614,20170613,210525000,2733.0,2694,84320,73574300.0,2735.0,8,2733.0,8
rb1805,20170614,20170613,210525500,2733.0,2694,84320,73574300.0,2735.0,8,2733.0,8
rb1805,20170614,20170613,210526500,2733.0,2694,84320,73574300.0,2735.0,8,2733.0,8
rb1805,20170614,20170613,210528000,2733.0,2694,84320,73574300.0,2735.0,9,2733.0,8
rb1805,20170614,20170613,210529500,2733.0,2694,84320,73574300.0,2735.0,9,2733.0,8
rb1805,20170614,20170613,210531000,2733.0,2694,84320,73574300.0,2735.0,9,2733.0,8
rb1805,20170614,20170613,210532500,2733.0,2694,84320,73574300.0,2735.0,9,2733.0,8
rb1805,20170614,20170613,210533000,2733.0,2694,84320,73574300.0,2735.0,9,2733.0,8
rb1805,20170614,20170613,210534000,2733.0,2694,84320,73574300.0,2735.0,9,2733.0,8
rb1805,20170614,20170613,210534500,2733.0,2694,84320,73574300.0,2735.0,9,2733.0,8
rb1805,20170614,20170613,210535000,2733.0,2694,84320,73574300.0,2735.0,9,2733.0,8
rb1805,20170614,20170613,210535500,2733.0,2694,84320,73574300.0,2735.0,9,2733.0,9
rb1805,20170614,20170613,210536500,2735.0,2698,84320,73683700.0,2735.0,7,2733.0,9
rb1805,20170614,20170613,210537000,2735.0,2698,84320,73683700.0,2735.0,7,2733.0,9
rb1805,20170614,20170613,210538500,2735.0,2698,84320,73683700.0,2735.0,7,2733.0,9
rb1805,20170614,20170613,210539000,2735.0,2698,84320,73683700.0,2735.0,7,2733.0,10
rb1805,20170614,20170613,210541000,2735.0,2698,84320,73683700.0,2735.0,7,2733.0,20
rb1805,20170614,20170613,210542000,2735.0,2698,84320,73683700.0,2735.0,7,2733.0,20
rb1805,20170614,20170613,210542500,2733.0,2700,84320,73738360.0,2735.0,7,2733.0,19
rb1805,20170614,20170613,210543500,2735.0,2714,84320,74121260.0,2736.0,30,2735.0,63
rb1805,20170614,20170613,210544000,2735.0,2718,84322,74230660.0,2736.0,30,2735.0,61
rb1805,20170614,20170613,210545000,2735.0,2718,84322,74230660.0,2736.0,30,2735.0,61
rb1805,20170614,20170613,210545500,2735.0,2718,84322,74230660.0,2736.0,27,2735.0,61
rb1805,20170614,20170613,210546000,2735.0,2722,84322,74340060.0,2736.0,27,2735.0,59
rb1805,20170614,20170613,210546500,2735.0,2722,84322,74340060.0,2736.0,27,2735.0,59
rb1805,20170614,20170613,210549000,2735.0,2728,84328,74504160.0,2736.0,30,2735.0,56
rb1805,20170614,20170613,210551000,2735.0,2728,84328,74504160.0,2736.0,30,2735.0,56
rb1805,20170614,20170613,210551500,2735.0,2728,84328,74504160.0,2736.0,30,2735.0,56
rb1805,20170614,20170613,210552000,2735.0,2728,84328,74504160.0,2736.0,30,2735.0,56
rb1805,20170614,20170613,210552500,2736.0,2768,84328,75598560.0,2736.0,10,2735.0,56
rb1805,20170614,20170613,210553500,2735.0,2780,84328,75926760.0,2736.0,10,2735.0,50
rb1805,20170614,20170613,210555000,2735.0,2780,84328,75926760.0,2736.0,10,2735.0,50
rb1805,20170614,20170613,210555500,2736.0,2782,84328,75981480.0,2736.0,9,2735.0,50
rb1805,20170614,20170613,210556500,2736.0,2784,84328,76036200.0,2736.0,8,2735.0,50
rb1805,20170614,20170613,210558500,2735.0,2884,84428,78771200.0,2735.0,150,2733.0,22
rb1805,20170614,20170613,210600000,2735.0,2884,84428,78771200.0,2735.0,151,2734.0,1
rb1805,20170614,20170613,210601000,2735.0,2884,84428,78771200.0,2735.0,151,2734.0,1
rb1805,20170614,20170613,210601500,2735.0,2884,84428,78771200.0,2735.0,151,2734.0,1
rb1805,20170614,20170613,210603500,2735.0,2908,84452,79427600.0,2735.0,139,2734.0,1
rb1805,20170614,20170613,210604000,2735.0,2912,84454,79537000.0,2735.0,137,2734.0,1
rb1805,20170614,20170613,210604500,2735.0,2912,84454,79537000.0,2735.0,137,2734.0,7
rb1805,20170614,20170613,210605500,2734.0,2914,84454,79591680.0,2735.0,137,2734.0,6
rb1805,20170614,20170613,210606000,2734.0,2914,84454,79591680.0,2735.0,137,2734.0,6
rb1805,20170614,20170613,210606500,2735.0,2916,84456,79646380.0,2735.0,136,2734.0,6
rb1805,20170614,20170613,210607000,2735.0,2916,84456,79646380.0,2735.0,136,2734.0,6
rb1805,20170614,20170613,210607500,2735.0,2916,84456,79646380.0,2735.0,136,2734.0,7
rb1805,20170614,20170613,210608000,2735.0,2916,84456,79646380.0,2735.0,136,2734.0,2
rb1805,20170614,20170613,210608500,2735.0,2924,84464,79865180.0,2735.0,132,2734.0,2
rb1805,20170614,20170613,210609000,2735.0,2924,84464,79865180.0,2735.0,132,2734.0,2
rb1805,20170614,20170613,210609500,2735.0,2926,84466,79919880.0,2735.0,131,2734.0,2
rb1805,20170614,20170613,210613000,2735.0,2992,84526,81724980.0,2735.0,98,2734.0,3
rb1805,20170614,20170613,210614000,2735.0,2992,84526,81724980.0,2735.0,98,2734.0,3
rb1805,20170614,20170613,210614500,2735.0,2992,84526,81724980.0,2735.0,98,2734.0,4
rb1805,20170614,20170613,210615000,2735.0,2992,84526,81724980.0,2735.0,98,2734.0,4
rb1805,20170614,20170613,210615500,2735.0,2992,84526,81724980.0,2735.0,98,2734.0,6
rb1805,20170614,20170613,210616000,2735.0,2992,84526,81724980.0,2735.0,99,2734.0,6
rb1805,20170614,20170613,210622000,2735.0,2992,84526,81724980.0,2735.0,99,2734.0,6
rb1805,20170614,20170613,210623500,2735.0,2992,84526,81724980.0,2735.0,99,2734.0,6
rb1805,20170614,20170613,210624000,2735.0,2992,84526,81724980.0,2735.0,98,2734.0,6
rb1805,20170614,20170613,210628000,2735.0,2996,84528,81834380.0,2735.0,96,2734.0,6
rb1805,20170614,20170613,210629000,2735.0,3002,84528,81998480.0,2735.0,93,2734.0,7
rb1805,20170614,20170613,210631000,2735.0,3002,84528,81998480.0,2735.0,93,2734.0,7
rb1805,20170614,20170613,210633500,2735.0,3002,84528,81998480.0,2735.0,93,2734.0,7
rb1805,20170614,20170613,210636500,2735.0,3002,84528,81998480.0,2735.0,93,2734.0,8
rb1805,20170614,20170613,210637000,2735.0,3002,84528,81998480.0,2735.0,93,2734.0,9
rb1805,20170614,20170613,210639000,2735.0,3002,84528,81998480.0,2735.0,93,2734.0,14
rb1805,20170614,20170613,210640000,2735.0,3002,84528,81998480.0,2735.0,93,2734.0,14
rb1805,20170614,20170613,210642000,2735.0,3002,84528,81998480.0,2735.0,93,2734.0,14
rb1805,20170614,20170613,210643000,2735.0,3008,84534,82162580.0,2735.0,90,2734.0,14
rb1805,20170614,20170613,210643500,2735.0,3010,84536,82217280.0,2735.0,89,2734.0,14
rb1805,20170614,20170613,210644000,2735.0,3014,84540,82326680.0,2735.0,87,2734.0,14
rb1805,20170614,20170613,210645000,2735.0,3056,84540,83475380.0,2735.0,66,2734.0,14
rb1805,20170614,20170613,210646000,2735.0,3056,84540,83475380.0,2735.0,66,2734.0,13
rb1805,20170614,20170613,210646500,2735.0,3056,84540,83475380.0,2735.0,66,2734.0,14
rb1805,20170614,20170613,210647500,2735.0,3060,84544,83584780.0,2735.0,64,2734.0,14
rb1805,20170614,20170613,210648500,2735.0,3062,84544,83639480.0,2735.0,63,2734.0,14
rb1805,20170614,20170613,210649500,2735.0,3062,84544,83639480.0,2735.0,63,2734.0,14
rb1805,20170614,20170613,210650000,2735.0,3062,84544,83639480.0,2735.0,63,2734.0,9
rb1805,20170614,20170613,210650500,2735.0,3062,84544,83639480.0,2735.0,63,2734.0,9
rb1805,20170614,20170613,210651500,2735.0,3062,84544,83639480.0,2735.0,63,2734.0,9
rb1805,20170614,20170613,210652000,2735.0,3064,84544,83694180.0,2735.0,62,2734.0,9
rb1805,20170614,20170613,210653000,2735.0,3064,84544,83694180.0,2735.0,62,2734.0,9
rb1805,20170614,20170613,210653500,2735.0,3064,84544,83694180.0,2735.0,62,2734.0,9
rb1805,20170614,20170613,210654000,2735.0,3074,84554,83967680.0,2735.0,57,2734.0,9
rb1805,20170614,20170613,210654500,2735.0,3076,84554,84022380.0,2735.0,56,2734.0,9
rb1805,20170614,20170613,210655000,2735.0,3082,84558,84186480.0,2735.0,53,2734.0,9
rb1805,20170614,20170613,210655500,2735.0,3088,84558,84350580.0,2735.0,50,2734.0,9
rb1805,20170614,20170613,210656000,2735.0,3088,84558,84350580.0,2735.0,50,2734.0,9
rb1805,20170614,20170613,210657000,2735.0,3088,84558,84350580.0,2735.0,50,2734.0,18
rb1805,20170614,20170613,210658000,2735.0,3092,84560,84459980.0,2735.0,48,2734.0,18
rb1805,20170614,20170613,210658500,2735.0,3092,84560,84459980.0,2735.0,48,2734.0,19
rb1805,20170614,20170613,210659000,2735.0,3160,84564,86319780.0,2735.0,14,2734.0,20
rb1805,20170614,20170613,210659500,2735.0,3162,84564,86374480.0,2735.0,13,2734.0,19
rb1805,20170614,20170613,210700000,2735.0,3162,84564,86374480.0,2735.0,13,2734.0,19
rb1805,20170614,20170613,210700500,2735.0,3166,84566,86483880.0,2735.0,11,2734.0,10
rb1805,20170614,20170613,210701000,2735.0,3170,84570,86593280.0,2735.0,9,2734.0,10
rb1805,20170614,20170613,210701500,2735.0,3174,84574,86702680.0,2735.0,7,2734.0,20
rb1805,20170614,20170613,210702500,2735.0,3176,84576,86757380.0,2735.0,6,2734.0,20
rb1805,20170614,20170613,210704000,2735.0,3176,84576,86757380.0,2735.0,6,2734.0,20
rb1805,20170614,20170613,210704500,2735.0,3176,84576,86757380.0,2735.0,6,2734.0,20
rb1805,20170614,20170613,210705000,2735.0,3178,84578,86812080.0,2735.0,5,2734.0,20
rb1805,20170614,20170613,210706000,2734.0,3180,84578,86866760.0,2735.0,5,2734.0,18
rb1805,20170614,20170613,210708000,2735.0,3182,84580,86921460.0,2735.0,4,2734.0,18
rb1805,20170614,20170613,210710000,2735.0,3184,84582,86976160.0,2735.0,3,2734.0,18
rb1805,20170614,20170613,210712000,2735.0,3184,84582,86976160.0,2735.0,3,2734.0,18
rb1805,20170614,20170613,210713500,2735.0,3184,84582,86976160.0,2735.0,3,2734.0,24
rb1805,20170614,20170613,210714000,2735.0,3184,84582,86976160.0,2735.0,3,2734.0,24
rb1805,20170614,20170613,210714500,2734.0,3186,84582,87030840.0,2735.0,3,2734.0,23
rb1805,20170614,20170613,210715000,2734.0,3186,84582,87030840.0,2735.0,3,2734.0,22
rb1805,20170614,20170613,210715500,2735.0,3192,84580,87194940.0,2736.0,2,2735.0,1
rb1805,20170614,20170613,210716000,2735.0,3194,84578,87249640.0,2735.0,2,2734.0,20
rb1805,20170614,20170613,210716500,2735.0,3194,84578,87249640.0,2736.0,2,2735.0,1
rb1805,20170614,20170613,210719000,2735.0,3194,84578,87249640.0,2736.0,2,2735.0,1
rb1805,20170614,20170613,210719500,2735.0,3194,84578,87249640.0,2736.0,6,2735.0,1
rb1805,20170614,20170613,210720500,2735.0,3194,84578,87249640.0,2736.0,6,2735.0,1
rb1805,20170614,20170613,210721000,2735.0,3194,84578,87249640.0,2736.0,6,2735.0,1
rb1805,20170614,20170613,210723500,2735.0,3194,84578,87249640.0,2736.0,6,2735.0,2
rb1805,20170614,20170613,210724500,2735.0,3194,84578,87249640.0,2736.0,7,2735.0,2
rb1805,20170614,20170613,210727000,2735.0,3194,84578,87249640.0,2736.0,7,2735.0,2
rb1805,20170614,20170613,210729000,2735.0,3194,84578,87249640.0,2736.0,7,2735.0,2
rb1805,20170614,20170613,210730000,2735.0,3194,84578,87249640.0,2736.0,7,2735.0,7
rb1805,20170614,20170613,210731000,2737.0,3224,84588,88070600.0,2738.0,4,2737.0,35
rb1805,20170614,20170613,210731500,2737.0,3228,84588,88180080.0,2738.0,4,2737.0,33
rb1805,20170614,20170613,210732500,2737.0,3228,84588,88180080.0,2738.0,5,2737.0,33
rb1805,20170614,20170613,210734000,2737.0,3228,84588,88180080.0,2738.0,5,2737.0,33
rb1805,20170614,20170613,210734500,2737.0,3228,84588,88180080.0,2738.0,4,2737.0,33
rb1805,20170614,20170613,210735000,2737.0,3228,84588,88180080.0,2738.0,4,2737.0,33
rb1805,20170614,20170613,210737500,2737.0,3228,84588,88180080.0,2738.0,14,2737.0,33
rb1805,20170614,20170613,210738000,2738.0,3250,84590,88782260.0,2738.0,12,2737.0,24
rb1805,20170614,20170613,210738500,2737.0,3278,84614,89548620.0,2738.0,12,2737.0,10
rb1805,20170614,20170613,210739500,2737.0,3278,84614,89548620.0,2738.0,12,2737.0,10
rb1805,20170614,20170613,210740500,2737.0,3278,84614,89548620.0,2738.0,12,2737.0,15
rb1805,20170614,20170613,210742000,2737.0,3278,84614,89548620.0,2738.0,12,2737.0,15
rb1805,20170614,20170613,210743000,2737.0,3278,84614,89548620.0,2738.0,12,2737.0,16
rb1805,20170614,20170613,210743500,2737.0,3282,84612,89658120.0,2738.0,11,2737.0,15
rb1805,20170614,20170613,210745500,2737.0,3284,84612,89712860.0,2738.0,11,2737.0,14
rb1805,20170614,20170613,210746500,2737.0,3284,84612,89712860.0,2738.0,11,2737.0,9
rb1805,20170614,20170613,210748000,2738.0,3304,84612,90260460.0,2738.0,1,2737.0,9
rb1805,20170614,20170613,210749500,2738.0,3304,84612,90260460.0,2738.0,1,2737.0,9
rb1805,20170614,20170613,210750000,2738.0,3304,84612,90260460.0,2738.0,1,2737.0,9
rb1805,20170614,20170613,210750500,2738.0,3304,84612,90260460.0,2738.0,1,2737.0,9
rb1805,20170614,20170613,210751000,2738.0,3306,84610,90315220.0,2739.0,51,2737.0,14
rb1805,20170614,20170613,210752000,2738.0,3306,84610,90315220.0,2739.0,51,2738.0,1
rb1805,20170614,20170613,210752500,2738.0,3306,84610,90315220.0,2739.0,51,2738.0,6
rb1805,20170614,20170613,210753000,2739.0,3316,84600,90589120.0,2739.0,46,2738.0,6
rb1805,20170614,20170613,210754000,2739.0,3316,84600,90589120.0,2739.0,46,2738.0,6
rb1805,20170614,20170613,210754500,2739.0,3316,84600,90589120.0,2739.0,46,2738.0,6
rb1805,20170614,20170613,210755000,2739.0,3316,84600,90589120.0,2739.0,46,2738.0,7
rb1805,20170614,20170613,210755500,2739.0,3316,84600,90589120.0,2739.0,46,2738.0,7
rb1805,20170614,20170613,210757000,2739.0,3318,84600,90643900.0,2739.0,45,2738.0,7
rb1805,20170614,20170613,210758000,2738.0,3320,84602,90698660.0,2739.0,45,2738.0,6
rb1805,20170614,20170613,210800000,2738.0,3320,84602,90698660.0,2739.0,45,2738.0,1
rb1805,20170614,20170613,210800500,2738.0,3320,84602,90698660.0,2739.0,45,2738.0,2
rb1805,20170614,20170613,210801500,2738.0,3320,84602,90698660.0,2739.0,45,2738.0,2
rb1805,20170614,20170613,210802000,2739.0,3322,84602,90753440.0,2739.0,44,2738.0,2
rb1805,20170614,20170613,210803000,2739.0,3322,84602,90753440.0,2739.0,44,2738.0,2
rb1805,20170614,20170613,210803500,2739.0,3322,84602,90753440.0,2739.0,44,2738.0,3
rb1805,20170614,20170613,210804500,2739.0,3322,84602,90753440.0,2739.0,44,2738.0,3
rb1805,20170614,20170613,210806000,2739.0,3324,84602,90808220.0,2739.0,43,2738.0,3
rb1805,20170614,20170613,210806500,2739.0,3324,84602,90808220.0,2739.0,43,2738.0,3
rb1805,20170614,20170613,210807000,2739.0,3326,84602,90863000.0,2739.0,42,2738.0,3
rb1805,20170614,20170613,210808000,2739.0,3328,84602,90917780.0,2739.0,41,2738.0,3
rb1805,20170614,20170613,210808500,2739.0,3330,84602,90972560.0,2739.0,40,2738.0,3
rb1805,20170614,20170613,210809500,2739.0,3330,84602,90972560.0,2739.0,40,2738.0,3
rb1805,20170614,20170613,210810000,2738.0,3332,84604,91027320.0,2739.0,40,2738.0,2
rb1805,20170614,20170613,210811000,2739.0,3334,84604,91082100.0,2739.0,39,2738.0,2
rb1805,20170614,20170613,210811500,2739.0,3336,84604,91136880.0,2739.0,38,2738.0,2
rb1805,20170614,20170613,210816500,2739.0,3336,84604,91136880.0,2739.0,38,2738.0,2
rb1805,20170614,20170613,210818000,2739.0,3336,84604,91136880.0,2739.0,38,2738.0,2
rb1805,20170614,20170613,210819000,2739.0,3338,84604,91191660.0,2739.0,37,2738.0,2
rb1805,20170614,20170613,210820500,2739.0,3338,84604,91191660.0,2739.0,38,2738.0,2
rb1805,20170614,20170613,210821000,2739.0,3338,84604,91191660.0,2739.0,38,2738.0,2
rb1805,20170614,20170613,210822000,2739.0,3338,84604,91191660.0,2739.0,38,2738.0,2
rb1805,20170614,20170613,210823000,2739.0,3338,84604,91191660.0,2739.0,38,2738.0,2
rb1805,20170614,20170613,210824000,2739.0,3338,84604,91191660.0,2739.0,38,2738.0,2
rb1805,20170614,20170613,210827000,2739.0,3338,84604,91191660.0,2739.0,38,2738.0,2
rb1805,20170614,20170613,210827500,2739.0,3338,84604,91191660.0,2739.0,38,2738.0,2
rb1805,20170614,20170613,210828500,2739.0,3338,84604,91191660.0,2739.0,41,2738.0,2
rb1805,20170614,20170613,210831500,2739.0,3338,84604,91191660.0,2739.0,41,2738.0,2
rb1805,20170614,20170613,210832500,2739.0,3338,84604,91191660.0,2739.0,41,2738.0,7
rb1805,20170614,20170613,210833500,2739.0,3338,84604,91191660.0,2739.0,41,2738.0,7
rb1805,20170614,20170613,210834000,2739.0,3338,84604,91191660.0,2739.0,41,2738.0,2
rb1805,20170614,20170613,210835000,2739.0,3338,84604,91191660.0,2739.0,41,2738.0,2
rb1805,20170614,20170613,210838000,2739.0,3338,84604,91191660.0,2739.0,41,2738.0,2
rb1805,20170614,20170613,210838500,2739.0,3338,84604,91191660.0,2739.0,41,2738.0,7
rb1805,20170614,20170613,210844000,2739.0,3338,84604,91191660.0,2739.0,41,2738.0,17
rb1805,20170614,20170613,210844500,2738.0,3344,84610,91355940.0,2739.0,41,2738.0,14
rb1805,20170614,20170613,210847000,2738.0,3344,84610,91355940.0,2739.0,41,2738.0,10
rb1805,20170614,20170613,210848000,2738.0,3344,84610,91355940.0,2739.0,41,2738.0,10
rb1805,20170614,20170613,210851000,2738.0,3348,84610,91465460.0,2739.0,41,2738.0,8
rb1805,20170614,20170613,210851500,2739.0,3406,84552,93054080.0,2739.0,12,2738.0,9
rb1805,20170614,20170613,210852000,2739.0,3406,84552,93054080.0,2739.0,12,2738.0,18
rb1805,20170614,20170613,210852500,2738.0,3410,84556,93163600.0,2739.0,12,2738.0,17
rb1805,20170614,20170613,210854000,2738.0,3410,84556,93163600.0,2739.0,13,2738.0,17
rb1805,20170614,20170613,210854500,2738.0,3410,84556,93163600.0,2739.0,13,2738.0,17
rb1805,20170614,20170613,210855500,2739.0,3420,84556,93437500.0,2739.0,8,2738.0,17
rb1805,20170614,20170613,210857000,2739.0,3420,84556,93437500.0,2739.0,8,2738.0,17
rb1805,20170614,20170613,210858000,2739.0,3424,84556,93547060.0,2739.0,6,2738.0,17
rb1805,20170614,20170613,210858500,2739.0,3436,84544,93875740.0,2740.0,14,2739.0,144
rb1805,20170614,20170613,210901000,2740.0,3442,84544,94040140.0,2740.0,11,2739.0,144
rb1805,20170614,20170613,210901500,2739.0,3444,84542,94094920.0,2740.0,16,2739.0,143
rb1805,20170614,20170613,210902000,2739.0,3446,84540,94149700.0,2740.0,16,2739.0,142
rb1805,20170614,20170613,210902500,2740.0,3448,84540,94204500.0,2740.0,25,2739.0,142
rb1805,20170614,20170613,210903500,2739.0,3456,84540,94423620.0,2740.0,25,2739.0,138
rb1805,20170614,20170613,210904000,2739.0,3456,84540,94423620.0,2740.0,26,2739.0,138
rb1805,20170614,20170613,210905000,2739.0,3456,84540,94423620.0,2740.0,27,2739.0,138
rb1805,20170614,20170613,210905500,2739.0,3476,84520,94971420.0,2740.0,27,2739.0,128
rb1805,20170614,20170613,210906000,2739.0,3476,84520,94971420.0,2740.0,26,2739.0,128
rb1805,20170614,20170613,210906500,2739.0,3476,84520,94971420.0,2740.0,21,2739.0,133
rb1805,20170614,20170613,210908000,2739.0,3476,84520,94971420.0,2740.0,26,2739.0,128
rb1805,20170614,20170613,210908500,2740.0,3478,84518,95026220.0,2740.0,25,2739.0,128
rb1805,20170614,20170613,210909000,2740.0,3478,84518,95026220.0,2740.0,25,2739.0,129
rb1805,20170614,20170613,210909500,2740.0,3478,84518,95026220.0,2740.0,25,2739.0,129
rb1805,20170614,20170613,210911000,2739.0,3480,84516,95081000.0,2740.0,25,2739.0,128
rb1805,20170614,20170613,210912000,2739.0,3480,84516,95081000.0,2740.0,20,2739.0,128
rb1805,20170614,20170613,210914500,2739.0,3480,84516,95081000.0,2740.0,20,2739.0,128
rb1805,20170614,20170613,210915000,2739.0,3480,84516,95081000.0,2740.0,20,2739.0,128
rb1805,20170614,20170613,210916500,2740.0,3482,84516,95135800.0,2740.0,19,2739.0,128
rb1805,20170614,20170613,210917000,2740.0,3482,84516,95135800.0,2740.0,19,2739.0,128
rb1805,20170614,20170613,210917500,2740.0,3482,84516,95135800.0,2740.0,29,2739.0,128
rb1805,20170614,20170613,210918000,2740.0,3482,84516,95135800.0,2740.0,29,2739.0,128
rb1805,20170614,20170613,210919000,2740.0,3488,84516,95300200.0,2740.0,37,2739.0,128
rb1805,20170614,20170613,210920500,2740.0,3488,84516,95300200.0,2740.0,49,2739.0,128
rb1805,20170614,20170613,210921500,2740.0,3488,84516,95300200.0,2740.0,49,2739.0,128
rb1805,20170614,20170613,210922500,2740.0,3488,84516,95300200.0,2740.0,49,2739.0,127
rb1805,20170614,20170613,210923000,2739.0,3508,84496,95848000.0,2740.0,49,2739.0,117
rb1805,20170614,20170613,210924000,2739.0,3508,84496,95848000.0,2740.0,70,2739.0,117
rb1805,20170614,20170613,210924500,2739.0,3508,84496,95848000.0,2740.0,70,2739.0,117
rb1805,20170614,20170613,210925000,2739.0,3508,84496,95848000.0,2740.0,70,2739.0,117
rb1805,20170614,20170613,210925500,2739.0,3530,84474,96450580.0,2740.0,70,2739.0,106
rb1805,20170614,20170613,210926000,2739.0,3530,84474,96450580.0,2740.0,70,2739.0,106
rb1805,20170614,20170613,210926500,2739.0,3530,84474,96450580.0,2740.0,70,2739.0,106
rb1805,20170614,20170613,210928000,2739.0,3630,84374,99189580.0,2740.0,70,2739.0,56
rb1805,20170614,20170613,210930000,2739.0,3630,84374,99189580.0,2740.0,71,2739.0,56
rb1805,20170614,20170613,210930500,2739.0,3634,84370,99299140.0,2740.0,71,2739.0,54
rb1805,20170614,20170613,210931500,2739.0,3638,84366,99408700.0,2740.0,71,2739.0,52
rb1805,20170614,20170613,210933000,2740.0,3640,84364,99463500.0,2740.0,71,2739.0,52
rb1805,20170614,20170613,210933500,2740.0,3640,84364,99463500.0,2740.0,61,2739.0,52
rb1805,20170614,20170613,210934000,2739.0,3642,84362,99518280.0,2740.0,61,2739.0,51
rb1805,20170614,20170613,210934500,2739.0,3662,84342,100066080.0,2740.0,61,2739.0,41
rb1805,20170614,20170613,210935000,2739.0,3664,84340,100120860.0,2740.0,61,2739.0,40
rb1805,20170614,20170613,210935500,2739.0,3664,84340,100120860.0,2740.0,61,2739.0,40
rb1805,20170614,20170613,210936000,2739.0,3668,84336,100230420.0,2740.0,61,2739.0,38
rb1805,20170614,20170613,210938000,2739.0,3668,84336,100230420.0,2740.0,61,2739.0,38
rb1805,20170614,20170613,210938500,2739.0,3668,84336,100230420.0,2740.0,61,2739.0,38
rb1805,20170614,20170613,210939000,2739.0,3668,84336,100230420.0,2740.0,61,2739.0,38
rb1805,20170614,20170613,210939500,2739.0,3668,84336,100230420.0,2740.0,61,2739.0,43
rb1805,20170614,20170613,210941000,2739.0,3670,84334,100285200.0,2740.0,61,2739.0,42
rb1805,20170614,20170613,210941500,2740.0,3690,84338,100833200.0,2740.0,51,2739.0,42
rb1805,20170614,20170613,210942000,2739.0,3692,84338,100887980.0,2740.0,51,2739.0,36
rb1805,20170614,20170613,210944500,2739.0,3698,84338,101052320.0,2740.0,51,2739.0,33
rb1805,20170614,20170613,210945000,2739.0,3698,84338,101052320.0,2740.0,52,2739.0,33
rb1805,20170614,20170613,210945500,2739.0,3698,84338,101052320.0,2740.0,52,2739.0,33
rb1805,20170614,20170613,210949000,2739.0,3720,84316,101654900.0,2740.0,41,2739.0,22
rb1805,20170614,20170613,210949500,2739.0,3722,84314,101709680.0,2740.0,41,2739.0,21
rb1805,20170614,20170613,210951000,2739.0,3722,84314,101709680.0,2740.0,41,2739.0,21
rb1805,20170614,20170613,210951500,2739.0,3724,84312,101764460.0,2740.0,41,2739.0,20
rb1805,20170614,20170613,210952500,2739.0,3728,84308,101874020.0,2740.0,41,2739.0,18
rb1805,20170614,20170613,210953000,2739.0,3728,84308,101874020.0,2740.0,41,2739.0,18
rb1805,20170614,20170613,210955000,2739.0,3728,84308,101874020.0,2740.0,41,2739.0,18
rb1805,20170614,20170613,210955500,2739.0,3732,84304,101983580.0,2740.0,41,2739.0,16
rb1805,20170614,20170613,210956500,2739.0,3752,84284,102531380.0,2740.0,41,2739.0,6
rb1805,20170614,20170613,210957000,2739.0,3752,84284,102531380.0,2740.0,41,2739.0,9
rb1805,20170614,20170613,210957500,2739.0,3770,84272,103024400.0,2739.0,1,2738.0,18
rb1805,20170614,20170613,210958000,2739.0,3770,84272,103024400.0,2739.0,1,2738.0,17
rb1805,20170614,20170613,210958500,2739.0,3772,84272,103079180.0,2740.0,41,2738.0,17
rb1805,20170614,20170613,210959000,2739.0,3772,84272,103079180.0,2740.0,46,2738.0,17
rb1805,20170614,20170613,210959500,2738.0,3774,84272,103133940.0,2740.0,46,2738.0,16
rb1805,20170614,20170613,211002000,2740.0,3776,84270,103188740.0,2740.0,45,2738.0,16
rb1805,20170614,20170613,211004500,2740.0,3776,84270,103188740.0,2740.0,45,2738.0,16
rb1805,20170614,20170613,211005500,2740.0,3776,84270,103188740.0,2740.0,45,2738.0,16
rb1805,20170614,20170613,211008000,2740.0,3776,84270,103188740.0,2739.0,10,2738.0,16
rb1805,20170614,20170613,211010000,2739.0,3778,84268,103243520.0,2739.0,9,2738.0,16
rb1805,20170614,20170613,211012500,2739.0,3778,84268,103243520.0,2739.0,9,2738.0,16
rb1805,20170614,20170613,211013000,2739.0,3778,84268,103243520.0,2739.0,9,2738.0,16
rb1805,20170614,20170613,211014000,2739.0,3778,84268,103243520.0,2739.0,9,2738.0,16
rb1805,20170614,20170613,211015000,2739.0,3778,84268,103243520.0,2739.0,10,2738.0,16
rb1805,20170614,20170613,211015500,2739.0,3778,84268,103243520.0,2739.0,10,2738.0,16
rb1805,20170614,20170613,211017000,2739.0,3782,84264,103353080.0,2739.0,8,2738.0,16
rb1805,20170614,20170613,211017500,2739.0,3782,84264,103353080.0,2739.0,9,2738.0,16
rb1805,20170614,20170613,211020000,2739.0,3782,84264,103353080.0,2739.0,42,2738.0,16
rb1805,20170614,20170613,211020500,2739.0,3782,84264,103353080.0,2739.0,42,2738.0,16
rb1805,20170614,20170613,211023000,2739.0,3782,84264,103353080.0,2739.0,42,2738.0,16
rb1805,20170614,20170613,211024000,2739.0,3784,84264,103407860.0,2739.0,41,2738.0,16
rb1805,20170614,20170613,211029000,2739.0,3784,84264,103407860.0,2739.0,41,2738.0,16
rb1805,20170614,20170613,211029500,2738.0,3788,84264,103517380.0,2739.0,41,2738.0,14
rb1805,20170614,20170613,211030000,2739.0,3790,84264,103572160.0,2739.0,40,2738.0,14
rb1805,20170614,20170613,211032500,2739.0,3790,84264,103572160.0,2739.0,40,2738.0,14
rb1805,20170614,20170613,211035000,2739.0,3790,84264,103572160.0,2739.0,40,2738.0,14
rb1805,20170614,20170613,211035500,2739.0,3790,84264,103572160.0,2739.0,40,2738.0,14
rb1805,20170614,20170613,211040500,2739.0,3790,84264,103572160.0,2739.0,40,2738.0,14
rb1805,20170614,20170613,211041000,2739.0,3790,84264,103572160.0,2739.0,40,2738.0,19
rb1805,20170614,20170613,211042000,2739.0,3790,84264,103572160.0,2739.0,40,2738.0,20
rb1805,20170614,20170613,211044000,2739.0,3790,84264,103572160.0,2739.0,41,2738.0,20
rb1805,20170614,20170613,211045500,2739.0,3790,84264,103572160.0,2739.0,63,2738.0,20
rb1805,20170614,20170613,211046000,2739.0,3790,84264,103572160.0,2739.0,63,2738.0,15
rb1805,20170614,20170613,211046500,2739.0,3790,84264,103572160.0,2739.0,63,2738.0,20
rb1805,20170614,20170613,211047000,2739.0,3790,84264,103572160.0,2739.0,63,2738.0,20
rb1805,20170614,20170613,211050500,2739.0,3790,84264,103572160.0,2739.0,63,2738.0,20
rb1805,20170614,20170613,211052000,2739.0,3790,84264,103572160.0,2739.0,63,2738.0,19
rb1805,20170614,20170613,211052500,2739.0,3790,84264,103572160.0,2739.0,63,2738.0,19
rb1805,20170614,20170613,211053000,2739.0,3790,84264,103572160.0,2739.0,63,2738.0,19
rb1805,20170614,20170613,211054500,2739.0,3790,84264,103572160.0,2739.0,63,2738.0,14
rb1805,20170614,20170613,211056000,2739.0,3790,84264,103572160.0,2739.0,63,2738.0,13
rb1805,20170614,20170613,211057500,2738.0,3792,84264,103626920.0,2739.0,63,2738.0,12
rb1805,20170614,20170613,211058000,2738.0,3792,84264,103626920.0,2739.0,68,2738.0,12
rb1805,20170614,20170613,211058500,2738.0,3792,84264,103626920.0,2739.0,68,2738.0,12
rb1805,20170614,20170613,211059000,2738.0,3792,84264,103626920.0,2739.0,68,2738.0,12
rb1805,20170614,20170613,211100000,2738.0,3792,84264,103626920.0,2739.0,63,2738.0,12
rb1805,20170614,20170613,211101000,2738.0,3792,84264,103626920.0,2739.0,63,2738.0,12
rb1805,20170614,20170613,211101500,2738.0,3792,84264,103626920.0,2739.0,63,2738.0,17
rb1805,20170614,20170613,211102000,2738.0,3792,84264,103626920.0,2739.0,63,2738.0,17
rb1805,20170614,20170613,211102500,2738.0,3792,84264,103626920.0,2739.0,63,2738.0,12
rb1805,20170614,20170613,211103000,2739.0,3794,84264,103681700.0,2739.0,62,2738.0,12
rb1805,20170614,20170613,211104500,2739.0,3794,84264,103681700.0,2739.0,62,2738.0,12
rb1805,20170614,20170613,211106500,2739.0,3794,84264,103681700.0,2739.0,67,2738.0,12
rb1805,20170614,20170613,211109000,2739.0,3794,84264,103681700.0,2739.0,67,2738.0,12
rb1805,20170614,20170613,211112500,2739.0,3794,84264,103681700.0,2739.0,67,2738.0,12
rb1805,20170614,20170613,211115000,2739.0,3794,84264,103681700.0,2739.0,67,2738.0,12
rb1805,20170614,20170613,211118000,2738.0,3796,84264,103736460.0,2739.0,67,2738.0,11
rb1805,20170614,20170613,211119500,2738.0,3798,84264,103791220.0,2739.0,67,2738.0,11
rb1805,20170614,20170613,211120000,2738.0,3798,84264,103791220.0,2739.0,62,2738.0,11
rb1805,20170614,20170613,211122000,2738.0,3798,84264,103791220.0,2739.0,62,2738.0,11
rb1805,20170614,20170613,211126500,2738.0,3798,84264,103791220.0,2739.0,67,2738.0,12
rb1805,20170614,20170613,211128500,2738.0,3798,84264,103791220.0,2739.0,67,2738.0,12
rb1805,20170614,20170613,211129000,2738.0,3798,84264,103791220.0,2739.0,67,2738.0,12
rb1805,20170614,20170613,211129500,2738.0,3798,84264,103791220.0,2739.0,67,2738.0,12
rb1805,20170614,20170613,211130500,2738.0,3822,84264,104448340.0,2738.0,11,2737.0,13
rb1805,20170614,20170613,211131000,2738.0,3822,84264,104448340.0,2738.0,11,2737.0,8
rb1805,20170614,20170613,211131500,2738.0,3822,84264,104448340.0,2738.0,11,2737.0,8
rb1805,20170614,20170613,211132000,2738.0,3822,84264,104448340.0,2738.0,11,2737.0,8
rb1805,20170614,20170613,211136000,2738.0,3822,84264,104448340.0,2738.0,11,2737.0,8
rb1805,20170614,20170613,211138500,2738.0,3822,84264,104448340.0,2738.0,16,2737.0,8
rb1805,20170614,20170613,211140000,2737.0,3824,84264,104503080.0,2738.0,16,2737.0,7
rb1805,20170614,20170613,211141500,2738.0,3826,84264,104557840.0,2738.0,15,2737.0,7
rb1805,20170614,20170613,211142000,2737.0,3828,84264,104612580.0,2738.0,15,2737.0,6
rb1805,20170614,20170613,211143500,2737.0,3828,84264,104612580.0,2738.0,15,2737.0,6
rb1805,20170614,20170613,211144500,2737.0,3834,84264,104776820.0,2738.0,15,2737.0,4
rb1805,20170614,20170613,211145000,2737.0,3834,84264,104776820.0,2738.0,10,2737.0,4
rb1805,20170614,20170613,211145500,2737.0,3836,84264,104831560.0,2738.0,10,2737.0,3
rb1805,20170614,20170613,211147500,2737.0,3836,84264,104831560.0,2738.0,10,2737.0,4
rb1805,20170614,20170613,211149500,2737.0,3836,84264,104831560.0,2738.0,15,2737.0,4
rb1805,20170614,20170613,211150000,2737.0,3836,84264,104831560.0,2738.0,15,2737.0,3
rb1805,20170614,20170613,211150500,2737.0,3836,84264,104831560.0,2738.0,15,2737.0,3
rb1805,20170614,20170613,211151000,2737.0,3840,84264,104941040.0,2738.0,15,2737.0,1
rb1805,20170614,20170613,211152500,2737.0,3840,84264,104941040.0,2738.0,15,2737.0,1
rb1805,20170614,20170613,211156500,2737.0,3842,84264,104995780.0,2737.0,9,2735.0,7
rb1805,20170614,20170613,211157000,2737.0,3842,84264,104995780.0,2737.0,9,2735.0,7
rb1805,20170614,20170613,211157500,2735.0,3844,84266,105050480.0,2737.0,9,2735.0,6
rb1805,20170614,20170613,211158000,2735.0,3844,84266,105050480.0,2737.0,9,2735.0,6
rb1805,20170614,20170613,211159000,2735.0,3844,84266,105050480.0,2737.0,14,2735.0,6
rb1805,20170614,20170613,211159500,2737.0,3848,84266,105159960.0,2737.0,13,2735.0,6
rb1805,20170614,20170613,211200000,2737.0,3848,84266,105159960.0,2737.0,12,2735.0,6
rb1805,20170614,20170613,211200500,2737.0,3848,84266,105159960.0,2737.0,12,2735.0,6
rb1805,20170614,20170613,211202000,2737.0,3848,84266,105159960.0,2736.0,3,2735.0,6
rb1805,20170614,20170613,211202500,2737.0,3848,84266,105159960.0,2736.0,3,2735.0,2
rb1805,20170614,20170613,211203000,2737.0,3848,84266,105159960.0,2736.0,3,2735.0,2
rb1805,20170614,20170613,211204500,2737.0,3848,84266,105159960.0,2736.0,3,2735.0,3
rb1805,20170614,20170613,211206000,2737.0,3848,84266,105159960.0,2736.0,3,2735.0,3
rb1805,20170614,20170613,211207500,2737.0,3848,84266,105159960.0,2736.0,3,2735.0,3
rb1805,20170614,20170613,211208000,2737.0,3848,84266,105159960.0,2736.0,3,2735.0,3
rb1805,20170614,20170613,211209500,2737.0,3848,84266,105159960.0,2736.0,3,2735.0,3
rb1805,20170614,20170613,211211000,2737.0,3848,84266,105159960.0,2736.0,3,2735.0,3
rb1805,20170614,20170613,211211500,2737.0,3848,84266,105159960.0,2736.0,3,2735.0,13
rb1805,20170614,20170613,211212500,2737.0,3848,84266,105159960.0,2736.0,3,2735.0,13
rb1805,20170614,20170613,211213000,2737.0,3848,84266,105159960.0,2737.0,12,2735.0,13
rb1805,20170614,20170613,211213500,2737.0,3848,84266,105159960.0,2737.0,12,2735.0,13
rb1805,20170614,20170613,211215000,2737.0,3848,84266,105159960.0,2737.0,12,2735.0,13
rb1805,20170614,20170613,211216500,2737.0,3848,84266,105159960.0,2737.0,13,2736.0,2
rb1805,20170614,20170613,211217000,2736.0,3850,84268,105214680.0,2737.0,13,2736.0,1
rb1805,20170614,20170613,211217500,2736.0,3850,84268,105214680.0,2737.0,13,2736.0,1
rb1805,20170614,20170613,211218000,2736.0,3852,84270,105269400.0,2736.0,8,2735.0,14
rb1805,20170614,20170613,211218500,2735.0,3854,84270,105324100.0,2736.0,4,2735.0,13
rb1805,20170614,20170613,211219000,2735.0,3858,84272,105433500.0,2736.0,4,2735.0,11
rb1805,20170614,20170613,211219500,2735.0,3880,84272,106035200.0,2735.0,5,2734.0,3
rb1805,20170614,20170613,211220000,2735.0,3890,84264,106308700.0,2736.0,4,2735.0,1
rb1805,20170614,20170613,211221000,2735.0,3890,84264,106308700.0,2736.0,4,2735.0,1
rb1805,20170614,20170613,211221500,2735.0,3892,84264,106363400.0,2735.0,1,2734.0,3
rb1805,20170614,20170613,211222500,2735.0,3894,84266,106418100.0,2736.0,4,2735.0,3
rb1805,20170614,20170613,211223000,2735.0,3894,84266,106418100.0,2736.0,4,2735.0,4
rb1805,20170614,20170613,211228000,2735.0,3894,84266,106418100.0,2736.0,4,2735.0,4
rb1805,20170614,20170613,211229000,2735.0,3902,84272,106636900.0,2736.0,3,2734.0,3
rb1805,20170614,20170613,211229500,2735.0,3902,84272,106636900.0,2736.0,8,2734.0,3
rb1805,20170614,20170613,211230000,2735.0,3902,84272,106636900.0,2735.0,1,2734.0,3
rb1805,20170614,20170613,211231000,2735.0,3902,84272,106636900.0,2735.0,1,2734.0,3
rb1805,20170614,20170613,211232000,2735.0,3904,84274,106691600.0,2736.0,8,2734.0,3
rb1805,20170614,20170613,211232500,2735.0,3904,84274,106691600.0,2736.0,8,2734.0,3
rb1805,20170614,20170613,211233000,2735.0,3904,84274,106691600.0,2736.0,8,2735.0,1
rb1805,20170614,20170613,211234500,2735.0,3904,84274,106691600.0,2736.0,8,2735.0,1
rb1805,20170614,20170613,211235500,2735.0,3906,84274,106746300.0,2735.0,5,2734.0,4
rb1805,20170614,20170613,211236000,2735.0,3908,84274,106801000.0,2735.0,5,2734.0,4
rb1805,20170614,20170613,211236500,2735.0,3908,84274,106801000.0,2735.0,4,2734.0,4
rb1805,20170614,20170613,211237000,2735.0,3908,84274,106801000.0,2735.0,4,2734.0,4
rb1805,20170614,20170613,211239000,2735.0,3908,84274,106801000.0,2735.0,4,2734.0,4
rb1805,20170614,20170613,211240000,2735.0,3908,84274,106801000.0,2735.0,4,2734.0,4
rb1805,20170614,20170613,211240500,2735.0,3916,84272,107019800.0,2736.0,8,2735.0,8
rb1805,20170614,20170613,211241000,2735.0,3926,84272,107293300.0,2735.0,16,2734.0,10
rb1805,20170614,20170613,211241500,2735.0,3928,84272,107348000.0,2736.0,3,2734.0,9
rb1805,20170614,20170613,211242000,2735.0,3928,84272,107348000.0,2736.0,3,2734.0,7
rb1805,20170614,20170613,211243500,2735.0,3928,84272,107348000.0,2736.0,3,2734.0,8
rb1805,20170614,20170613,211244000,2735.0,3928,84272,107348000.0,2736.0,3,2734.0,8
rb1805,20170614,20170613,211244500,2736.0,3930,84272,107402720.0,2736.0,2,2734.0,8
rb1805,20170614,20170613,211247000,2736.0,3930,84272,107402720.0,2736.0,2,2734.0,8
rb1805,20170614,20170613,211247500,2736.0,3930,84272,107402720.0,2736.0,3,2734.0,8
rb1805,20170614,20170613,211248000,2736.0,3930,84272,107402720.0,2736.0,4,2734.0,8
rb1805,20170614,20170613,211248500,2736.0,3930,84272,107402720.0,2736.0,4,2734.0,8
rb1805,20170614,20170613,211249000,2736.0,3930,84272,107402720.0,2736.0,9,2734.0,8
rb1805,20170614,20170613,211250500,2736.0,3930,84272,107402720.0,2736.0,9,2734.0,8
rb1805,20170614,20170613,211251000,2736.0,3930,84272,107402720.0,2736.0,9,2734.0,9
rb1805,20170614,20170613,211252000,2734.0,3934,84270,107512080.0,2736.0,9,2734.0,7
rb1805,20170614,20170613,211253000,2734.0,3934,84270,107512080.0,2736.0,7,2734.0,7
rb1805,20170614,20170613,211253500,2734.0,3934,84270,107512080.0,2736.0,16,2734.0,7
rb1805,20170614,20170613,211254500,2734.0,3934,84270,107512080.0,2736.0,16,2734.0,8
rb1805,20170614,20170613,211255000,2734.0,3934,84270,107512080.0,2736.0,19,2734.0,7
rb1805,20170614,20170613,211255500,2734.0,3934,84270,107512080.0,2736.0,16,2734.0,7
rb1805,20170614,20170613,211256000,2734.0,3934,84270,107512080.0,2736.0,16,2734.0,7
rb1805,20170614,20170613,211256500,2734.0,3934,84270,107512080.0,2736.0,19,2734.0,7
rb1805,20170614,20170613,211257000,2734.0,3934,84270,107512080.0,2736.0,16,2734.0,7
rb1805,20170614,20170613,211257500,2734.0,3934,84270,107512080.0,2736.0,16,2734.0,8
rb1805,20170614,20170613,211258000,2734.0,3934,84270,107512080.0,2736.0,16,2734.0,10
rb1805,20170614,20170613,211259500,2734.0,3934,84270,107512080.0,2736.0,16,2734.0,10
rb1805,20170614,20170613,211300500,2734.0,3934,84270,107512080.0,2736.0,16,2734.0,10
rb1805,20170614,20170613,211301500,2734.0,3934,84270,107512080.0,2736.0,16,2734.0,10
rb1805,20170614,20170613,211302000,2734.0,3934,84270,107512080.0,2736.0,16,2734.0,10
rb1805,20170614,20170613,211303500,2734.0,3934,84270,107512080.0,2736.0,16,2734.0,10
rb1805,20170614,20170613,211304500,2734.0,3934,84270,107512080.0,2736.0,19,2734.0,6
rb1805,20170614,20170613,211305000,2734.0,3934,84270,107512080.0,2736.0,19,2734.0,6
rb1805,20170614,20170613,211305500,2734.0,3934,84270,107512080.0,2736.0,19,2734.0,6
rb1805,20170614,20170613,211307500,2734.0,3934,84270,107512080.0,2736.0,19,2734.0,6
rb1805,20170614,20170613,211308000,2734.0,3934,84270,107512080.0,2736.0,19,2734.0,6
rb1805,20170614,20170613,211310000,2734.0,3934,84270,107512080.0,2736.0,19,2734.0,6
rb1805,20170614,20170613,211310500,2734.0,3934,84270,107512080.0,2736.0,19,2734.0,6
rb1805,20170614,20170613,211312000,2734.0,3946,84264,107840160.0,2734.0,144,2733.0,12
rb1805,20170614,20170613,211312500,2734.0,3952,84258,108004200.0,2734.0,141,2733.0,12
rb1805,20170614,20170613,211313500,2734.0,3952,84258,108004200.0,2734.0,141,2733.0,12
rb1805,20170614,20170613,211314000,2734.0,3952,84258,108004200.0,2734.0,141,2733.0,12
rb1805,20170614,20170613,211316500,2734.0,3952,84258,108004200.0,2734.0,141,2733.0,12
rb1805,20170614,20170613,211317500,2734.0,3954,84258,108058880.0,2734.0,140,2733.0,12
rb1805,20170614,20170613,211318500,2733.0,3956,84258,108113540.0,2734.0,140,2733.0,11
rb1805,20170614,20170613,211319000,2733.0,3956,84258,108113540.0,2734.0,140,2733.0,11
rb1805,20170614,20170613,211319500,2733.0,3978,84254,108714800.0,2734.0,140,2732.0,21
rb1805,20170614,20170613,211320000,2733.0,3978,84254,108714800.0,2734.0,140,2733.0,6
rb1805,20170614,20170613,211320500,2733.0,3978,84254,108714800.0,2734.0,140,2733.0,3
rb1805,20170614,20170613,211321000,2733.0,3978,84254,108714800.0,2734.0,140,2733.0,4
rb1805,20170614,20170613,211322000,2733.0,3978,84254,108714800.0,2734.0,140,2733.0,4
rb1805,20170614,20170613,211323500,2733.0,3978,84254,108714800.0,2734.0,140,2733.0,4
rb1805,20170614,20170613,211324500,2733.0,3986,84252,108933440.0,2733.0,6,2732.0,22
rb1805,20170614,20170613,211325000,2733.0,3998,84246,109261400.0,2734.0,140,2732.0,24
rb1805,20170614,20170613,211325500,2733.0,3998,84246,109261400.0,2734.0,140,2732.0,29
rb1805,20170614,20170613,211327000,2734.0,4000,84246,109316080.0,2734.0,139,2733.0,3
rb1805,20170614,20170613,211327500,2734.0,4000,84246,109316080.0,2734.0,139,2732.0,29
rb1805,20170614,20170613,211328500,2734.0,4000,84246,109316080.0,2734.0,139,2732.0,29
rb1805,20170614,20170613,211329000,2734.0,4004,84242,109425440.0,2734.0,137,2732.0,29
rb1805,20170614,20170613,211330000,2734.0,4004,84242,109425440.0,2734.0,137,2732.0,29
rb1805,20170614,20170613,211330500,2734.0,4004,84242,109425440.0,2734.0,142,2732.0,29
rb1805,20170614,20170613,211331000,2734.0,4004,84242,109425440.0,2734.0,142,2732.0,29
rb1805,20170614,20170613,211333000,2732.0,4006,84242,109480080.0,2734.0,142,2732.0,28
rb1805,20170614,20170613,211334000,2732.0,4006,84242,109480080.0,2734.0,142,2732.0,28
rb1805,20170614,20170613,211334500,2732.0,4006,84242,109480080.0,2734.0,142,2732.0,28
rb1805,20170614,20170613,211336500,2732.0,4006,84242,109480080.0,2734.0,142,2732.0,29
rb1805,20170614,20170613,211337000,2732.0,4006,84242,109480080.0,2733.0,1,2732.0,29
rb1805,20170614,20170613,211337500,2733.0,4008,84242,109534740.0,2734.0,142,2733.0,1
rb1805,20170614,20170613,211338000,2733.0,4008,84242,109534740.0,2734.0,142,2732.0,29
rb1805,20170614,20170613,211339000,2733.0,4008,84242,109534740.0,2734.0,142,2732.0,29
rb1805,20170614,20170613,211339500,2733.0,4008,84242,109534740.0,2734.0,142,2732.0,30
rb1805,20170614,20170613,211340000,2733.0,4008,84242,109534740.0,2734.0,142,2732.0,30
rb1805,20170614,20170613,211340500,2733.0,4008,84242,109534740.0,2734.0,142,2733.0,3
rb1805,20170614,20170613,211341000,2733.0,4008,84242,109534740.0,2734.0,142,2733.0,3
rb1805,20170614,20170613,211342000,2733.0,4008,84242,109534740.0,2734.0,142,2733.0,3
rb1805,20170614,20170613,211342500,2733.0,4008,84242,109534740.0,2734.0,142,2733.0,3
rb1805,20170614,20170613,211343000,2733.0,4008,84242,109534740.0,2734.0,142,2733.0,3
rb1805,20170614,20170613,211343500,2733.0,4008,84242,109534740.0,2734.0,142,2733.0,3
rb1805,20170614,20170613,211344000,2733.0,4008,84242,109534740.0,2734.0,142,2733.0,7
rb1805,20170614,20170613,211344500,2733.0,4010,84242,109589400.0,2734.0,142,2733.0,6
rb1805,20170614,20170613,211348000,2733.0,4022,84234,109917360.0,2733.0,44,2732.0,32
rb1805,20170614,20170613,211348500,2733.0,4022,84234,109917360.0,2733.0,44,2732.0,32
rb1805,20170614,20170613,211349000,2733.0,4022,84234,109917360.0,2733.0,46,2732.0,32
rb1805,20170614,20170613,211350000,2733.0,4022,84234,109917360.0,2733.0,46,2732.0,32
rb1805,20170614,20170613,211351000,2733.0,4024,84234,109972020.0,2733.0,45,2732.0,33
rb1805,20170614,20170613,211351500,2733.0,4024,84234,109972020.0,2733.0,45,2732.0,33
rb1805,20170614,20170613,211352000,2733.0,4024,84234,109972020.0,2733.0,45,2732.0,34
rb1805,20170614,20170613,211352500,2733.0,4024,84234,109972020.0,2733.0,45,2732.0,34
rb1805,20170614,20170613,211353500,2733.0,4046,84234,110573080.0,2733.0,44,2732.0,24
rb1805,20170614,20170613,211355500,2733.0,4046,84234,110573080.0,2733.0,44,2732.0,29
rb1805,20170614,20170613,211356000,2733.0,4056,84234,110846380.0,2733.0,39,2732.0,29
rb1805,20170614,20170613,211356500,2732.0,4076,84234,111392780.0,2733.0,39,2732.0,19
rb1805,20170614,20170613,211357000,2732.0,4076,84234,111392780.0,2733.0,39,2732.0,19
rb1805,20170614,20170613,211357500,2733.0,4084,84226,111611420.0,2733.0,35,2732.0,20
rb1805,20170614,20170613,211358000,2733.0,4090,84220,111775400.0,2733.0,32,2732.0,19
rb1805,20170614,20170613,211358500,2733.0,4092,84218,111830060.0,2733.0,31,2732.0,20
rb1805,20170614,20170613,211400500,2733.0,4116,84214,112485980.0,2733.0,19,2732.0,20
rb1805,20170614,20170613,211401500,2733.0,4116,84214,112485980.0,2733.0,19,2732.0,16
rb1805,20170614,20170613,211403000,2733.0,4116,84214,112485980.0,2733.0,19,2732.0,15
rb1805,20170614,20170613,211403500,2733.0,4136,84214,113032580.0,2733.0,9,2732.0,15
rb1805,20170614,20170613,211404000,2733.0,4136,84214,113032580.0,2733.0,9,2732.0,15
rb1805,20170614,20170613,211406000,2733.0,4138,84214,113087240.0,2733.0,8,2732.0,15
rb1805,20170614,20170613,211407500,2733.0,4140,84214,113141900.0,2733.0,7,2732.0,15
rb1805,20170614,20170613,211408000,2733.0,4142,84212,113196560.0,2733.0,6,2732.0,15
rb1805,20170614,20170613,211409500,2733.0,4142,84212,113196560.0,2733.0,6,2732.0,15
rb1805,20170614,20170613,211411000,2733.0,4142,84212,113196560.0,2733.0,6,2732.0,16
rb1805,20170614,20170613,211412000,2733.0,4144,84212,113251220.0,2733.0,5,2732.0,16
rb1805,20170614,20170613,211412500,2733.0,4144,84212,113251220.0,2733.0,5,2732.0,16
rb1805,20170614,20170613,211413500,2733.0,4154,84212,113524520.0,2734.0,142,2732.0,16
rb1805,20170614,20170613,211414000,2733.0,4154,84212,113524520.0,2734.0,142,2733.0,2
rb1805,20170614,20170613,211415500,2733.0,4158,84210,113633840.0,2734.0,142,2732.0,15
rb1805,20170614,20170613,211416000,2733.0,4158,84210,113633840.0,2734.0,142,2733.0,1
rb1805,20170614,20170613,211416500,2733.0,4158,84210,113633840.0,2734.0,142,2733.0,1
rb1805,20170614,20170613,211419000,2733.0,4158,84210,113633840.0,2734.0,142,2733.0,2
rb1805,20170614,20170613,211419500,2733.0,4158,84210,113633840.0,2734.0,137,2733.0,2
rb1805,20170614,20170613,211420000,2733.0,4158,84210,113633840.0,2734.0,137,2733.0,2
rb1805,20170614,20170613,211421000,2733.0,4158,84210,113633840.0,2734.0,137,2733.0,3
rb1805,20170614,20170613,211423000,2733.0,4158,84210,113633840.0,2734.0,137,2733.0,3
rb1805,20170614,20170613,211426000,2733.0,4158,84210,113633840.0,2734.0,137,2733.0,3
rb1805,20170614,20170613,211427500,2734.0,4162,84210,113743200.0,2734.0,135,2733.0,3
rb1805,20170614,20170613,211428500,2734.0,4162,84210,113743200.0,2734.0,135,2733.0,4
rb1805,20170614,20170613,211433000,2734.0,4162,84210,113743200.0,2734.0,135,2733.0,4
rb1805,20170614,20170613,211434500,2734.0,4162,84210,113743200.0,2734.0,135,2733.0,4
rb1805,20170614,20170613,211435500,2734.0,4164,84210,113797880.0,2734.0,134,2733.0,4
rb1805,20170614,20170613,211436500,2734.0,4168,84208,113907240.0,2734.0,132,2733.0,4
rb1805,20170614,20170613,211439000,2734.0,4168,84208,113907240.0,2734.0,132,2733.0,55
rb1805,20170614,20170613,211440500,2734.0,4168,84208,113907240.0,2734.0,132,2733.0,54
rb1805,20170614,20170613,211443500,2734.0,4168,84208,113907240.0,2734.0,132,2733.0,54
rb1805,20170614,20170613,211445000,2734.0,4170,84208,113961920.0,2734.0,131,2733.0,54
rb1805,20170614,20170613,211446000,2733.0,4172,84208,114016580.0,2734.0,136,2733.0,53
rb1805,20170614,20170613,211446500,2733.0,4174,84210,114071240.0,2734.0,136,2733.0,52
rb1805,20170614,20170613,211447000,2733.0,4174,84210,114071240.0,2734.0,136,2733.0,52
rb1805,20170614,20170613,211452500,2733.0,4214,84250,115164440.0,2734.0,136,2733.0,32
rb1805,20170614,20170613,211453500,2733.0,4214,84250,115164440.0,2734.0,136,2733.0,32
rb1805,20170614,20170613,211457000,2733.0,4214,84250,115164440.0,2734.0,136,2733.0,32
rb1805,20170614,20170613,211457500,2733.0,4214,84250,115164440.0,2734.0,136,2733.0,34
rb1805,20170614,20170613,211459000,2733.0,4214,84250,115164440.0,2734.0,136,2733.0,34
rb1805,20170614,20170613,211459500,2733.0,4214,84250,115164440.0,2734.0,136,2733.0,35
rb1805,20170614,20170613,211500500,2733.0,4214,84250,115164440.0,2734.0,131,2733.0,35
rb1805,20170614,20170613,211501500,2733.0,4214,84250,115164440.0,2734.0,136,2733.0,35
rb1805,20170614,20170613,211502500,2733.0,4218,84250,115273760.0,2734.0,136,2733.0,83
rb1805,20170614,20170613,211503000,2733.0,4218,84250,115273760.0,2734.0,136,2733.0,83
rb1805,20170614,20170613,211507000,2733.0,4218,84250,115273760.0,2734.0,136,2733.0,83
rb1805,20170614,20170613,211509500,2733.0,4218,84250,115273760.0,2734.0,136,2733.0,83
rb1805,20170614,20170613,211510000,2733.0,4218,84250,115273760.0,2734.0,136,2733.0,83
rb1805,20170614,20170613,211510500,2733.0,4218,84250,115273760.0,2734.0,136,2733.0,83
rb1805,20170614,20170613,211511000,2733.0,4218,84250,115273760.0,2734.0,131,2733.0,83
rb1805,20170614,20170613,211512500,2734.0,4220,84250,115328440.0,2734.0,130,2733.0,83
rb1805,20170614,20170613,211513000,2734.0,4220,84250,115328440.0,2734.0,130,2733.0,87
rb1805,20170614,20170613,211513500,2734.0,4220,84250,115328440.0,2734.0,130,2733.0,92
rb1805,20170614,20170613,211515000,2733.0,4406,84432,120411820.0,2733.0,107,2732.0,17
rb1805,20170614,20170613,211515500,2733.0,4620,84458,126260440.0,2734.0,130,2733.0,8
rb1805,20170614,20170613,211516000,2733.0,4620,84458,126260440.0,2734.0,130,2733.0,7
rb1805,20170614,20170613,211516500,2733.0,4620,84458,126260440.0,2734.0,130,2733.0,7
rb1805,20170614,20170613,211517500,2733.0,4620,84458,126260440.0,2734.0,130,2733.0,6
rb1805,20170614,20170613,211518500,2733.0,4620,84458,126260440.0,2734.0,130,2733.0,6
rb1805,20170614,20170613,211519000,2733.0,4620,84458,126260440.0,2734.0,130,2733.0,6
rb1805,20170614,20170613,211521500,2733.0,4620,84458,126260440.0,2734.0,130,2733.0,10
rb1805,20170614,20170613,211522000,2733.0,4620,84458,126260440.0,2734.0,130,2733.0,10
rb1805,20170614,20170613,211522500,2733.0,4620,84458,126260440.0,2734.0,130,2733.0,11
rb1805,20170614,20170613,211523500,2733.0,4620,84458,126260440.0,2734.0,130,2733.0,11
rb1805,20170614,20170613,211526000,2733.0,4620,84458,126260440.0,2734.0,130,2733.0,11
rb1805,20170614,20170613,211527000,2733.0,4620,84458,126260440.0,2734.0,130,2733.0,11
rb1805,20170614,20170613,211528000,2733.0,4620,84458,126260440.0,2734.0,130,2733.0,11
rb1805,20170614,20170613,211529000,2733.0,4620,84458,126260440.0,2734.0,135,2733.0,11
rb1805,20170614,20170613,211530500,2733.0,4620,84458,126260440.0,2734.0,135,2733.0,11
rb1805,20170614,20170613,211533500,2733.0,4624,84458,126369760.0,2734.0,135,2733.0,9
rb1805,20170614,20170613,211536000,2733.0,4624,84458,126369760.0,2734.0,130,2733.0,9
rb1805,20170614,20170613,211537000,2733.0,4624,84458,126369760.0,2734.0,130,2733.0,9
rb1805,20170614,20170613,211538500,2733.0,4624,84458,126369760.0,2734.0,130,2733.0,9
rb1805,20170614,20170613,211540000,2733.0,4624,84458,126369760.0,2734.0,130,2733.0,9
rb1805,20170614,20170613,211541500,2734.0,4628,84458,126479120.0,2734.0,128,2733.0,9
rb1805,20170614,20170613,211542500,2734.0,4636,84458,126697840.0,2734.0,124,2733.0,5
rb1805,20170614,20170613,211543000,2734.0,4636,84458,126697840.0,2734.0,124,2733.0,5
rb1805,20170614,20170613,211543500,2734.0,4636,84458,126697840.0,2734.0,124,2733.0,5
rb1805,20170614,20170613,211546000,2734.0,4636,84458,126697840.0,2734.0,124,2733.0,5
rb1805,20170614,20170613,211547000,2734.0,4636,84458,126697840.0,2734.0,124,2733.0,6
rb1805,20170614,20170613,211547500,2734.0,4636,84458,126697840.0,2734.0,124,2733.0,6
rb1805,20170614,20170613,211548500,2733.0,4644,84450,126916480.0,2734.0,124,2733.0,2
rb1805,20170614,20170613,211550000,2734.0,4646,84450,126971160.0,2734.0,123,2733.0,2
rb1805,20170614,20170613,211550500,2734.0,4646,84450,126971160.0,2734.0,123,2733.0,2
rb1805,20170614,20170613,211551500,2733.0,4650,84450,127080480.0,2733.0,18,2732.0,16
rb1805,20170614,20170613,211553500,2733.0,4650,84450,127080480.0,2733.0,18,2732.0,16
rb1805,20170614,20170613,211557500,2733.0,4652,84450,127135140.0,2733.0,17,2732.0,16
rb1805,20170614,20170613,211558000,2733.0,4652,84450,127135140.0,2733.0,17,2732.0,16
rb1805,20170614,20170613,211559000,2733.0,4652,84450,127135140.0,2733.0,17,2732.0,16
rb1805,20170614,20170613,211600000,2733.0,4652,84450,127135140.0,2733.0,17,2732.0,15
rb1805,20170614,20170613,211604000,2733.0,4654,84450,127189800.0,2733.0,16,2732.0,15
rb1805,20170614,20170613,211606500,2733.0,4672,84434,127681740.0,2733.0,7,2732.0,15
rb1805,20170614,20170613,211608500,2733.0,4678,84428,127845720.0,2733.0,4,2732.0,15
rb1805,20170614,20170613,211610000,2733.0,4686,84424,128064360.0,2734.0,123,2732.0,15
rb1805,20170614,20170613,211612500,2733.0,4686,84424,128064360.0,2734.0,123,2732.0,15
rb1805,20170614,20170613,211613000,2734.0,4688,84422,128119040.0,2734.0,122,2732.0,15
rb1805,20170614,20170613,211613500,2734.0,4688,84422,128119040.0,2734.0,122,2732.0,15
rb1805,20170614,20170613,211614000,2734.0,4688,84422,128119040.0,2734.0,122,2733.0,2
rb1805,20170614,20170613,211619500,2734.0,4688,84422,128119040.0,2734.0,122,2733.0,2
rb1805,20170614,20170613,211620500,2734.0,4688,84422,128119040.0,2734.0,122,2733.0,2
rb1805,20170614,20170613,211622000,2734.0,4688,84422,128119040.0,2734.0,122,2733.0,4
rb1805,20170614,20170613,211624500,2734.0,4688,84422,128119040.0,2734.0,122,2733.0,4
rb1805,20170614,20170613,211626000,2734.0,4688,84422,128119040.0,2734.0,122,2733.0,4
rb1805,20170614,20170613,211627000,2733.0,4696,84422,128337680.0,2733.0,16,2732.0,13
rb1805,20170614,20170613,211627500,2733.0,4712,84426,128774960.0,2733.0,8,2732.0,18
rb1805,20170614,20170613,211629000,2733.0,4714,84426,128829620.0,2733.0,7,2732.0,18
rb1805,20170614,20170613,211631000,2733.0,4718,84430,128938940.0,2733.0,5,2732.0,18
rb1805,20170614,20170613,211632000,2733.0,4722,84434,129048260.0,2733.0,3,2732.0,18
rb1805,20170614,20170613,211634000,2733.0,4728,84440,129212240.0,2734.0,122,2732.0,18
rb1805,20170614,20170613,211635500,2733.0,4728,84440,129212240.0,2734.0,122,2733.0,2
rb1805,20170614,20170613,211636000,2733.0,4728,84440,129212240.0,2734.0,122,2733.0,2
rb1805,20170614,20170613,211637500,2733.0,4728,84440,129212240.0,2734.0,122,2733.0,2
rb1805,20170614,20170613,211638000,2733.0,4728,84440,129212240.0,2734.0,122,2733.0,2
rb1805,20170614,20170613,211639500,2733.0,4728,84440,129212240.0,2734.0,122,2733.0,4
rb1805,20170614,20170613,211640000,2733.0,4728,84440,129212240.0,2734.0,122,2733.0,4
rb1805,20170614,20170613,211643000,2733.0,4728,84440,129212240.0,2734.0,122,2733.0,4
rb1805,20170614,20170613,211649000,2734.0,4730,84438,129266920.0,2734.0,121,2733.0,4
rb1805,20170614,20170613,211649500,2734.0,4730,84438,129266920.0,2734.0,121,2733.0,9
rb1805,20170614,20170613,211651500,2734.0,4730,84438,129266920.0,2734.0,121,2733.0,11
rb1805,20170614,20170613,211652500,2734.0,4734,84438,129376280.0,2734.0,119,2733.0,12
rb1805,20170614,20170613,211653500,2734.0,4734,84438,129376280.0,2734.0,119,2733.0,13
rb1805,20170614,20170613,211654000,2734.0,4734,84438,129376280.0,2734.0,119,2733.0,14
rb1805,20170614,20170613,211654500,2734.0,4780,84394,130633920.0,2734.0,96,2733.0,11
rb1805,20170614,20170613,211655000,2734.0,4780,84394,130633920.0,2734.0,96,2733.0,9
rb1805,20170614,20170613,211656000,2734.0,4890,84284,133641320.0,2734.0,41,2733.0,11
rb1805,20170614,20170613,211656500,2734.0,4892,84282,133696000.0,2734.0,40,2733.0,9
rb1805,20170614,20170613,211657000,2734.0,4900,84274,133914720.0,2734.0,36,2733.0,11
rb1805,20170614,20170613,211657500,2734.0,4900,84274,133914720.0,2734.0,36,2733.0,11
rb1805,20170614,20170613,211658500,2734.0,4912,84270,134242720.0,2734.0,34,2733.0,10
rb1805,20170614,20170613,211659000,2734.0,4912,84270,134242720.0,2734.0,34,2733.0,8
rb1805,20170614,20170613,211659500,2734.0,4912,84270,134242720.0,2734.0,34,2733.0,7
rb1805,20170614,20170613,211701000,2734.0,4912,84270,134242720.0,2734.0,34,2733.0,16
rb1805,20170614,20170613,211701500,2734.0,4912,84270,134242720.0,2734.0,34,2733.0,17
rb1805,20170614,20170613,211702500,2734.0,4914,84268,134297400.0,2734.0,33,2733.0,18
rb1805,20170614,20170613,211703000,2734.0,4918,84268,134406760.0,2734.0,31,2733.0,18
rb1805,20170614,20170613,211704500,2734.0,4922,84268,134516120.0,2734.0,29,2733.0,18
rb1805,20170614,20170613,211706500,2734.0,4928,84266,134680160.0,2734.0,26,2733.0,18
rb1805,20170614,20170613,211707500,2734.0,4934,84266,134844200.0,2734.0,23,2733.0,18
rb1805,20170614,20170613,211708500,2734.0,4976,84224,135992480.0,2734.0,2,2733.0,20
rb1805,20170614,20170613,211709000,2734.0,4980,84224,136101840.0,2736.0,5,2733.0,18
rb1805,20170614,20170613,211709500,2734.0,4980,84224,136101840.0,2736.0,5,2735.0,2
rb1805,20170614,20170613,211710000,2735.0,4984,84226,136211240.0,2737.0,6,2734.0,3
rb1805,20170614,20170613,211711500,2735.0,4984,84226,136211240.0,2737.0,6,2734.0,4
rb1805,20170614,20170613,211712000,2735.0,4984,84226,136211240.0,2736.0,2,2734.0,4
rb1805,20170614,20170613,211712500,2735.0,4984,84226,136211240.0,2736.0,2,2734.0,4
rb1805,20170614,20170613,211713000,2735.0,4984,84226,136211240.0,2736.0,2,2734.0,4
rb1805,20170614,20170613,211713500,2736.0,4986,84226,136265960.0,2736.0,1,2734.0,4
rb1805,20170614,20170613,211715000,2736.0,4988,84224,136320680.0,2737.0,6,2736.0,1
rb1805,20170614,20170613,211715500,2736.0,4990,84222,136375400.0,2736.0,4,2734.0,4
rb1805,20170614,20170613,211716000,2736.0,4990,84222,136375400.0,2737.0,1,2736.0,2
rb1805,20170614,20170613,211716500,2736.0,4994,84222,136484840.0,2737.0,1,2734.0,4
rb1805,20170614,20170613,211717000,2736.0,4994,84222,136484840.0,2737.0,1,2735.0,2
rb1805,20170614,20170613,211717500,2736.0,4994,84222,136484840.0,2737.0,1,2735.0,2
rb1805,20170614,20170613,211718000,2736.0,4994,84222,136484840.0,2737.0,2,2735.0,2
rb1805,20170614,20170613,211718500,2737.0,4998,84222,136594320.0,2738.0,9,2737.0,3
rb1805,20170614,20170613,211719000,2737.0,5004,84228,136758540.0,2737.0,16,2735.0,3
rb1805,20170614,20170613,211719500,2737.0,5004,84228,136758540.0,2737.0,6,2735.0,3
rb1805,20170614,20170613,211722500,2737.0,5004,84228,136758540.0,2737.0,4,2735.0,4
rb1805,20170614,20170613,211723000,2737.0,5004,84228,136758540.0,2737.0,4,2736.0,1
rb1805,20170614,20170613,211725000,2737.0,5004,84228,136758540.0,2737.0,4,2736.0,1
rb1805,20170614,20170613,211726000,2737.0,5004,84228,136758540.0,2737.0,4,2736.0,1
rb1805,20170614,20170613,211726500,2737.0,5006,84228,136813280.0,2737.0,3,2736.0,1
rb1805,20170614,20170613,211727000,2737.0,5006,84228,136813280.0,2737.0,3,2736.0,1
rb1805,20170614,20170613,211727500,2737.0,5006,84228,136813280.0,2737.0,1,2736.0,1
rb1805,20170614,20170613,211728000,2737.0,5006,84228,136813280.0,2737.0,1,2736.0,1
rb1805,20170614,20170613,211730000,2737.0,5006,84228,136813280.0,2737.0,1,2736.0,1
rb1805,20170614,20170613,211731500,2737.0,5006,84228,136813280.0,2737.0,1,2736.0,1
rb1805,20170614,20170613,211733500,2737.0,5006,84228,136813280.0,2737.0,1,2736.0,2
rb1805,20170614,20170613,211734000,2737.0,5008,84228,136868020.0,2738.0,9,2736.0,2
rb1805,20170614,20170613,211734500,2737.0,5008,84228,136868020.0,2738.0,9,2736.0,2
rb1805,20170614,20170613,211736500,2737.0,5008,84228,136868020.0,2738.0,9,2736.0,2
rb1805,20170614,20170613,211738000,2737.0,5008,84228,136868020.0,2738.0,9,2736.0,2
rb1805,20170614,20170613,211738500,2737.0,5008,84228,136868020.0,2738.0,9,2736.0,2
rb1805,20170614,20170613,211739000,2737.0,5008,84228,136868020.0,2738.0,9,2736.0,2
rb1805,20170614,20170613,211740500,2737.0,5008,84228,136868020.0,2738.0,9,2736.0,2
rb1805,20170614,20170613,211741000,2737.0,5008,84228,136868020.0,2738.0,9,2736.0,2
rb1805,20170614,20170613,211742500,2737.0,5008,84228,136868020.0,2738.0,9,2736.0,2
rb1805,20170614,20170613,211743500,2737.0,5008,84228,136868020.0,2738.0,9,2736.0,2
rb1805,20170614,20170613,211744000,2737.0,5008,84228,136868020.0,2738.0,9,2736.0,2
rb1805,20170614,20170613,211744500,2737.0,5008,84228,136868020.0,2737.0,1,2736.0,2
rb1805,20170614,20170613,211745000,2737.0,5008,84228,136868020.0,2737.0,1,2736.0,2
rb1805,20170614,20170613,211747000,2736.0,5012,84230,136977460.0,2736.0,18,2735.0,6
rb1805,20170614,20170613,211749000,2736.0,5012,84230,136977460.0,2736.0,18,2735.0,6
rb1805,20170614,20170613,211749500,2736.0,5016,84234,137086900.0,2736.0,16,2735.0,6
rb1805,20170614,20170613,211750000,2736.0,5016,84234,137086900.0,2736.0,16,2735.0,6
rb1805,20170614,20170613,211751500,2736.0,5018,84236,137141620.0,2736.0,15,2735.0,6
rb1805,20170614,20170613,211753500,2736.0,5020,84238,137196340.0,2736.0,14,2735.0,6
rb1805,20170614,20170613,211756500,2736.0,5022,84240,137251060.0,2736.0,13,2735.0,6
rb1805,20170614,20170613,211757000,2736.0,5022,84240,137251060.0,2736.0,13,2735.0,6
rb1805,20170614,20170613,211757500,2736.0,5022,84240,137251060.0,2736.0,13,2735.0,6
rb1805,20170614,20170613,211758500,2736.0,5024,84242,137305780.0,2736.0,12,2735.0,6
rb1805,20170614,20170613,211759000,2736.0,5044,84262,137852980.0,2736.0,2,2735.0,6
rb1805,20170614,20170613,211801000,2736.0,5048,84266,137962420.0,2737.0,1,2735.0,6
rb1805,20170614,20170613,211804500,2737.0,5050,84266,138017160.0,2738.0,8,2735.0,6
rb1805,20170614,20170613,211805000,2737.0,5050,84266,138017160.0,2738.0,13,2735.0,6
rb1805,20170614,20170613,211806500,2737.0,5050,84266,138017160.0,2738.0,13,2735.0,6
rb1805,20170614,20170613,211807000,2737.0,5050,84266,138017160.0,2738.0,13,2735.0,7
rb1805,20170614,20170613,211807500,2737.0,5050,84266,138017160.0,2738.0,13,2736.0,1
rb1805,20170614,20170613,211808000,2737.0,5050,84266,138017160.0,2738.0,13,2736.0,2
rb1805,20170614,20170613,211809000,2737.0,5050,84266,138017160.0,2738.0,13,2736.0,2
rb1805,20170614,20170613,211809500,2737.0,5050,84266,138017160.0,2738.0,13,2736.0,3
rb1805,20170614,20170613,211810000,2737.0,5050,84266,138017160.0,2738.0,13,2736.0,3
rb1805,20170614,20170613,211811000,2737.0,5050,84266,138017160.0,2738.0,13,2736.0,3
rb1805,20170614,20170613,211811500,2738.0,5054,84268,138126680.0,2738.0,11,2736.0,3
rb1805,20170614,20170613,211812000,2738.0,5054,84268,138126680.0,2738.0,11,2736.0,3
rb1805,20170614,20170613,211812500,2738.0,5054,84268,138126680.0,2737.0,1,2736.0,3
rb1805,20170614,20170613,211814000,2738.0,5054,84268,138126680.0,2737.0,1,2736.0,3
rb1805,20170614,20170613,211814500,2738.0,5058,84268,138236200.0,2738.0,5,2736.0,3
rb1805,20170614,20170613,211815500,2738.0,5058,84268,138236200.0,2738.0,6,2736.0,3
rb1805,20170614,20170613,211816000,2738.0,5058,84268,138236200.0,2738.0,6,2736.0,3
rb1805,20170614,20170613,211817500,2738.0,5058,84268,138236200.0,2738.0,11,2737.0,1
rb1805,20170614,20170613,211818000,2737.0,5060,84268,138290940.0,2737.0,2,2736.0,3
rb1805,20170614,20170613,211818500,2737.0,5060,84268,138290940.0,2738.0,12,2736.0,3
rb1805,20170614,20170613,211819000,2738.0,5064,84270,138400460.0,2738.0,9,2736.0,3
rb1805,20170614,20170613,211819500,2738.0,5064,84270,138400460.0,2738.0,9,2736.0,4
rb1805,20170614,20170613,211820500,2738.0,5064,84270,138400460.0,2738.0,9,2736.0,4
rb1805,20170614,20170613,211823000,2738.0,5064,84270,138400460.0,2738.0,9,2736.0,4
rb1805,20170614,20170613,211824000,2738.0,5066,84268,138455220.0,2738.0,8,2736.0,4
rb1805,20170614,20170613,211824500,2736.0,5070,84268,138564660.0,2737.0,2,2736.0,2
rb1805,20170614,20170613,211825000,2736.0,5070,84268,138564660.0,2737.0,3,2736.0,2
rb1805,20170614,20170613,211826500,2736.0,5070,84268,138564660.0,2737.0,3,2736.0,3
rb1805,20170614,20170613,211827000,2736.0,5070,84268,138564660.0,2737.0,3,2736.0,2
rb1805,20170614,20170613,211827500,2736.0,5070,84268,138564660.0,2738.0,9,2736.0,2
rb1805,20170614,20170613,211828000,2736.0,5070,84268,138564660.0,2738.0,8,2736.0,2
rb1805,20170614,20170613,211828500,2736.0,5070,84268,138564660.0,2738.0,3,2736.0,2
rb1805,20170614,20170613,211829000,2736.0,5070,84268,138564660.0,2738.0,3,2736.0,2
rb1805,20170614,20170613,211829500,2736.0,5070,84268,138564660.0,2738.0,3,2736.0,2
rb1805,20170614,20170613,211830000,2736.0,5070,84268,138564660.0,2738.0,3,2737.0,1
rb1805,20170614,20170613,211830500,2736.0,5070,84268,138564660.0,2738.0,3,2737.0,1
rb1805,20170614,20170613,211833000,2736.0,5070,84268,138564660.0,2738.0,3,2737.0,1
rb1805,20170614,20170613,211834000,2736.0,5070,84268,138564660.0,2738.0,3,2737.0,1
rb1805,20170614,20170613,211834500,2736.0,5070,84268,138564660.0,2738.0,3,2737.0,1
rb1805,20170614,20170613,211838000,2736.0,5070,84268,138564660.0,2738.0,3,2737.0,1
rb1805,20170614,20170613,211838500,2736.0,5070,84268,138564660.0,2738.0,3,2737.0,1
rb1805,20170614,20170613,211839000,2736.0,5070,84268,138564660.0,2738.0,3,2737.0,1
rb1805,20170614,20170613,211839500,2736.0,5070,84268,138564660.0,2738.0,3,2737.0,1
rb1805,20170614,20170613,211840000,2736.0,5070,84268,138564660.0,2738.0,3,2737.0,1
rb1805,20170614,20170613,211840500,2736.0,5070,84268,138564660.0,2738.0,3,2737.0,1
rb1805,20170614,20170613,211841000,2737.0,5072,84266,138619400.0,2737.0,2,2736.0,5
rb1805,20170614,20170613,211841500,2737.0,5072,84266,138619400.0,2738.0,10,2736.0,5
rb1805,20170614,20170613,211842000,2737.0,5072,84266,138619400.0,2737.0,5,2736.0,5
rb1805,20170614,20170613,211842500,2737.0,5072,84266,138619400.0,2737.0,7,2736.0,5
rb1805,20170614,20170613,211843000,2737.0,5072,84266,138619400.0,2737.0,7,2736.0,5
rb1805,20170614,20170613,211844000,2737.0,5072,84266,138619400.0,2738.0,10,2736.0,5
rb1805,20170614,20170613,211844500,2737.0,5072,84266,138619400.0,2738.0,9,2736.0,5
rb1805,20170614,20170613,211845000,2737.0,5072,84266,138619400.0,2737.0,2,2736.0,5
rb1805,20170614,20170613,211845500,2737.0,5072,84266,138619400.0,2737.0,2,2736.0,5
rb1805,20170614,20170613,211846500,2737.0,5072,84266,138619400.0,2737.0,2,2736.0,5
rb1805,20170614,20170613,211848000,2737.0,5072,84266,138619400.0,2737.0,2,2736.0,5
rb1805,20170614,20170613,211848500,2737.0,5072,84266,138619400.0,2737.0,2,2736.0,5
rb1805,20170614,20170613,211850000,2737.0,5076,84266,138728880.0,2738.0,9,2737.0,1
rb1805,20170614,20170613,211850500,2737.0,5078,84266,138783620.0,2737.0,6,2736.0,5
rb1805,20170614,20170613,211851000,2737.0,5078,84266,138783620.0,2737.0,2,2736.0,5
rb1805,20170614,20170613,211855000,2737.0,5078,84266,138783620.0,2737.0,2,2736.0,5
rb1805,20170614,20170613,211858000,2737.0,5080,84266,138838360.0,2737.0,1,2736.0,5
rb1805,20170614,20170613,211858500,2737.0,5080,84266,138838360.0,2737.0,1,2736.0,5
rb1805,20170614,20170613,211900000,2737.0,5082,84266,138893100.0,2738.0,12,2736.0,5
rb1805,20170614,20170613,211901000,2737.0,5082,84266,138893100.0,2737.0,3,2736.0,5
rb1805,20170614,20170613,211902000,2737.0,5082,84266,138893100.0,2737.0,3,2736.0,5
rb1805,20170614,20170613,211902500,2737.0,5082,84266,138893100.0,2738.0,12,2736.0,5
rb1805,20170614,20170613,211903000,2737.0,5082,84266,138893100.0,2738.0,12,2736.0,5
rb1805,20170614,20170613,211909500,2737.0,5082,84266,138893100.0,2738.0,12,2736.0,5
rb1805,20170614,20170613,211911000,2737.0,5082,84266,138893100.0,2738.0,12,2737.0,3
rb1805,20170614,20170613,211911500,2737.0,5082,84266,138893100.0,2738.0,7,2737.0,3
rb1805,20170614,20170613,211912500,2737.0,5086,84266,139002580.0,2738.0,7,2737.0,1
