instrument,tradingday,calendarday,time,lastp,volume,openinterest,turnover,ask1,asksz1,bid1,bidsz1
rb1805,20170714,20170713,183319500,3309.0,0,86522,0.0,0.0,0,0.0,0
rb1805,20170714,20170713,205900500,3315.0,24,86514,795600.0,3316.0,20,3309.0,1
rb1805,20170714,20170713,210000500,3315.0,26,86512,861900.0,3315.0,2,3314.0,1
rb1805,20170714,20170713,210001000,3316.0,46,86514,1524940.0,3316.0,15,3315.0,1
rb1805,20170714,20170713,210001500,3314.0,50,86512,1657520.0,3312.0,2,3310.0,5
rb1805,20170714,20170713,210002000,3314.0,50,86512,1657520.0,3312.0,2,3310.0,5
rb1805,20170714,20170713,210002500,3314.0,50,86512,1657520.0,3316.0,15,3310.0,5
rb1805,20170714,20170713,210003000,3313.0,58,86516,1922500.0,3313.0,1,3311.0,5
rb1805,20170714,20170713,210003500,3314.0,60,86516,1988780.0,3314.0,1,3311.0,5
rb1805,20170714,20170713,210004000,3314.0,60,86516,1988780.0,3313.0,2,3311.0,5
rb1805,20170714,20170713,210004500,3314.0,60,86516,1988780.0,3314.0,2,3311.0,5
rb1805,20170714,20170713,210005000,3314.0,60,86516,1988780.0,3314.0,2,3311.0,5
rb1805,20170714,20170713,210005500,3310.0,80,86516,2650880.0,3316.0,15,3310.0,2
rb1805,20170714,20170713,210006000,3310.0,80,86516,2650880.0,3315.0,2,3311.0,1
rb1805,20170714,20170713,210006500,3310.0,80,86516,2650880.0,3316.0,15,3311.0,1
rb1805,20170714,20170713,210007500,3309.0,176,86512,5827580.0,3315.0,1,3309.0,42
rb1805,20170714,20170713,210008000,3309.0,176,86512,5827580.0,3315.0,3,3309.0,42
rb1805,20170714,20170713,210009500,3309.0,176,86512,5827580.0,3315.0,3,3309.0,42
rb1805,20170714,20170713,210010000,3309.0,176,86512,5827580.0,3315.0,6,3309.0,42
rb1805,20170714,20170713,210010500,3309.0,176,86512,5827580.0,3315.0,1,3309.0,42
rb1805,20170714,20170713,210011000,3309.0,176,86512,5827580.0,3315.0,1,3310.0,2
rb1805,20170714,20170713,210011500,3309.0,176,86512,5827580.0,3315.0,1,3310.0,2
rb1805,20170714,20170713,210012000,3309.0,176,86512,5827580.0,3315.0,2,3310.0,2
rb1805,20170714,20170713,210012500,3309.0,176,86512,5827580.0,3315.0,2,3310.0,2
rb1805,20170714,20170713,210013500,3309.0,176,86512,5827580.0,3315.0,2,3310.0,22
rb1805,20170714,20170713,210014000,3309.0,196,86496,6489380.0,3315.0,2,3310.0,12
rb1805,20170714,20170713,210014500,3309.0,196,86496,6489380.0,3314.0,2,3311.0,5
rb1805,20170714,20170713,210015000,3309.0,196,86496,6489380.0,3313.0,1,3311.0,5
rb1805,20170714,20170713,210015500,3311.0,198,86496,6555600.0,3313.0,1,3311.0,4
rb1805,20170714,20170713,210016000,3311.0,198,86496,6555600.0,3313.0,1,3311.0,4
rb1805,20170714,20170713,210016500,3311.0,198,86496,6555600.0,3313.0,1,3312.0,3
rb1805,20170714,20170713,210017000,3311.0,198,86496,6555600.0,3313.0,1,3312.0,3
rb1805,20170714,20170713,210017500,3311.0,198,86496,6555600.0,3313.0,1,3312.0,23
rb1805,20170714,20170713,210018000,3311.0,198,86496,6555600.0,3313.0,1,3312.0,23
rb1805,20170714,20170713,210018500,3311.0,198,86496,6555600.0,3313.0,1,3312.0,23
rb1805,20170714,20170713,210019000,3311.0,208,86496,6886700.0,3313.0,3,3312.0,18
rb1805,20170714,20170713,210022500,3312.0,212,86498,7019180.0,3313.0,3,3312.0,16
rb1805,20170714,20170713,210023000,3312.0,212,86498,7019180.0,3313.0,3,3312.0,16
rb1805,20170714,20170713,210023500,3313.0,216,86494,7151700.0,3313.0,1,3312.0,16
rb1805,20170714,20170713,210024000,3313.0,218,86494,7217960.0,3314.0,6,3313.0,2
rb1805,20170714,20170713,210025000,3313.0,218,86494,7217960.0,3314.0,6,3313.0,2
rb1805,20170714,20170713,210026000,3313.0,218,86494,7217960.0,3314.0,6,3313.0,2
rb1805,20170714,20170713,210026500,3314.0,224,86500,7416800.0,3314.0,3,3313.0,2
rb1805,20170714,20170713,210027000,3314.0,226,86502,7483080.0,3314.0,2,3313.0,2
rb1805,20170714,20170713,210028000,3314.0,226,86502,7483080.0,3314.0,2,3313.0,2
rb1805,20170714,20170713,210029000,3314.0,230,86504,7615640.0,3315.0,6,3314.0,9
rb1805,20170714,20170713,210029500,3314.0,230,86504,7615640.0,3315.0,6,3314.0,14
rb1805,20170714,20170713,210031000,3314.0,232,86502,7681920.0,3315.0,6,3314.0,13
rb1805,20170714,20170713,210032000,3314.0,232,86502,7681920.0,3315.0,6,3314.0,16
rb1805,20170714,20170713,210032500,3312.0,282,86528,9338600.0,3315.0,6,3313.0,2
rb1805,20170714,20170713,210033500,3315.0,294,86536,9736400.0,3316.0,16,3315.0,8
rb1805,20170714,20170713,210034000,3315.0,310,86552,10266800.0,3315.0,9,3313.0,2
rb1805,20170714,20170713,210034500,3315.0,310,86552,10266800.0,3316.0,19,3313.0,2
rb1805,20170714,20170713,210035000,3315.0,310,86552,10266800.0,3315.0,5,3314.0,3
rb1805,20170714,20170713,210035500,3314.0,316,86556,10465640.0,3314.0,4,3313.0,2
rb1805,20170714,20170713,210036000,3314.0,316,86556,10465640.0,3314.0,1,3313.0,2
rb1805,20170714,20170713,210037000,3314.0,316,86556,10465640.0,3314.0,3,3313.0,2
rb1805,20170714,20170713,210038000,3313.0,320,86552,10598160.0,3313.0,1,3312.0,9
rb1805,20170714,20170713,210038500,3313.0,322,86550,10664420.0,3314.0,2,3313.0,2
rb1805,20170714,20170713,210039000,3313.0,322,86550,10664420.0,3314.0,5,3312.0,9
rb1805,20170714,20170713,210039500,3313.0,322,86550,10664420.0,3313.0,1,3312.0,9
rb1805,20170714,20170713,210040000,3313.0,322,86550,10664420.0,3313.0,3,3312.0,9
rb1805,20170714,20170713,210040500,3312.0,324,86552,10730660.0,3313.0,4,3312.0,8
rb1805,20170714,20170713,210041000,3312.0,324,86552,10730660.0,3313.0,5,3312.0,8
rb1805,20170714,20170713,210041500,3312.0,324,86552,10730660.0,3313.0,6,3312.0,8
rb1805,20170714,20170713,210042000,3312.0,324,86552,10730660.0,3313.0,4,3312.0,8
rb1805,20170714,20170713,210042500,3312.0,324,86552,10730660.0,3313.0,3,3312.0,8
rb1805,20170714,20170713,210043000,3313.0,332,86554,10995700.0,3314.0,2,3313.0,3
rb1805,20170714,20170713,210043500,3313.0,332,86554,10995700.0,3314.0,4,3312.0,8
rb1805,20170714,20170713,210044500,3313.0,332,86554,10995700.0,3314.0,4,3312.0,8
rb1805,20170714,20170713,210045000,3313.0,332,86554,10995700.0,3314.0,2,3312.0,8
rb1805,20170714,20170713,210045500,3313.0,332,86554,10995700.0,3314.0,41,3312.0,8
rb1805,20170714,20170713,210046000,3313.0,332,86554,10995700.0,3314.0,41,3312.0,8
rb1805,20170714,20170713,210046500,3312.0,334,86556,11061940.0,3314.0,42,3312.0,8
rb1805,20170714,20170713,210048000,3314.0,336,86556,11128220.0,3314.0,41,3312.0,7
rb1805,20170714,20170713,210048500,3314.0,336,86556,11128220.0,3314.0,41,3312.0,10
rb1805,20170714,20170713,210049000,3314.0,336,86556,11128220.0,3313.0,20,3312.0,10
rb1805,20170714,20170713,210049500,3314.0,336,86556,11128220.0,3313.0,20,3312.0,10
rb1805,20170714,20170713,210050000,3313.0,346,86556,11459520.0,3313.0,15,3312.0,10
rb1805,20170714,20170713,210050500,3312.0,362,86564,11989520.0,3313.0,11,3312.0,6
rb1805,20170714,20170713,210051000,3313.0,372,86564,12320800.0,3313.0,7,3312.0,5
rb1805,20170714,20170713,210051500,3313.0,382,86574,12652100.0,3313.0,3,3312.0,6
rb1805,20170714,20170713,210052000,3313.0,382,86574,12652100.0,3313.0,3,3312.0,6
rb1805,20170714,20170713,210055000,3313.0,382,86574,12652100.0,3313.0,4,3312.0,6
rb1805,20170714,20170713,210055500,3313.0,382,86574,12652100.0,3313.0,4,3312.0,7
rb1805,20170714,20170713,210056000,3313.0,382,86574,12652100.0,3313.0,4,3312.0,7
rb1805,20170714,20170713,210056500,3313.0,390,86578,12917140.0,3314.0,40,3313.0,2
rb1805,20170714,20170713,210057000,3313.0,390,86578,12917140.0,3314.0,40,3313.0,2
rb1805,20170714,20170713,210057500,3313.0,394,86578,13049660.0,3313.0,2,3312.0,7
rb1805,20170714,20170713,210058000,3313.0,394,86578,13049660.0,3314.0,40,3312.0,6
rb1805,20170714,20170713,210058500,3313.0,394,86578,13049660.0,3313.0,2,3312.0,6
rb1805,20170714,20170713,210059000,3313.0,394,86578,13049660.0,3314.0,40,3312.0,8
rb1805,20170714,20170713,210100000,3312.0,398,86582,13182140.0,3314.0,40,3312.0,6
rb1805,20170714,20170713,210100500,3312.0,398,86582,13182140.0,3314.0,40,3312.0,6
rb1805,20170714,20170713,210101000,3312.0,398,86582,13182140.0,3314.0,40,3312.0,11
rb1805,20170714,20170713,210101500,3312.0,398,86582,13182140.0,3314.0,40,3312.0,12
rb1805,20170714,20170713,210102000,3312.0,398,86582,13182140.0,3314.0,45,3312.0,12
rb1805,20170714,20170713,210103500,3312.0,398,86582,13182140.0,3314.0,45,3312.0,12
rb1805,20170714,20170713,210104500,3312.0,398,86582,13182140.0,3314.0,45,3312.0,15
rb1805,20170714,20170713,210105000,3312.0,400,86582,13248380.0,3314.0,45,3312.0,14
rb1805,20170714,20170713,210106000,3312.0,400,86582,13248380.0,3314.0,47,3312.0,14
rb1805,20170714,20170713,210107000,3312.0,400,86582,13248380.0,3314.0,47,3312.0,14
rb1805,20170714,20170713,210109000,3312.0,400,86582,13248380.0,3313.0,1,3312.0,14
rb1805,20170714,20170713,210109500,3312.0,428,86606,14175740.0,3312.0,36,3310.0,1
rb1805,20170714,20170713,210110000,3312.0,428,86606,14175740.0,3312.0,42,3310.0,2
rb1805,20170714,20170713,210111000,3312.0,430,86608,14241980.0,3312.0,41,3310.0,2
rb1805,20170714,20170713,210112000,3312.0,430,86608,14241980.0,3312.0,41,3310.0,1
rb1805,20170714,20170713,210113000,3312.0,430,86608,14241980.0,3312.0,41,3310.0,1
rb1805,20170714,20170713,210113500,3312.0,430,86608,14241980.0,3312.0,41,3310.0,1
rb1805,20170714,20170713,210114000,3312.0,430,86608,14241980.0,3312.0,40,3310.0,1
rb1805,20170714,20170713,210114500,3312.0,438,86612,14506860.0,3312.0,46,3309.0,23
rb1805,20170714,20170713,210115000,3312.0,438,86612,14506860.0,3310.0,1,3309.0,28
rb1805,20170714,20170713,210115500,3310.0,440,86612,14573060.0,3312.0,38,3310.0,2
rb1805,20170714,20170713,210116000,3309.0,456,86622,15102540.0,3310.0,2,3309.0,17
rb1805,20170714,20170713,210116500,3309.0,456,86622,15102540.0,3312.0,38,3309.0,17
rb1805,20170714,20170713,210117000,3309.0,456,86622,15102540.0,3310.0,2,3309.0,22
rb1805,20170714,20170713,210117500,3309.0,456,86622,15102540.0,3312.0,38,3309.0,17
rb1805,20170714,20170713,210118000,3309.0,456,86622,15102540.0,3312.0,46,3309.0,22
rb1805,20170714,20170713,210118500,3312.0,458,86624,15168780.0,3312.0,37,3309.0,22
rb1805,20170714,20170713,210119000,3312.0,458,86624,15168780.0,3312.0,45,3310.0,3
rb1805,20170714,20170713,210120000,3312.0,458,86624,15168780.0,3312.0,37,3310.0,3
rb1805,20170714,20170713,210120500,3312.0,458,86624,15168780.0,3312.0,37,3310.0,3
rb1805,20170714,20170713,210121500,3310.0,464,86624,15367380.0,3312.0,45,3309.0,22
rb1805,20170714,20170713,210122000,3310.0,482,86638,15963180.0,3310.0,2,3309.0,22
rb1805,20170714,20170713,210122500,3310.0,486,86638,16095580.0,3312.0,37,3309.0,18
rb1805,20170714,20170713,210123000,3310.0,486,86638,16095580.0,3310.0,2,3309.0,18
rb1805,20170714,20170713,210124000,3310.0,486,86638,16095580.0,3311.0,2,3309.0,18
rb1805,20170714,20170713,210124500,3310.0,486,86638,16095580.0,3311.0,3,3309.0,17
rb1805,20170714,20170713,210125000,3310.0,486,86638,16095580.0,3311.0,8,3309.0,18
rb1805,20170714,20170713,210126000,3310.0,486,86638,16095580.0,3311.0,8,3309.0,18
rb1805,20170714,20170713,210126500,3310.0,486,86638,16095580.0,3311.0,8,3309.0,18
rb1805,20170714,20170713,210127500,3310.0,486,86638,16095580.0,3311.0,9,3309.0,18
rb1805,20170714,20170713,210129000,3310.0,486,86638,16095580.0,3311.0,4,3310.0,3
rb1805,20170714,20170713,210129500,3310.0,486,86638,16095580.0,3311.0,4,3310.0,3
rb1805,20170714,20170713,210130000,3310.0,486,86638,16095580.0,3311.0,4,3310.0,3
rb1805,20170714,20170713,210130500,3310.0,486,86638,16095580.0,3311.0,4,3310.0,4
rb1805,20170714,20170713,210131000,3310.0,486,86638,16095580.0,3311.0,4,3310.0,4
rb1805,20170714,20170713,210131500,3311.0,488,86636,16161800.0,3311.0,3,3310.0,4
rb1805,20170714,20170713,210132000,3311.0,488,86636,16161800.0,3311.0,3,3310.0,4
rb1805,20170714,20170713,210132500,3311.0,488,86636,16161800.0,3311.0,3,3310.0,9
rb1805,20170714,20170713,210133000,3311.0,492,86636,16294240.0,3311.0,1,3310.0,9
rb1805,20170714,20170713,210133500,3311.0,494,86636,16360460.0,3312.0,37,3310.0,9
rb1805,20170714,20170713,210134000,3311.0,494,86636,16360460.0,3312.0,37,3310.0,10
rb1805,20170714,20170713,210134500,3311.0,494,86636,16360460.0,3312.0,37,3310.0,10
rb1805,20170714,20170713,210135000,3311.0,494,86636,16360460.0,3312.0,37,3310.0,10
rb1805,20170714,20170713,210135500,3311.0,494,86636,16360460.0,3312.0,32,3310.0,10
rb1805,20170714,20170713,210136000,3311.0,494,86636,16360460.0,3312.0,32,3310.0,10
rb1805,20170714,20170713,210136500,3311.0,494,86636,16360460.0,3312.0,32,3310.0,10
rb1805,20170714,20170713,210137000,3311.0,496,86636,16426680.0,3312.0,37,3311.0,2
rb1805,20170714,20170713,210137500,3311.0,496,86636,16426680.0,3312.0,37,3311.0,2
rb1805,20170714,20170713,210138500,3311.0,496,86636,16426680.0,3312.0,38,3311.0,2
rb1805,20170714,20170713,210140000,3311.0,502,86638,16625360.0,3311.0,1,3310.0,10
rb1805,20170714,20170713,210140500,3311.0,502,86638,16625360.0,3311.0,1,3310.0,10
rb1805,20170714,20170713,210141000,3311.0,504,86638,16691580.0,3312.0,37,3310.0,10
rb1805,20170714,20170713,210141500,3311.0,504,86638,16691580.0,3312.0,37,3310.0,11
rb1805,20170714,20170713,210142000,3311.0,504,86638,16691580.0,3311.0,1,3310.0,11
rb1805,20170714,20170713,210143000,3311.0,504,86638,16691580.0,3311.0,7,3310.0,11
rb1805,20170714,20170713,210144000,3311.0,504,86638,16691580.0,3311.0,7,3310.0,11
rb1805,20170714,20170713,210144500,3310.0,506,86638,16757780.0,3311.0,7,3310.0,10
rb1805,20170714,20170713,210145000,3310.0,506,86638,16757780.0,3311.0,1,3310.0,10
rb1805,20170714,20170713,210145500,3310.0,506,86638,16757780.0,3311.0,1,3310.0,10
rb1805,20170714,20170713,210146000,3311.0,508,86638,16824000.0,3312.0,37,3310.0,10
rb1805,20170714,20170713,210147500,3311.0,508,86638,16824000.0,3312.0,36,3310.0,10
rb1805,20170714,20170713,210148000,3311.0,508,86638,16824000.0,3312.0,31,3311.0,2
rb1805,20170714,20170713,210149000,3311.0,508,86638,16824000.0,3312.0,31,3311.0,2
rb1805,20170714,20170713,210150000,3311.0,508,86638,16824000.0,3312.0,32,3311.0,2
rb1805,20170714,20170713,210150500,3311.0,508,86638,16824000.0,3312.0,32,3311.0,3
rb1805,20170714,20170713,210152000,3311.0,508,86638,16824000.0,3312.0,32,3311.0,3
rb1805,20170714,20170713,210152500,3311.0,508,86638,16824000.0,3312.0,32,3311.0,3
rb1805,20170714,20170713,210153000,3312.0,514,86644,17022720.0,3312.0,29,3311.0,3
rb1805,20170714,20170713,210154000,3312.0,514,86644,17022720.0,3312.0,28,3311.0,3
rb1805,20170714,20170713,210155000,3312.0,514,86644,17022720.0,3312.0,28,3311.0,3
rb1805,20170714,20170713,210155500,3312.0,518,86648,17155200.0,3312.0,26,3311.0,3
rb1805,20170714,20170713,210156000,3312.0,518,86648,17155200.0,3312.0,27,3311.0,3
rb1805,20170714,20170713,210157000,3312.0,520,86650,17221440.0,3312.0,26,3311.0,3
rb1805,20170714,20170713,210159000,3312.0,528,86658,17486400.0,3312.0,22,3311.0,3
rb1805,20170714,20170713,210200000,3312.0,528,86658,17486400.0,3312.0,23,3311.0,3
rb1805,20170714,20170713,210201500,3312.0,528,86658,17486400.0,3312.0,23,3311.0,3
rb1805,20170714,20170713,210202000,3311.0,532,86658,17618860.0,3312.0,22,3311.0,2
rb1805,20170714,20170713,210206000,3311.0,534,86660,17685080.0,3312.0,22,3311.0,1
rb1805,20170714,20170713,210206500,3311.0,536,86658,17751300.0,3311.0,5,3310.0,20
rb1805,20170714,20170713,210207000,3311.0,538,86658,17817520.0,3311.0,2,3310.0,20
rb1805,20170714,20170713,210207500,3312.0,578,86694,19142280.0,3312.0,9,3311.0,3
rb1805,20170714,20170713,210208000,3311.0,584,86694,19340940.0,3311.0,3,3310.0,20
rb1805,20170714,20170713,210208500,3311.0,584,86694,19340940.0,3312.0,12,3310.0,20
rb1805,20170714,20170713,210209500,3311.0,584,86694,19340940.0,3312.0,12,3310.0,20
rb1805,20170714,20170713,210210000,3311.0,584,86694,19340940.0,3311.0,3,3310.0,20
rb1805,20170714,20170713,210211500,3311.0,592,86702,19605820.0,3312.0,12,3311.0,1
rb1805,20170714,20170713,210212000,3311.0,594,86702,19672040.0,3311.0,2,3310.0,18
rb1805,20170714,20170713,210212500,3311.0,594,86702,19672040.0,3312.0,7,3310.0,28
rb1805,20170714,20170713,210213000,3311.0,594,86702,19672040.0,3311.0,6,3310.0,28
rb1805,20170714,20170713,210215000,3310.0,610,86712,20201640.0,3311.0,6,3310.0,20
rb1805,20170714,20170713,210215500,3310.0,610,86712,20201640.0,3311.0,5,3310.0,20
rb1805,20170714,20170713,210216500,3310.0,610,86712,20201640.0,3311.0,5,3310.0,20
rb1805,20170714,20170713,210217500,3310.0,610,86712,20201640.0,3311.0,5,3310.0,20
rb1805,20170714,20170713,210219000,3310.0,610,86712,20201640.0,3312.0,11,3310.0,21
rb1805,20170714,20170713,210219500,3310.0,612,86712,20267840.0,3312.0,11,3310.0,19
rb1805,20170714,20170713,210220000,3310.0,612,86712,20267840.0,3312.0,11,3310.0,19
rb1805,20170714,20170713,210220500,3310.0,612,86712,20267840.0,3312.0,20,3310.0,19
rb1805,20170714,20170713,210221000,3312.0,618,86716,20466560.0,3312.0,5,3310.0,19
rb1805,20170714,20170713,210221500,3312.0,618,86716,20466560.0,3312.0,5,3310.0,20
rb1805,20170714,20170713,210222000,3310.0,634,86732,20996160.0,3312.0,14,3310.0,12
rb1805,20170714,20170713,210222500,3310.0,642,86732,21260960.0,3312.0,14,3310.0,8
rb1805,20170714,20170713,210223000,3310.0,642,86732,21260960.0,3311.0,4,3310.0,8
rb1805,20170714,20170713,210223500,3310.0,642,86732,21260960.0,3311.0,12,3310.0,8
rb1805,20170714,20170713,210224000,3310.0,642,86732,21260960.0,3311.0,9,3310.0,8
rb1805,20170714,20170713,210224500,3310.0,642,86732,21260960.0,3311.0,6,3310.0,8
rb1805,20170714,20170713,210225000,3310.0,654,86744,21658160.0,3311.0,12,3310.0,2
rb1805,20170714,20170713,210225500,3310.0,658,86748,21790560.0,3311.0,18,3309.0,18
rb1805,20170714,20170713,210226000,3310.0,658,86748,21790560.0,3311.0,18,3309.0,28
rb1805,20170714,20170713,210226500,3310.0,658,86748,21790560.0,3310.0,1,3309.0,28
rb1805,20170714,20170713,210227000,3310.0,662,86746,21922960.0,3311.0,10,3310.0,1
rb1805,20170714,20170713,210227500,3310.0,662,86746,21922960.0,3311.0,5,3310.0,1
rb1805,20170714,20170713,210228000,3310.0,662,86746,21922960.0,3311.0,5,3310.0,6
rb1805,20170714,20170713,210228500,3310.0,662,86746,21922960.0,3311.0,5,3310.0,6
rb1805,20170714,20170713,210229000,3310.0,662,86746,21922960.0,3311.0,2,3310.0,6
rb1805,20170714,20170713,210229500,3311.0,664,86746,21989180.0,3311.0,1,3310.0,6
rb1805,20170714,20170713,210230000,3311.0,664,86746,21989180.0,3311.0,6,3309.0,34
rb1805,20170714,20170713,210230500,3311.0,664,86746,21989180.0,3311.0,6,3309.0,28
rb1805,20170714,20170713,210232000,3311.0,664,86746,21989180.0,3311.0,6,3310.0,5
rb1805,20170714,20170713,210233500,3311.0,664,86746,21989180.0,3311.0,14,3310.0,5
rb1805,20170714,20170713,210234000,3310.0,674,86756,22320180.0,3310.0,15,3309.0,28
rb1805,20170714,20170713,210234500,3310.0,674,86756,22320180.0,3311.0,7,3309.0,28
rb1805,20170714,20170713,210235000,3310.0,674,86756,22320180.0,3311.0,7,3309.0,33
rb1805,20170714,20170713,210235500,3310.0,674,86756,22320180.0,3311.0,7,3309.0,33
rb1805,20170714,20170713,210236000,3310.0,674,86756,22320180.0,3311.0,7,3310.0,2
rb1805,20170714,20170713,210236500,3310.0,674,86756,22320180.0,3311.0,7,3310.0,7
rb1805,20170714,20170713,210238000,3310.0,674,86756,22320180.0,3311.0,7,3310.0,2
rb1805,20170714,20170713,210239500,3310.0,674,86756,22320180.0,3311.0,7,3310.0,2
rb1805,20170714,20170713,210240000,3310.0,674,86756,22320180.0,3311.0,7,3310.0,3
rb1805,20170714,20170713,210240500,3310.0,674,86756,22320180.0,3311.0,7,3310.0,3
rb1805,20170714,20170713,210241500,3310.0,676,86758,22386380.0,3311.0,7,3310.0,2
rb1805,20170714,20170713,210242000,3310.0,676,86758,22386380.0,3311.0,15,3310.0,2
rb1805,20170714,20170713,210243000,3310.0,676,86758,22386380.0,3311.0,7,3310.0,3
rb1805,20170714,20170713,210243500,3310.0,680,86758,22518780.0,3311.0,7,3310.0,1
rb1805,20170714,20170713,210244500,3310.0,680,86758,22518780.0,3311.0,7,3310.0,1
rb1805,20170714,20170713,210245000,3311.0,682,86760,22585000.0,3311.0,6,3310.0,1
rb1805,20170714,20170713,210245500,3311.0,682,86760,22585000.0,3311.0,11,3310.0,1
rb1805,20170714,20170713,210246500,3310.0,684,86760,22651200.0,3311.0,11,3309.0,34
rb1805,20170714,20170713,210247000,3314.0,724,86772,23975860.0,3314.0,46,3311.0,1
rb1805,20170714,20170713,210247500,3314.0,724,86772,23975860.0,3313.0,16,3311.0,6
rb1805,20170714,20170713,210248000,3314.0,724,86772,23975860.0,3312.0,3,3311.0,6
rb1805,20170714,20170713,210248500,3314.0,724,86772,23975860.0,3312.0,3,3311.0,1
rb1805,20170714,20170713,210249000,3314.0,724,86772,23975860.0,3312.0,3,3311.0,1
rb1805,20170714,20170713,210249500,3314.0,724,86772,23975860.0,3313.0,2,3311.0,6
rb1805,20170714,20170713,210250000,3314.0,724,86772,23975860.0,3313.0,10,3311.0,7
rb1805,20170714,20170713,210250500,3314.0,724,86772,23975860.0,3313.0,2,3311.0,7
rb1805,20170714,20170713,210251000,3314.0,724,86772,23975860.0,3313.0,10,3311.0,7
rb1805,20170714,20170713,210251500,3314.0,724,86772,23975860.0,3313.0,10,3311.0,6
rb1805,20170714,20170713,210252000,3314.0,724,86772,23975860.0,3312.0,1,3311.0,6
rb1805,20170714,20170713,210252500,3314.0,724,86772,23975860.0,3312.0,1,3311.0,1
rb1805,20170714,20170713,210253000,3311.0,738,86760,24439400.0,3311.0,6,3309.0,29
rb1805,20170714,20170713,210253500,3311.0,742,86756,24571840.0,3311.0,4,3309.0,34
rb1805,20170714,20170713,210254000,3311.0,750,86750,24836720.0,3312.0,12,3311.0,2
rb1805,20170714,20170713,210254500,3309.0,752,86750,24902900.0,3312.0,5,3309.0,33
rb1805,20170714,20170713,210255000,3309.0,752,86750,24902900.0,3311.0,9,3309.0,33
rb1805,20170714,20170713,210255500,3311.0,754,86748,24969120.0,3311.0,8,3309.0,33
rb1805,20170714,20170713,210256000,3311.0,754,86748,24969120.0,3312.0,5,3309.0,33
rb1805,20170714,20170713,210256500,3311.0,754,86748,24969120.0,3311.0,16,3309.0,32
rb1805,20170714,20170713,210257000,3311.0,754,86748,24969120.0,3311.0,16,3309.0,27
rb1805,20170714,20170713,210257500,3311.0,754,86748,24969120.0,3311.0,16,3309.0,27
rb1805,20170714,20170713,210258000,3311.0,754,86748,24969120.0,3310.0,1,3309.0,28
rb1805,20170714,20170713,210258500,3311.0,754,86748,24969120.0,3310.0,1,3309.0,28
rb1805,20170714,20170713,210259500,3311.0,754,86748,24969120.0,3310.0,1,3309.0,29
rb1805,20170714,20170713,210301000,3310.0,756,86748,25035320.0,3311.0,16,3309.0,34
rb1805,20170714,20170713,210301500,3310.0,756,86748,25035320.0,3311.0,16,3310.0,1
rb1805,20170714,20170713,210303000,3310.0,756,86748,25035320.0,3311.0,16,3310.0,1
rb1805,20170714,20170713,210304500,3310.0,758,86750,25101520.0,3311.0,17,3309.0,34
rb1805,20170714,20170713,210305000,3310.0,758,86750,25101520.0,3311.0,17,3309.0,33
rb1805,20170714,20170713,210305500,3310.0,758,86750,25101520.0,3311.0,17,3309.0,33
rb1805,20170714,20170713,210306000,3310.0,758,86750,25101520.0,3310.0,2,3309.0,33
rb1805,20170714,20170713,210306500,3310.0,760,86748,25167720.0,3310.0,1,3309.0,33
rb1805,20170714,20170713,210307000,3310.0,762,86748,25233920.0,3311.0,17,3310.0,2
rb1805,20170714,20170713,210307500,3310.0,762,86748,25233920.0,3311.0,17,3309.0,33
rb1805,20170714,20170713,210308500,3310.0,762,86748,25233920.0,3311.0,17,3309.0,33
rb1805,20170714,20170713,210309000,3310.0,762,86748,25233920.0,3310.0,1,3309.0,28
rb1805,20170714,20170713,210309500,3310.0,762,86748,25233920.0,3310.0,1,3309.0,28
rb1805,20170714,20170713,210310000,3310.0,764,86748,25300120.0,3311.0,15,3310.0,9
rb1805,20170714,20170713,210310500,3310.0,766,86748,25366320.0,3311.0,23,3310.0,8
rb1805,20170714,20170713,210311000,3310.0,782,86762,25895920.0,3310.0,5,3309.0,28
rb1805,20170714,20170713,210311500,3310.0,782,86762,25895920.0,3310.0,3,3309.0,28
rb1805,20170714,20170713,210312000,3310.0,788,86762,26094520.0,3311.0,22,3309.0,28
rb1805,20170714,20170713,210312500,3310.0,788,86762,26094520.0,3311.0,23,3309.0,28
rb1805,20170714,20170713,210313000,3309.0,790,86762,26160700.0,3311.0,23,3309.0,27
rb1805,20170714,20170713,210313500,3309.0,790,86762,26160700.0,3311.0,23,3309.0,32
rb1805,20170714,20170713,210314000,3309.0,790,86762,26160700.0,3311.0,23,3309.0,32
rb1805,20170714,20170713,210314500,3309.0,790,86762,26160700.0,3311.0,23,3310.0,1
rb1805,20170714,20170713,210315000,3310.0,792,86762,26226900.0,3310.0,4,3309.0,32
rb1805,20170714,20170713,210315500,3310.0,794,86762,26293100.0,3310.0,3,3309.0,32
rb1805,20170714,20170713,210316000,3310.0,796,86762,26359300.0,3310.0,2,3309.0,27
rb1805,20170714,20170713,210317000,3310.0,796,86762,26359300.0,3310.0,2,3309.0,27
rb1805,20170714,20170713,210318000,3310.0,798,86762,26425500.0,3310.0,1,3309.0,27
rb1805,20170714,20170713,210318500,3310.0,798,86762,26425500.0,3310.0,1,3309.0,27
rb1805,20170714,20170713,210319000,3310.0,800,86762,26491700.0,3311.0,16,3310.0,3
rb1805,20170714,20170713,210319500,3310.0,800,86762,26491700.0,3311.0,16,3310.0,1
rb1805,20170714,20170713,210320000,3310.0,800,86762,26491700.0,3311.0,16,3310.0,2
rb1805,20170714,20170713,210323500,3310.0,800,86762,26491700.0,3311.0,16,3310.0,2
rb1805,20170714,20170713,210324000,3310.0,804,86766,26624100.0,3311.0,16,3310.0,2
rb1805,20170714,20170713,210324500,3310.0,806,86766,26690300.0,3311.0,16,3310.0,1
rb1805,20170714,20170713,210325500,3310.0,808,86766,26756500.0,3311.0,16,3309.0,33
rb1805,20170714,20170713,210326000,3310.0,808,86766,26756500.0,3311.0,16,3309.0,33
rb1805,20170714,20170713,210327000,3310.0,810,86766,26822700.0,3311.0,16,3309.0,33
rb1805,20170714,20170713,210328000,3311.0,844,86798,27948440.0,3312.0,4,3311.0,3
rb1805,20170714,20170713,210328500,3311.0,844,86798,27948440.0,3312.0,4,3311.0,3
rb1805,20170714,20170713,210329000,3311.0,846,86798,28014660.0,3312.0,4,3311.0,2
rb1805,20170714,20170713,210329500,3311.0,846,86798,28014660.0,3312.0,12,3311.0,2
rb1805,20170714,20170713,210330000,3311.0,846,86798,28014660.0,3312.0,5,3311.0,2
rb1805,20170714,20170713,210330500,3311.0,846,86798,28014660.0,3312.0,12,3311.0,2
rb1805,20170714,20170713,210331000,3311.0,846,86798,28014660.0,3312.0,5,3311.0,2
rb1805,20170714,20170713,210331500,3311.0,846,86798,28014660.0,3312.0,12,3311.0,2
rb1805,20170714,20170713,210332000,3311.0,846,86798,28014660.0,3312.0,5,3311.0,2
rb1805,20170714,20170713,210332500,3311.0,846,86798,28014660.0,3312.0,12,3311.0,2
rb1805,20170714,20170713,210333000,3311.0,846,86798,28014660.0,3312.0,5,3311.0,2
rb1805,20170714,20170713,210333500,3311.0,846,86798,28014660.0,3312.0,12,3311.0,2
rb1805,20170714,20170713,210334000,3311.0,846,86798,28014660.0,3312.0,13,3311.0,2
rb1805,20170714,20170713,210335000,3311.0,846,86798,28014660.0,3312.0,13,3311.0,2
rb1805,20170714,20170713,210335500,3311.0,846,86798,28014660.0,3312.0,13,3311.0,2
rb1805,20170714,20170713,210336000,3311.0,852,86802,28213320.0,3312.0,15,3311.0,4
rb1805,20170714,20170713,210336500,3311.0,854,86802,28279540.0,3312.0,15,3311.0,3
rb1805,20170714,20170713,210337500,3311.0,854,86802,28279540.0,3312.0,15,3310.0,3
rb1805,20170714,20170713,210338000,3311.0,856,86800,28345760.0,3312.0,14,3311.0,1
rb1805,20170714,20170713,210338500,3311.0,858,86798,28411980.0,3312.0,14,3310.0,3
rb1805,20170714,20170713,210339500,3311.0,858,86798,28411980.0,3312.0,13,3310.0,3
rb1805,20170714,20170713,210340000,3311.0,858,86798,28411980.0,3311.0,2,3310.0,3
rb1805,20170714,20170713,210340500,3311.0,858,86798,28411980.0,3311.0,4,3310.0,4
rb1805,20170714,20170713,210341500,3311.0,858,86798,28411980.0,3311.0,4,3310.0,4
rb1805,20170714,20170713,210342000,3311.0,860,86798,28478200.0,3311.0,3,3310.0,4
rb1805,20170714,20170713,210343000,3311.0,860,86798,28478200.0,3311.0,3,3310.0,4
rb1805,20170714,20170713,210343500,3311.0,860,86798,28478200.0,3311.0,3,3310.0,4
rb1805,20170714,20170713,210345500,3311.0,864,86800,28610640.0,3311.0,1,3310.0,4
rb1805,20170714,20170713,210346000,3310.0,866,86802,28676840.0,3311.0,1,3310.0,3
rb1805,20170714,20170713,210347000,3310.0,866,86802,28676840.0,3312.0,14,3310.0,3
rb1805,20170714,20170713,210347500,3310.0,866,86802,28676840.0,3312.0,20,3310.0,3
rb1805,20170714,20170713,210348000,3310.0,866,86802,28676840.0,3312.0,21,3310.0,3
rb1805,20170714,20170713,210348500,3310.0,866,86802,28676840.0,3312.0,21,3310.0,13
rb1805,20170714,20170713,210349500,3310.0,866,86802,28676840.0,3312.0,21,3311.0,3
rb1805,20170714,20170713,210350000,3310.0,898,86828,29736100.0,3310.0,3,3309.0,35
rb1805,20170714,20170713,210350500,3310.0,944,86872,31258680.0,3312.0,21,3309.0,28
rb1805,20170714,20170713,210351000,3310.0,944,86872,31258680.0,3312.0,21,3310.0,3
rb1805,20170714,20170713,210351500,3310.0,950,86876,31457280.0,3311.0,1,3310.0,5
rb1805,20170714,20170713,210352000,3310.0,954,86880,31589680.0,3311.0,1,3310.0,3
rb1805,20170714,20170713,210352500,3310.0,954,86880,31589680.0,3311.0,1,3310.0,3
rb1805,20170714,20170713,210353000,3310.0,954,86880,31589680.0,3311.0,1,3309.0,34
rb1805,20170714,20170713,210353500,3310.0,954,86880,31589680.0,3311.0,1,3309.0,33
rb1805,20170714,20170713,210354000,3310.0,954,86880,31589680.0,3311.0,4,3309.0,33
rb1805,20170714,20170713,210354500,3310.0,954,86880,31589680.0,3311.0,4,3309.0,28
rb1805,20170714,20170713,210355000,3310.0,954,86880,31589680.0,3311.0,4,3309.0,28
rb1805,20170714,20170713,210355500,3310.0,954,86880,31589680.0,3311.0,5,3309.0,28
rb1805,20170714,20170713,210356000,3311.0,956,86880,31655900.0,3311.0,4,3309.0,28
rb1805,20170714,20170713,210356500,3311.0,956,86880,31655900.0,3311.0,4,3309.0,28
rb1805,20170714,20170713,210357000,3311.0,956,86880,31655900.0,3311.0,4,3309.0,28
rb1805,20170714,20170713,210357500,3311.0,956,86880,31655900.0,3311.0,1,3309.0,33
rb1805,20170714,20170713,210358500,3311.0,956,86880,31655900.0,3311.0,2,3309.0,33
rb1805,20170714,20170713,210359000,3311.0,956,86880,31655900.0,3311.0,2,3310.0,1
rb1805,20170714,20170713,210400000,3311.0,956,86880,31655900.0,3311.0,4,3310.0,1
rb1805,20170714,20170713,210401000,3310.0,958,86882,31722100.0,3311.0,4,3309.0,33
rb1805,20170714,20170713,210402000,3310.0,958,86882,31722100.0,3311.0,4,3309.0,33
rb1805,20170714,20170713,210402500,3310.0,958,86882,31722100.0,3311.0,7,3309.0,28
rb1805,20170714,20170713,210403000,3310.0,958,86882,31722100.0,3311.0,7,3310.0,4
rb1805,20170714,20170713,210403500,3310.0,966,86882,31986900.0,3311.0,4,3309.0,33
rb1805,20170714,20170713,210404000,3311.0,968,86882,32053120.0,3311.0,3,3310.0,2
rb1805,20170714,20170713,210405500,3311.0,968,86882,32053120.0,3311.0,3,3310.0,2
rb1805,20170714,20170713,210406000,3311.0,968,86882,32053120.0,3311.0,6,3310.0,18
rb1805,20170714,20170713,210406500,3311.0,970,86884,32119340.0,3311.0,5,3310.0,18
rb1805,20170714,20170713,210407000,3311.0,970,86884,32119340.0,3311.0,4,3310.0,18
rb1805,20170714,20170713,210407500,3310.0,972,86886,32185540.0,3311.0,4,3310.0,17
rb1805,20170714,20170713,210408000,3310.0,972,86886,32185540.0,3311.0,1,3310.0,17
rb1805,20170714,20170713,210409000,3310.0,972,86886,32185540.0,3311.0,1,3310.0,17
rb1805,20170714,20170713,210409500,3310.0,978,86886,32384140.0,3311.0,3,3310.0,14
rb1805,20170714,20170713,210410000,3310.0,1002,86886,33178540.0,3311.0,5,3310.0,2
rb1805,20170714,20170713,210410500,3310.0,1002,86886,33178540.0,3311.0,6,3310.0,2
rb1805,20170714,20170713,210411000,3310.0,1006,86886,33310940.0,3310.0,18,3309.0,33
rb1805,20170714,20170713,210411500,3310.0,1006,86886,33310940.0,3310.0,21,3309.0,28
rb1805,20170714,20170713,210412000,3310.0,1006,86886,33310940.0,3310.0,21,3309.0,28
rb1805,20170714,20170713,210412500,3310.0,1006,86886,33310940.0,3310.0,21,3309.0,28
rb1805,20170714,20170713,210413500,3310.0,1006,86886,33310940.0,3310.0,21,3309.0,33
rb1805,20170714,20170713,210414000,3310.0,1006,86886,33310940.0,3310.0,21,3309.0,33
rb1805,20170714,20170713,210414500,3310.0,1010,86886,33443340.0,3310.0,19,3309.0,33
rb1805,20170714,20170713,210415000,3309.0,1012,86886,33509520.0,3310.0,21,3309.0,32
rb1805,20170714,20170713,210416500,3310.0,1016,86884,33641920.0,3310.0,19,3309.0,32
rb1805,20170714,20170713,210417000,3310.0,1022,86884,33840520.0,3310.0,16,3309.0,32
rb1805,20170714,20170713,210417500,3310.0,1040,86866,34436320.0,3310.0,7,3309.0,32
rb1805,20170714,20170713,210418000,3310.0,1054,86872,34899720.0,3311.0,4,3310.0,2
rb1805,20170714,20170713,210418500,3310.0,1054,86872,34899720.0,3311.0,1,3309.0,32
rb1805,20170714,20170713,210419000,3309.0,1056,86874,34965900.0,3311.0,101,3309.0,31
rb1805,20170714,20170713,210419500,3309.0,1058,86874,35032080.0,3310.0,20,3309.0,30
rb1805,20170714,20170713,210420000,3309.0,1058,86874,35032080.0,3310.0,20,3309.0,25
rb1805,20170714,20170713,210421000,3310.0,1060,86874,35098280.0,3310.0,19,3309.0,25
rb1805,20170714,20170713,210422000,3309.0,1062,86874,35164460.0,3310.0,40,3309.0,24
rb1805,20170714,20170713,210422500,3309.0,1062,86874,35164460.0,3310.0,40,3309.0,24
rb1805,20170714,20170713,210423000,3309.0,1062,86874,35164460.0,3310.0,40,3309.0,29
rb1805,20170714,20170713,210424000,3309.0,1062,86874,35164460.0,3310.0,40,3309.0,24
rb1805,20170714,20170713,210424500,3310.0,1064,86874,35230660.0,3310.0,39,3309.0,24
rb1805,20170714,20170713,210425500,3310.0,1064,86874,35230660.0,3310.0,39,3309.0,24
rb1805,20170714,20170713,210426000,3310.0,1064,86874,35230660.0,3310.0,39,3309.0,25
rb1805,20170714,20170713,210427000,3309.0,1114,86874,36885160.0,3309.0,75,3308.0,7
rb1805,20170714,20170713,210427500,3309.0,1114,86874,36885160.0,3309.0,75,3308.0,9
rb1805,20170714,20170713,210428500,3309.0,1120,86874,37083700.0,3309.0,72,3308.0,9
rb1805,20170714,20170713,210429000,3309.0,1120,86874,37083700.0,3309.0,73,3308.0,6
rb1805,20170714,20170713,210430000,3309.0,1120,86874,37083700.0,3309.0,78,3308.0,6
rb1805,20170714,20170713,210430500,3309.0,1122,86874,37149880.0,3309.0,77,3308.0,6
rb1805,20170714,20170713,210431000,3308.0,1134,86870,37546840.0,3308.0,4,3306.0,3
rb1805,20170714,20170713,210431500,3308.0,1134,86870,37546840.0,3308.0,3,3307.0,3
rb1805,20170714,20170713,210432000,3308.0,1140,86870,37745320.0,3309.0,77,3307.0,3
rb1805,20170714,20170713,210433000,3308.0,1140,86870,37745320.0,3308.0,1,3307.0,3
rb1805,20170714,20170713,210434000,3307.0,1142,86872,37811460.0,3308.0,1,3307.0,2
rb1805,20170714,20170713,210434500,3307.0,1142,86872,37811460.0,3308.0,1,3307.0,5
rb1805,20170714,20170713,210435000,3307.0,1142,86872,37811460.0,3308.0,1,3307.0,2
rb1805,20170714,20170713,210436000,3307.0,1144,86872,37877600.0,3308.0,1,3307.0,1
rb1805,20170714,20170713,210436500,3307.0,1146,86872,37943740.0,3308.0,1,3306.0,3
rb1805,20170714,20170713,210437000,3308.0,1148,86872,38009900.0,3309.0,77,3307.0,3
rb1805,20170714,20170713,210437500,3308.0,1148,86872,38009900.0,3308.0,2,3307.0,3
rb1805,20170714,20170713,210438500,3308.0,1148,86872,38009900.0,3308.0,2,3307.0,8
rb1805,20170714,20170713,210439000,3308.0,1148,86872,38009900.0,3308.0,2,3307.0,16
rb1805,20170714,20170713,210439500,3308.0,1148,86872,38009900.0,3308.0,2,3307.0,16
rb1805,20170714,20170713,210440000,3308.0,1148,86872,38009900.0,3308.0,2,3307.0,8
rb1805,20170714,20170713,210440500,3307.0,1152,86872,38142180.0,3308.0,7,3307.0,9
rb1805,20170714,20170713,210441000,3308.0,1160,86876,38406800.0,3308.0,4,3307.0,5
rb1805,20170714,20170713,210441500,3308.0,1160,86876,38406800.0,3308.0,4,3307.0,5
rb1805,20170714,20170713,210442000,3308.0,1162,86878,38472960.0,3308.0,3,3307.0,5
rb1805,20170714,20170713,210442500,3307.0,1166,86878,38605240.0,3308.0,3,3307.0,3
rb1805,20170714,20170713,210443000,3307.0,1172,86884,38803660.0,3307.0,4,3306.0,2
rb1805,20170714,20170713,210443500,3307.0,1172,86884,38803660.0,3308.0,3,3306.0,2
rb1805,20170714,20170713,210444500,3307.0,1172,86884,38803660.0,3308.0,3,3306.0,2
rb1805,20170714,20170713,210445000,3308.0,1178,86890,39002140.0,3309.0,78,3308.0,2
rb1805,20170714,20170713,210445500,3308.0,1182,86892,39134460.0,3307.0,4,3306.0,3
rb1805,20170714,20170713,210446000,3307.0,1184,86892,39200600.0,3307.0,3,3306.0,3
rb1805,20170714,20170713,210446500,3307.0,1184,86892,39200600.0,3307.0,3,3306.0,3
rb1805,20170714,20170713,210447000,3307.0,1184,86892,39200600.0,3307.0,3,3306.0,3
rb1805,20170714,20170713,210450500,3307.0,1186,86892,39266740.0,3308.0,1,3306.0,4
rb1805,20170714,20170713,210451000,3307.0,1186,86892,39266740.0,3308.0,1,3306.0,9
rb1805,20170714,20170713,210452000,3307.0,1186,86892,39266740.0,3308.0,1,3307.0,1
rb1805,20170714,20170713,210452500,3307.0,1188,86892,39332880.0,3308.0,1,3307.0,1
rb1805,20170714,20170713,210454500,3307.0,1188,86892,39332880.0,3308.0,21,3307.0,1
rb1805,20170714,20170713,210455000,3307.0,1188,86892,39332880.0,3308.0,21,3306.0,9
rb1805,20170714,20170713,210455500,3307.0,1188,86892,39332880.0,3308.0,21,3306.0,9
rb1805,20170714,20170713,210456500,3307.0,1188,86892,39332880.0,3308.0,21,3307.0,3
rb1805,20170714,20170713,210458500,3307.0,1188,86892,39332880.0,3308.0,21,3307.0,3
rb1805,20170714,20170713,210459000,3307.0,1190,86894,39399020.0,3308.0,21,3307.0,2
rb1805,20170714,20170713,210500000,3307.0,1190,86894,39399020.0,3308.0,21,3307.0,2
rb1805,20170714,20170713,210500500,3307.0,1190,86894,39399020.0,3308.0,21,3307.0,7
rb1805,20170714,20170713,210501000,3307.0,1192,86894,39465160.0,3308.0,21,3307.0,1
rb1805,20170714,20170713,210501500,3307.0,1192,86894,39465160.0,3308.0,21,3307.0,1
rb1805,20170714,20170713,210502000,3307.0,1194,86894,39531300.0,3308.0,21,3306.0,11
rb1805,20170714,20170713,210502500,3307.0,1194,86894,39531300.0,3307.0,1,3306.0,11
rb1805,20170714,20170713,210503000,3307.0,1196,86894,39597440.0,3307.0,1,3306.0,6
rb1805,20170714,20170713,210503500,3306.0,1202,86900,39795800.0,3307.0,1,3306.0,3
rb1805,20170714,20170713,210504000,3306.0,1202,86900,39795800.0,3307.0,1,3306.0,3
rb1805,20170714,20170713,210504500,3306.0,1208,86904,39994160.0,3306.0,20,3305.0,3
rb1805,20170714,20170713,210505000,3306.0,1222,86916,40456880.0,3306.0,22,3303.0,15
rb1805,20170714,20170713,210505500,3306.0,1222,86916,40456880.0,3305.0,2,3303.0,16
rb1805,20170714,20170713,210506000,3306.0,1222,86916,40456880.0,3304.0,2,3303.0,15
rb1805,20170714,20170713,210506500,3303.0,1226,86914,40589020.0,3304.0,1,3303.0,13
rb1805,20170714,20170713,210507000,3303.0,1230,86910,40721140.0,3304.0,1,3303.0,11
rb1805,20170714,20170713,210507500,3305.0,1242,86910,41117600.0,3306.0,20,3305.0,2
rb1805,20170714,20170713,210508000,3305.0,1246,86912,41249800.0,3304.0,4,3303.0,10
rb1805,20170714,20170713,210508500,3304.0,1248,86914,41315880.0,3306.0,20,3303.0,9
rb1805,20170714,20170713,210509000,3304.0,1248,86914,41315880.0,3305.0,3,3303.0,13
rb1805,20170714,20170713,210509500,3303.0,1258,86914,41646180.0,3305.0,3,3303.0,8
rb1805,20170714,20170713,210511000,3303.0,1258,86914,41646180.0,3305.0,3,3303.0,8
rb1805,20170714,20170713,210511500,3303.0,1258,86914,41646180.0,3306.0,20,3303.0,8
rb1805,20170714,20170713,210512000,3303.0,1258,86914,41646180.0,3306.0,20,3303.0,8
rb1805,20170714,20170713,210512500,3303.0,1260,86916,41712240.0,3306.0,20,3303.0,7
rb1805,20170714,20170713,210513500,3303.0,1262,86916,41778300.0,3306.0,20,3303.0,6
rb1805,20170714,20170713,210514000,3303.0,1262,86916,41778300.0,3306.0,20,3303.0,6
rb1805,20170714,20170713,210514500,3303.0,1262,86916,41778300.0,3306.0,20,3303.0,6
rb1805,20170714,20170713,210515500,3303.0,1268,86918,41976480.0,3306.0,20,3303.0,4
rb1805,20170714,20170713,210516000,3303.0,1268,86918,41976480.0,3306.0,21,3303.0,5
rb1805,20170714,20170713,210516500,3303.0,1268,86918,41976480.0,3306.0,23,3304.0,2
rb1805,20170714,20170713,210517000,3303.0,1268,86918,41976480.0,3306.0,22,3304.0,3
rb1805,20170714,20170713,210518000,3303.0,1268,86918,41976480.0,3306.0,20,3304.0,9
rb1805,20170714,20170713,210518500,3303.0,1268,86918,41976480.0,3306.0,20,3304.0,9
rb1805,20170714,20170713,210519000,3303.0,1268,86918,41976480.0,3305.0,1,3304.0,9
rb1805,20170714,20170713,210519500,3303.0,1270,86918,42042540.0,3305.0,1,3304.0,8
rb1805,20170714,20170713,210520000,3304.0,1276,86918,42240800.0,3306.0,20,3304.0,6
rb1805,20170714,20170713,210520500,3304.0,1276,86918,42240800.0,3306.0,22,3304.0,1
rb1805,20170714,20170713,210521500,3304.0,1276,86918,42240800.0,3306.0,22,3304.0,1
rb1805,20170714,20170713,210522000,3304.0,1276,86918,42240800.0,3306.0,22,3304.0,1
rb1805,20170714,20170713,210522500,3304.0,1276,86918,42240800.0,3306.0,20,3304.0,6
rb1805,20170714,20170713,210524000,3304.0,1276,86918,42240800.0,3306.0,21,3304.0,6
rb1805,20170714,20170713,210525500,3304.0,1276,86918,42240800.0,3305.0,1,3304.0,6
rb1805,20170714,20170713,210526000,3304.0,1276,86918,42240800.0,3305.0,1,3304.0,9
rb1805,20170714,20170713,210528000,3304.0,1278,86920,42306880.0,3305.0,1,3304.0,8
rb1805,20170714,20170713,210528500,3304.0,1278,86920,42306880.0,3305.0,1,3304.0,8
rb1805,20170714,20170713,210532000,3304.0,1278,86920,42306880.0,3305.0,1,3304.0,8
rb1805,20170714,20170713,210533000,3304.0,1278,86920,42306880.0,3305.0,1,3304.0,8
rb1805,20170714,20170713,210534000,3305.0,1280,86922,42372980.0,3306.0,21,3304.0,8
rb1805,20170714,20170713,210535500,3304.0,1282,86922,42439060.0,3306.0,21,3304.0,8
rb1805,20170714,20170713,210536000,3305.0,1284,86924,42505160.0,3306.0,21,3304.0,8
rb1805,20170714,20170713,210537000,3305.0,1284,86924,42505160.0,3306.0,22,3305.0,1
rb1805,20170714,20170713,210537500,3305.0,1284,86924,42505160.0,3306.0,22,3305.0,1
rb1805,20170714,20170713,210539000,3305.0,1284,86924,42505160.0,3306.0,23,3305.0,1
rb1805,20170714,20170713,210539500,3305.0,1284,86924,42505160.0,3306.0,23,3305.0,1
rb1805,20170714,20170713,210540000,3305.0,1284,86924,42505160.0,3306.0,23,3305.0,1
rb1805,20170714,20170713,210540500,3305.0,1284,86924,42505160.0,3306.0,24,3305.0,1
rb1805,20170714,20170713,210541000,3304.0,1290,86926,42703420.0,3306.0,23,3304.0,7
rb1805,20170714,20170713,210541500,3304.0,1290,86926,42703420.0,3306.0,23,3304.0,9
rb1805,20170714,20170713,210542000,3304.0,1290,86926,42703420.0,3306.0,23,3304.0,9
rb1805,20170714,20170713,210544000,3304.0,1290,86926,42703420.0,3306.0,22,3304.0,9
rb1805,20170714,20170713,210544500,3304.0,1290,86926,42703420.0,3306.0,22,3305.0,3
rb1805,20170714,20170713,210545000,3304.0,1290,86926,42703420.0,3306.0,23,3304.0,7
rb1805,20170714,20170713,210545500,3304.0,1290,86926,42703420.0,3306.0,23,3304.0,14
rb1805,20170714,20170713,210546000,3305.0,1296,86922,42901720.0,3305.0,19,3304.0,16
rb1805,20170714,20170713,210546500,3305.0,1306,86922,43232220.0,3305.0,14,3304.0,16
rb1805,20170714,20170713,210547000,3305.0,1312,86928,43430520.0,3306.0,22,3305.0,2
rb1805,20170714,20170713,210547500,3305.0,1312,86928,43430520.0,3306.0,22,3305.0,5
rb1805,20170714,20170713,210548000,3305.0,1312,86928,43430520.0,3306.0,22,3305.0,5
rb1805,20170714,20170713,210548500,3305.0,1316,86932,43562720.0,3306.0,22,3305.0,3
rb1805,20170714,20170713,210549000,3305.0,1316,86932,43562720.0,3306.0,23,3305.0,3
rb1805,20170714,20170713,210550000,3305.0,1316,86932,43562720.0,3306.0,28,3304.0,11
rb1805,20170714,20170713,210550500,3305.0,1316,86932,43562720.0,3306.0,28,3304.0,12
rb1805,20170714,20170713,210551000,3306.0,1318,86932,43628840.0,3306.0,27,3304.0,9
rb1805,20170714,20170713,210552000,3306.0,1318,86932,43628840.0,3306.0,27,3304.0,12
rb1805,20170714,20170713,210552500,3306.0,1318,86932,43628840.0,3306.0,27,3305.0,2
rb1805,20170714,20170713,210553000,3305.0,1322,86936,43761040.0,3306.0,28,3304.0,9
rb1805,20170714,20170713,210554000,3304.0,1324,86936,43827120.0,3306.0,28,3304.0,8
rb1805,20170714,20170713,210554500,3304.0,1324,86936,43827120.0,3305.0,2,3304.0,8
rb1805,20170714,20170713,210555000,3305.0,1330,86938,44025400.0,3306.0,28,3304.0,7
rb1805,20170714,20170713,210555500,3305.0,1330,86938,44025400.0,3306.0,28,3304.0,10
rb1805,20170714,20170713,210556000,3305.0,1330,86938,44025400.0,3306.0,28,3304.0,7
rb1805,20170714,20170713,210557000,3305.0,1330,86938,44025400.0,3306.0,43,3304.0,7
rb1805,20170714,20170713,210557500,3305.0,1330,86938,44025400.0,3306.0,43,3305.0,1
rb1805,20170714,20170713,210558000,3305.0,1332,86938,44091500.0,3305.0,1,3304.0,7
rb1805,20170714,20170713,210558500,3306.0,1334,86938,44157620.0,3305.0,1,3304.0,7
rb1805,20170714,20170713,210559000,3305.0,1336,86940,44223720.0,3306.0,41,3304.0,7
rb1805,20170714,20170713,210559500,3305.0,1336,86940,44223720.0,3305.0,3,3304.0,7
rb1805,20170714,20170713,210600500,3305.0,1336,86940,44223720.0,3305.0,4,3304.0,7
rb1805,20170714,20170713,210601500,3305.0,1336,86940,44223720.0,3305.0,24,3304.0,7
rb1805,20170714,20170713,210602000,3305.0,1336,86940,44223720.0,3305.0,24,3304.0,7
rb1805,20170714,20170713,210603500,3305.0,1340,86944,44355920.0,3305.0,23,3304.0,8
rb1805,20170714,20170713,210604000,3305.0,1340,86944,44355920.0,3305.0,22,3304.0,8
rb1805,20170714,20170713,210604500,3305.0,1340,86944,44355920.0,3305.0,22,3304.0,8
rb1805,20170714,20170713,210605500,3305.0,1342,86946,44422020.0,3305.0,21,3304.0,8
rb1805,20170714,20170713,210606500,3305.0,1344,86948,44488120.0,3305.0,20,3304.0,8
rb1805,20170714,20170713,210607000,3305.0,1344,86948,44488120.0,3305.0,1,3304.0,8
rb1805,20170714,20170713,210607500,3305.0,1344,86948,44488120.0,3305.0,19,3304.0,11
rb1805,20170714,20170713,210608000,3305.0,1344,86948,44488120.0,3305.0,19,3304.0,13
rb1805,20170714,20170713,210608500,3305.0,1344,86948,44488120.0,3305.0,19,3304.0,18
rb1805,20170714,20170713,210609000,3305.0,1344,86948,44488120.0,3305.0,19,3304.0,18
rb1805,20170714,20170713,210609500,3305.0,1344,86948,44488120.0,3305.0,19,3304.0,15
rb1805,20170714,20170713,210610500,3305.0,1344,86948,44488120.0,3305.0,19,3304.0,18
rb1805,20170714,20170713,210611000,3305.0,1344,86948,44488120.0,3305.0,19,3304.0,15
rb1805,20170714,20170713,210611500,3305.0,1346,86950,44554220.0,3305.0,18,3304.0,15
rb1805,20170714,20170713,210612000,3305.0,1346,86950,44554220.0,3305.0,23,3304.0,15
rb1805,20170714,20170713,210612500,3305.0,1346,86950,44554220.0,3305.0,23,3304.0,13
rb1805,20170714,20170713,210613000,3305.0,1348,86950,44620320.0,3305.0,22,3304.0,13
rb1805,20170714,20170713,210615500,3305.0,1348,86950,44620320.0,3305.0,32,3304.0,13
rb1805,20170714,20170713,210616000,3304.0,1352,86948,44752480.0,3305.0,32,3304.0,10
rb1805,20170714,20170713,210617000,3304.0,1352,86948,44752480.0,3305.0,27,3304.0,10
rb1805,20170714,20170713,210617500,3304.0,1352,86948,44752480.0,3305.0,27,3304.0,10
rb1805,20170714,20170713,210618500,3304.0,1352,86948,44752480.0,3305.0,27,3304.0,12
rb1805,20170714,20170713,210619000,3304.0,1356,86946,44884640.0,3305.0,32,3304.0,10
rb1805,20170714,20170713,210619500,3304.0,1356,86946,44884640.0,3305.0,27,3304.0,10
rb1805,20170714,20170713,210620000,3304.0,1356,86946,44884640.0,3305.0,27,3304.0,10
rb1805,20170714,20170713,210620500,3304.0,1356,86946,44884640.0,3305.0,27,3304.0,10
rb1805,20170714,20170713,210624000,3304.0,1356,86946,44884640.0,3305.0,27,3304.0,10
rb1805,20170714,20170713,210625500,3304.0,1356,86946,44884640.0,3305.0,27,3304.0,10
rb1805,20170714,20170713,210626000,3305.0,1358,86946,44950740.0,3305.0,26,3304.0,10
rb1805,20170714,20170713,210627500,3305.0,1358,86946,44950740.0,3305.0,26,3304.0,10
rb1805,20170714,20170713,210628000,3305.0,1358,86946,44950740.0,3305.0,26,3304.0,10
rb1805,20170714,20170713,210629500,3305.0,1358,86946,44950740.0,3305.0,26,3304.0,10
rb1805,20170714,20170713,210631000,3305.0,1358,86946,44950740.0,3305.0,26,3304.0,10
rb1805,20170714,20170713,210632000,3305.0,1358,86946,44950740.0,3305.0,26,3304.0,15
rb1805,20170714,20170713,210632500,3305.0,1362,86944,45082920.0,3305.0,25,3304.0,14
rb1805,20170714,20170713,210633000,3305.0,1362,86944,45082920.0,3305.0,25,3304.0,14
rb1805,20170714,20170713,210634000,3305.0,1364,86942,45149020.0,3305.0,24,3304.0,14
rb1805,20170714,20170713,210634500,3305.0,1364,86942,45149020.0,3305.0,29,3304.0,9
rb1805,20170714,20170713,210635000,3305.0,1364,86942,45149020.0,3305.0,29,3304.0,9
rb1805,20170714,20170713,210635500,3305.0,1366,86942,45215120.0,3305.0,28,3304.0,9
rb1805,20170714,20170713,210638500,3305.0,1366,86942,45215120.0,3305.0,23,3304.0,9
rb1805,20170714,20170713,210639500,3305.0,1366,86942,45215120.0,3305.0,23,3304.0,9
rb1805,20170714,20170713,210642500,3304.0,1384,86950,45809840.0,3305.0,28,3303.0,4
rb1805,20170714,20170713,210643000,3304.0,1384,86950,45809840.0,3304.0,5,3303.0,1
rb1805,20170714,20170713,210643500,3302.0,1390,86950,46007980.0,3302.0,3,3301.0,3
rb1805,20170714,20170713,210644000,3302.0,1392,86948,46074020.0,3302.0,3,3301.0,3
rb1805,20170714,20170713,210644500,3301.0,1398,86942,46272120.0,3303.0,2,3301.0,1
rb1805,20170714,20170713,210645000,3301.0,1398,86942,46272120.0,3303.0,2,3301.0,6
rb1805,20170714,20170713,210647000,3301.0,1398,86942,46272120.0,3302.0,2,3301.0,1
rb1805,20170714,20170713,210647500,3301.0,1400,86942,46338140.0,3301.0,1,3300.0,34
rb1805,20170714,20170713,210648000,3302.0,1404,86942,46470200.0,3303.0,7,3301.0,8
rb1805,20170714,20170713,210648500,3301.0,1406,86942,46536220.0,3303.0,5,3301.0,7
rb1805,20170714,20170713,210649000,3301.0,1406,86942,46536220.0,3303.0,6,3301.0,7
rb1805,20170714,20170713,210649500,3301.0,1406,86942,46536220.0,3303.0,6,3300.0,42
rb1805,20170714,20170713,210650500,3301.0,1406,86942,46536220.0,3303.0,6,3300.0,43
rb1805,20170714,20170713,210651000,3301.0,1406,86942,46536220.0,3303.0,6,3300.0,43
rb1805,20170714,20170713,210652500,3301.0,1406,86942,46536220.0,3303.0,6,3300.0,44
rb1805,20170714,20170713,210653000,3300.0,1418,86942,46932220.0,3303.0,6,3300.0,38
rb1805,20170714,20170713,210653500,3300.0,1422,86942,47064220.0,3302.0,2,3301.0,1
rb1805,20170714,20170713,210654500,3300.0,1422,86942,47064220.0,3302.0,2,3301.0,1
rb1805,20170714,20170713,210655500,3301.0,1424,86942,47130240.0,3302.0,7,3300.0,34
rb1805,20170714,20170713,210657500,3301.0,1424,86942,47130240.0,3301.0,1,3300.0,29
rb1805,20170714,20170713,210658000,3301.0,1424,86942,47130240.0,3301.0,1,3300.0,26
rb1805,20170714,20170713,210658500,3300.0,1476,86932,48846240.0,3300.0,45,3299.0,2
rb1805,20170714,20170713,210659000,3300.0,1476,86932,48846240.0,3300.0,45,3299.0,4
rb1805,20170714,20170713,210659500,3300.0,1484,86926,49110240.0,3300.0,41,3299.0,4
rb1805,20170714,20170713,210700000,3300.0,1496,86924,49506160.0,3300.0,39,3298.0,4
rb1805,20170714,20170713,210700500,3300.0,1496,86924,49506160.0,3300.0,39,3298.0,8
rb1805,20170714,20170713,210701000,3300.0,1496,86924,49506160.0,3300.0,40,3298.0,8
rb1805,20170714,20170713,210701500,3300.0,1562,86874,51684160.0,3300.0,8,3299.0,3
rb1805,20170714,20170713,210702000,3300.0,1562,86874,51684160.0,3300.0,8,3299.0,3
rb1805,20170714,20170713,210702500,3300.0,1578,86858,52212160.0,3301.0,1,3300.0,2
rb1805,20170714,20170713,210703000,3300.0,1578,86858,52212160.0,3301.0,1,3300.0,1
rb1805,20170714,20170713,210703500,3299.0,1594,86852,52740040.0,3299.0,14,3298.0,4
rb1805,20170714,20170713,210704000,3301.0,1624,86852,53729780.0,3302.0,7,3300.0,13
rb1805,20170714,20170713,210704500,3301.0,1624,86852,53729780.0,3302.0,7,3300.0,3
rb1805,20170714,20170713,210705000,3301.0,1624,86852,53729780.0,3302.0,7,3300.0,3
rb1805,20170714,20170713,210705500,3301.0,1624,86852,53729780.0,3302.0,7,3300.0,3
rb1805,20170714,20170713,210706500,3300.0,1626,86850,53795780.0,3302.0,7,3300.0,5
rb1805,20170714,20170713,210707000,3300.0,1626,86850,53795780.0,3302.0,5,3300.0,5
rb1805,20170714,20170713,210708000,3300.0,1626,86850,53795780.0,3301.0,5,3300.0,5
rb1805,20170714,20170713,210709000,3300.0,1626,86850,53795780.0,3301.0,5,3300.0,6
rb1805,20170714,20170713,210709500,3300.0,1626,86850,53795780.0,3301.0,5,3300.0,6
rb1805,20170714,20170713,210710000,3300.0,1626,86850,53795780.0,3301.0,5,3300.0,7
rb1805,20170714,20170713,210710500,3300.0,1626,86850,53795780.0,3301.0,18,3300.0,7
rb1805,20170714,20170713,210711000,3300.0,1626,86850,53795780.0,3301.0,18,3300.0,7
rb1805,20170714,20170713,210711500,3301.0,1628,86848,53861800.0,3301.0,17,3300.0,12
rb1805,20170714,20170713,210712000,3301.0,1638,86848,54191900.0,3301.0,12,3300.0,12
rb1805,20170714,20170713,210712500,3301.0,1638,86848,54191900.0,3301.0,12,3300.0,13
rb1805,20170714,20170713,210713000,3301.0,1638,86848,54191900.0,3301.0,12,3300.0,10
rb1805,20170714,20170713,210713500,3301.0,1638,86848,54191900.0,3301.0,12,3300.0,12
rb1805,20170714,20170713,210714000,3301.0,1638,86848,54191900.0,3301.0,12,3300.0,12
rb1805,20170714,20170713,210714500,3301.0,1638,86848,54191900.0,3301.0,12,3300.0,13
rb1805,20170714,20170713,210715500,3301.0,1638,86848,54191900.0,3301.0,12,3300.0,13
rb1805,20170714,20170713,210716000,3301.0,1640,86848,54257920.0,3301.0,11,3300.0,13
rb1805,20170714,20170713,210716500,3301.0,1640,86848,54257920.0,3301.0,12,3300.0,7
rb1805,20170714,20170713,210717000,3300.0,1642,86848,54323920.0,3301.0,17,3300.0,2
rb1805,20170714,20170713,210717500,3300.0,1646,86850,54455920.0,3301.0,17,3299.0,10
rb1805,20170714,20170713,210718000,3300.0,1646,86850,54455920.0,3301.0,17,3299.0,13
rb1805,20170714,20170713,210718500,3300.0,1646,86850,54455920.0,3301.0,17,3300.0,2
rb1805,20170714,20170713,210719000,3300.0,1646,86850,54455920.0,3301.0,17,3300.0,2
rb1805,20170714,20170713,210719500,3300.0,1646,86850,54455920.0,3301.0,17,3300.0,2
rb1805,20170714,20170713,210720000,3300.0,1650,86854,54587920.0,3300.0,3,3299.0,10
rb1805,20170714,20170713,210720500,3300.0,1650,86854,54587920.0,3300.0,5,3299.0,10
rb1805,20170714,20170713,210721500,3300.0,1654,86858,54719920.0,3300.0,3,3299.0,10
rb1805,20170714,20170713,210722000,3300.0,1654,86858,54719920.0,3300.0,3,3299.0,10
rb1805,20170714,20170713,210724000,3299.0,1664,86858,55049820.0,3300.0,3,3299.0,5
rb1805,20170714,20170713,210725500,3299.0,1664,86858,55049820.0,3301.0,17,3299.0,5
rb1805,20170714,20170713,210726000,3299.0,1664,86858,55049820.0,3301.0,16,3300.0,1
rb1805,20170714,20170713,210727000,3299.0,1664,86858,55049820.0,3301.0,11,3300.0,1
rb1805,20170714,20170713,210728500,3300.0,1666,86858,55115820.0,3301.0,11,3299.0,5
rb1805,20170714,20170713,210729000,3300.0,1666,86858,55115820.0,3301.0,11,3299.0,5
rb1805,20170714,20170713,210729500,3299.0,1668,86858,55181800.0,3301.0,11,3299.0,4
rb1805,20170714,20170713,210730000,3299.0,1668,86858,55181800.0,3301.0,11,3300.0,2
rb1805,20170714,20170713,210730500,3299.0,1668,86858,55181800.0,3301.0,11,3300.0,2
rb1805,20170714,20170713,210731000,3299.0,1668,86858,55181800.0,3301.0,11,3300.0,2
rb1805,20170714,20170713,210733000,3299.0,1668,86858,55181800.0,3301.0,11,3300.0,2
rb1805,20170714,20170713,210733500,3299.0,1668,86858,55181800.0,3301.0,11,3300.0,2
rb1805,20170714,20170713,210734000,3299.0,1668,86858,55181800.0,3301.0,11,3300.0,2
rb1805,20170714,20170713,210734500,3300.0,1672,86860,55313800.0,3301.0,11,3299.0,6
rb1805,20170714,20170713,210735500,3300.0,1672,86860,55313800.0,3301.0,11,3300.0,1
rb1805,20170714,20170713,210736000,3300.0,1672,86860,55313800.0,3301.0,11,3300.0,3
rb1805,20170714,20170713,210737500,3300.0,1672,86860,55313800.0,3301.0,11,3300.0,3
rb1805,20170714,20170713,210738000,3301.0,1678,86856,55511860.0,3301.0,18,3300.0,8
rb1805,20170714,20170713,210738500,3301.0,1682,86852,55643900.0,3301.0,16,3300.0,8
rb1805,20170714,20170713,210739000,3301.0,1698,86852,56172060.0,3301.0,8,3300.0,8
rb1805,20170714,20170713,210739500,3301.0,1698,86852,56172060.0,3301.0,8,3300.0,11
rb1805,20170714,20170713,210741500,3301.0,1700,86852,56238080.0,3301.0,7,3300.0,11
rb1805,20170714,20170713,210742000,3300.0,1702,86852,56304080.0,3301.0,7,3300.0,10
rb1805,20170714,20170713,210743000,3300.0,1702,86852,56304080.0,3301.0,7,3300.0,3
rb1805,20170714,20170713,210743500,3300.0,1702,86852,56304080.0,3301.0,12,3300.0,6
rb1805,20170714,20170713,210744500,3300.0,1702,86852,56304080.0,3301.0,7,3300.0,7
rb1805,20170714,20170713,210745500,3300.0,1704,86854,56370080.0,3301.0,7,3300.0,6
rb1805,20170714,20170713,210746000,3300.0,1704,86854,56370080.0,3301.0,7,3300.0,3
rb1805,20170714,20170713,210747000,3300.0,1706,86854,56436080.0,3301.0,7,3300.0,2
rb1805,20170714,20170713,210751000,3300.0,1706,86854,56436080.0,3301.0,8,3300.0,2
rb1805,20170714,20170713,210751500,3300.0,1706,86854,56436080.0,3301.0,8,3300.0,2
rb1805,20170714,20170713,210752000,3300.0,1706,86854,56436080.0,3301.0,8,3300.0,3
rb1805,20170714,20170713,210752500,3300.0,1706,86854,56436080.0,3301.0,7,3300.0,3
rb1805,20170714,20170713,210753000,3300.0,1706,86854,56436080.0,3301.0,7,3300.0,8
rb1805,20170714,20170713,210755000,3300.0,1708,86856,56502080.0,3301.0,7,3300.0,12
rb1805,20170714,20170713,210756000,3301.0,1722,86856,56964220.0,3302.0,5,3301.0,3
rb1805,20170714,20170713,210756500,3301.0,1722,86856,56964220.0,3303.0,1,3301.0,3
rb1805,20170714,20170713,210757000,3301.0,1722,86856,56964220.0,3303.0,1,3301.0,3
rb1805,20170714,20170713,210757500,3301.0,1722,86856,56964220.0,3303.0,1,3301.0,3
rb1805,20170714,20170713,210758000,3301.0,1722,86856,56964220.0,3303.0,1,3301.0,4
rb1805,20170714,20170713,210758500,3301.0,1722,86856,56964220.0,3303.0,1,3301.0,4
rb1805,20170714,20170713,210759000,3301.0,1722,86856,56964220.0,3302.0,3,3301.0,4
rb1805,20170714,20170713,210800000,3302.0,1726,86856,57096300.0,3302.0,1,3301.0,4
rb1805,20170714,20170713,210800500,3303.0,1732,86860,57294460.0,3304.0,100,3301.0,9
rb1805,20170714,20170713,210801000,3303.0,1732,86860,57294460.0,3303.0,2,3301.0,14
rb1805,20170714,20170713,210802000,3303.0,1732,86860,57294460.0,3303.0,2,3301.0,14
rb1805,20170714,20170713,210804000,3303.0,1732,86860,57294460.0,3303.0,17,3301.0,14
rb1805,20170714,20170713,210805500,3301.0,1736,86864,57426500.0,3303.0,17,3301.0,12
rb1805,20170714,20170713,210806000,3301.0,1736,86864,57426500.0,3303.0,17,3301.0,12
rb1805,20170714,20170713,210806500,3301.0,1736,86864,57426500.0,3303.0,17,3301.0,12
rb1805,20170714,20170713,210807500,3301.0,1736,86864,57426500.0,3303.0,20,3301.0,12
rb1805,20170714,20170713,210808000,3301.0,1736,86864,57426500.0,3303.0,26,3301.0,2
rb1805,20170714,20170713,210809000,3303.0,1738,86864,57492560.0,3303.0,25,3301.0,2
rb1805,20170714,20170713,210809500,3303.0,1738,86864,57492560.0,3303.0,24,3301.0,7
rb1805,20170714,20170713,210811000,3303.0,1738,86864,57492560.0,3303.0,25,3301.0,2
rb1805,20170714,20170713,210812000,3301.0,1742,86868,57624600.0,3301.0,2,3300.0,12
rb1805,20170714,20170713,210812500,3301.0,1742,86868,57624600.0,3301.0,2,3300.0,11
rb1805,20170714,20170713,210813000,3303.0,1762,86872,58285120.0,3303.0,16,3300.0,6
rb1805,20170714,20170713,210813500,3303.0,1762,86872,58285120.0,3303.0,17,3300.0,6
rb1805,20170714,20170713,210814000,3303.0,1762,86872,58285120.0,3303.0,17,3300.0,6
rb1805,20170714,20170713,210815000,3303.0,1762,86872,58285120.0,3303.0,17,3300.0,6
rb1805,20170714,20170713,210816000,3303.0,1762,86872,58285120.0,3303.0,17,3300.0,5
rb1805,20170714,20170713,210816500,3303.0,1762,86872,58285120.0,3303.0,17,3300.0,5
rb1805,20170714,20170713,210817000,3303.0,1762,86872,58285120.0,3303.0,17,3300.0,5
rb1805,20170714,20170713,210817500,3303.0,1764,86872,58351180.0,3301.0,2,3300.0,5
rb1805,20170714,20170713,210818000,3303.0,1764,86872,58351180.0,3301.0,2,3300.0,5
rb1805,20170714,20170713,210818500,3303.0,1764,86872,58351180.0,3301.0,3,3300.0,5
rb1805,20170714,20170713,210819000,3300.0,1774,86872,58681180.0,3300.0,4,3299.0,6
rb1805,20170714,20170713,210819500,3300.0,1774,86872,58681180.0,3300.0,1,3299.0,6
rb1805,20170714,20170713,210820500,3300.0,1774,86872,58681180.0,3300.0,1,3299.0,6
rb1805,20170714,20170713,210821000,3300.0,1774,86872,58681180.0,3300.0,1,3299.0,6
rb1805,20170714,20170713,210821500,3299.0,1786,86864,59077060.0,3300.0,6,3298.0,6
rb1805,20170714,20170713,210822000,3300.0,1796,86874,59407060.0,3300.0,1,3298.0,7
rb1805,20170714,20170713,210822500,3303.0,1804,86876,59671200.0,3303.0,15,3298.0,7
rb1805,20170714,20170713,210823000,3303.0,1804,86876,59671200.0,3300.0,3,3298.0,13
rb1805,20170714,20170713,210823500,3303.0,1804,86876,59671200.0,3300.0,3,3298.0,12
rb1805,20170714,20170713,210824500,3303.0,1804,86876,59671200.0,3300.0,3,3298.0,12
rb1805,20170714,20170713,210825000,3303.0,1804,86876,59671200.0,3299.0,3,3298.0,12
rb1805,20170714,20170713,210825500,3303.0,1804,86876,59671200.0,3299.0,3,3298.0,12
rb1805,20170714,20170713,210826000,3303.0,1804,86876,59671200.0,3299.0,3,3298.0,7
rb1805,20170714,20170713,210826500,3303.0,1804,86876,59671200.0,3299.0,3,3298.0,7
rb1805,20170714,20170713,210827500,3303.0,1804,86876,59671200.0,3299.0,3,3298.0,27
rb1805,20170714,20170713,210828000,3298.0,1808,86876,59803120.0,3299.0,3,3298.0,25
rb1805,20170714,20170713,210828500,3298.0,1818,86874,60132920.0,3299.0,3,3298.0,20
rb1805,20170714,20170713,210829000,3298.0,1818,86874,60132920.0,3299.0,3,3298.0,22
rb1805,20170714,20170713,210829500,3298.0,1818,86874,60132920.0,3299.0,3,3298.0,22
rb1805,20170714,20170713,210830500,3298.0,1822,86870,60264840.0,3299.0,3,3298.0,20
rb1805,20170714,20170713,210831000,3298.0,1832,86868,60594640.0,3299.0,3,3298.0,15
rb1805,20170714,20170713,210831500,3299.0,1842,86872,60924480.0,3299.0,1,3298.0,12
rb1805,20170714,20170713,210832000,3298.0,1856,86862,61386200.0,3299.0,4,3298.0,5
rb1805,20170714,20170713,210832500,3298.0,1866,86866,61716000.0,3298.0,8,3297.0,2
rb1805,20170714,20170713,210833000,3297.0,1870,86866,61847880.0,3298.0,8,3296.0,1
rb1805,20170714,20170713,210833500,3297.0,1876,86870,62045660.0,3297.0,4,3295.0,4
rb1805,20170714,20170713,210834000,3294.0,1886,86874,62375140.0,3295.0,4,3294.0,3
rb1805,20170714,20170713,210834500,3294.0,1894,86878,62638660.0,3294.0,3,3292.0,5
rb1805,20170714,20170713,210835000,3294.0,1896,86880,62704540.0,3294.0,2,3292.0,4
rb1805,20170714,20170713,210835500,3294.0,1898,86882,62770420.0,3294.0,1,3293.0,2
rb1805,20170714,20170713,210836000,3293.0,1900,86884,62836280.0,3299.0,1,3293.0,1
rb1805,20170714,20170713,210836500,3293.0,1900,86884,62836280.0,3297.0,2,3294.0,1
rb1805,20170714,20170713,210837000,3293.0,1900,86884,62836280.0,3296.0,1,3294.0,7
rb1805,20170714,20170713,210837500,3294.0,1902,86886,62902160.0,3298.0,1,3294.0,6
rb1805,20170714,20170713,210838000,3294.0,1934,86870,63956240.0,3294.0,28,3293.0,6
rb1805,20170714,20170713,210838500,3294.0,1956,86864,64680920.0,3294.0,17,3293.0,1
rb1805,20170714,20170713,210839000,3294.0,1958,86864,64746800.0,3294.0,16,3293.0,1
rb1805,20170714,20170713,210839500,3294.0,1958,86864,64746800.0,3294.0,17,3293.0,1
rb1805,20170714,20170713,210840000,3293.0,1960,86866,64812660.0,3294.0,17,3292.0,5
rb1805,20170714,20170713,210841000,3294.0,1962,86864,64878540.0,3294.0,16,3292.0,5
rb1805,20170714,20170713,210841500,3294.0,1962,86864,64878540.0,3294.0,16,3293.0,1
rb1805,20170714,20170713,210842000,3294.0,1962,86864,64878540.0,3294.0,16,3293.0,1
rb1805,20170714,20170713,210842500,3294.0,1962,86864,64878540.0,3294.0,16,3293.0,1
rb1805,20170714,20170713,210843000,3294.0,1962,86864,64878540.0,3294.0,16,3293.0,1
rb1805,20170714,20170713,210843500,3293.0,1964,86862,64944400.0,3293.0,15,3292.0,6
rb1805,20170714,20170713,210844000,3293.0,1964,86862,64944400.0,3293.0,16,3292.0,9
rb1805,20170714,20170713,210844500,3293.0,1964,86862,64944400.0,3293.0,15,3292.0,6
rb1805,20170714,20170713,210845000,3293.0,1970,86856,65141980.0,3293.0,12,3292.0,9
rb1805,20170714,20170713,210845500,3293.0,1978,86856,65405420.0,3293.0,8,3292.0,9
rb1805,20170714,20170713,210846000,3293.0,1984,86856,65603000.0,3293.0,5,3292.0,9
rb1805,20170714,20170713,210846500,3293.0,1986,86856,65668860.0,3293.0,4,3292.0,9
rb1805,20170714,20170713,210847000,3292.0,1988,86856,65734700.0,3293.0,4,3292.0,8
rb1805,20170714,20170713,210847500,3293.0,1996,86848,65998140.0,3294.0,1,3293.0,2
rb1805,20170714,20170713,210848000,3293.0,1996,86848,65998140.0,3294.0,1,3293.0,5
rb1805,20170714,20170713,210848500,3293.0,1996,86848,65998140.0,3294.0,1,3292.0,6
rb1805,20170714,20170713,210849000,3293.0,1996,86848,65998140.0,3294.0,1,3292.0,9
rb1805,20170714,20170713,210849500,3293.0,1996,86848,65998140.0,3293.0,1,3292.0,9
rb1805,20170714,20170713,210850500,3297.0,2004,86850,66261760.0,3297.0,99,3293.0,2
rb1805,20170714,20170713,210851000,3297.0,2004,86850,66261760.0,3297.0,104,3293.0,5
rb1805,20170714,20170713,210851500,3297.0,2004,86850,66261760.0,3297.0,104,3293.0,5
rb1805,20170714,20170713,210852000,3297.0,2004,86850,66261760.0,3297.0,104,3293.0,5
rb1805,20170714,20170713,210852500,3297.0,2004,86850,66261760.0,3297.0,104,3293.0,6
rb1805,20170714,20170713,210853000,3297.0,2004,86850,66261760.0,3297.0,104,3293.0,6
rb1805,20170714,20170713,210853500,3297.0,2004,86850,66261760.0,3297.0,106,3293.0,6
rb1805,20170714,20170713,210854000,3297.0,2004,86850,66261760.0,3296.0,20,3293.0,6
rb1805,20170714,20170713,210854500,3297.0,2004,86850,66261760.0,3296.0,25,3293.0,1
rb1805,20170714,20170713,210855000,3297.0,2004,86850,66261760.0,3296.0,25,3293.0,4
rb1805,20170714,20170713,210855500,3297.0,2004,86850,66261760.0,3296.0,25,3293.0,1
rb1805,20170714,20170713,210856000,3297.0,2004,86850,66261760.0,3296.0,45,3294.0,2
rb1805,20170714,20170713,210856500,3293.0,2010,86850,66459380.0,3293.0,1,3292.0,11
rb1805,20170714,20170713,210857000,3296.0,2016,86852,66657080.0,3296.0,43,3293.0,3
rb1805,20170714,20170713,210857500,3296.0,2016,86852,66657080.0,3295.0,2,3294.0,2
rb1805,20170714,20170713,210858000,3296.0,2016,86852,66657080.0,3295.0,2,3294.0,2
rb1805,20170714,20170713,210858500,3296.0,2016,86852,66657080.0,3295.0,2,3294.0,5
rb1805,20170714,20170713,210859000,3295.0,2018,86852,66722980.0,3295.0,1,3294.0,5
rb1805,20170714,20170713,210900500,3295.0,2018,86852,66722980.0,3295.0,1,3294.0,2
rb1805,20170714,20170713,210901000,3295.0,2018,86852,66722980.0,3295.0,2,3294.0,2
rb1805,20170714,20170713,210901500,3295.0,2018,86852,66722980.0,3295.0,2,3294.0,2
rb1805,20170714,20170713,210902500,3296.0,2024,86854,66920700.0,3296.0,45,3294.0,2
rb1805,20170714,20170713,210903000,3296.0,2024,86854,66920700.0,3296.0,45,3294.0,5
rb1805,20170714,20170713,210903500,3296.0,2024,86854,66920700.0,3296.0,45,3295.0,1
rb1805,20170714,20170713,210904000,3295.0,2028,86854,67052500.0,3296.0,45,3294.0,2
rb1805,20170714,20170713,210904500,3295.0,2028,86854,67052500.0,3296.0,46,3295.0,1
rb1805,20170714,20170713,210905000,3295.0,2028,86854,67052500.0,3296.0,40,3295.0,8
rb1805,20170714,20170713,210905500,3295.0,2028,86854,67052500.0,3296.0,40,3295.0,2
rb1805,20170714,20170713,210906500,3295.0,2028,86854,67052500.0,3296.0,40,3295.0,2
rb1805,20170714,20170713,210907500,3295.0,2030,86854,67118400.0,3296.0,40,3295.0,1
rb1805,20170714,20170713,210908000,3295.0,2032,86854,67184300.0,3295.0,1,3294.0,2
rb1805,20170714,20170713,210908500,3295.0,2032,86854,67184300.0,3296.0,41,3294.0,5
rb1805,20170714,20170713,210909000,3295.0,2032,86854,67184300.0,3296.0,40,3294.0,2
rb1805,20170714,20170713,210909500,3295.0,2032,86854,67184300.0,3296.0,45,3295.0,2
rb1805,20170714,20170713,210910000,3295.0,2032,86854,67184300.0,3296.0,45,3295.0,2
rb1805,20170714,20170713,210910500,3295.0,2032,86854,67184300.0,3296.0,45,3295.0,3
rb1805,20170714,20170713,210911000,3295.0,2038,86854,67382000.0,3295.0,4,3294.0,2
rb1805,20170714,20170713,210911500,3295.0,2038,86854,67382000.0,3296.0,46,3294.0,5
rb1805,20170714,20170713,210912000,3295.0,2040,86854,67447900.0,3296.0,46,3294.0,9
rb1805,20170714,20170713,210912500,3295.0,2040,86854,67447900.0,3296.0,8,3294.0,5
rb1805,20170714,20170713,210913000,3295.0,2040,86854,67447900.0,3296.0,8,3294.0,2
rb1805,20170714,20170713,210913500,3295.0,2040,86854,67447900.0,3296.0,8,3294.0,2
rb1805,20170714,20170713,210914500,3294.0,2044,86854,67579660.0,3296.0,8,3292.0,12
rb1805,20170714,20170713,210915000,3294.0,2044,86854,67579660.0,3296.0,8,3294.0,6
rb1805,20170714,20170713,210915500,3294.0,2044,86854,67579660.0,3296.0,8,3293.0,2
rb1805,20170714,20170713,210916000,3294.0,2044,86854,67579660.0,3296.0,8,3293.0,5
rb1805,20170714,20170713,210917000,3294.0,2044,86854,67579660.0,3294.0,6,3293.0,2
rb1805,20170714,20170713,210917500,3294.0,2052,86846,67843180.0,3294.0,47,3293.0,5
rb1805,20170714,20170713,210918000,3294.0,2058,86840,68040820.0,3294.0,44,3293.0,2
rb1805,20170714,20170713,210919000,3294.0,2058,86840,68040820.0,3294.0,44,3293.0,5
rb1805,20170714,20170713,210919500,3294.0,2058,86840,68040820.0,3294.0,44,3293.0,10
rb1805,20170714,20170713,210920000,3293.0,2100,86830,69424260.0,3293.0,1,3292.0,12
rb1805,20170714,20170713,210920500,3293.0,2102,86828,69490120.0,3294.0,25,3293.0,23
rb1805,20170714,20170713,210921000,3293.0,2102,86828,69490120.0,3294.0,25,3293.0,5
rb1805,20170714,20170713,210921500,3293.0,2112,86822,69819420.0,3294.0,30,3292.0,12
rb1805,20170714,20170713,210923000,3293.0,2112,86822,69819420.0,3294.0,30,3292.0,12
rb1805,20170714,20170713,210924000,3294.0,2114,86820,69885300.0,3294.0,29,3292.0,12
rb1805,20170714,20170713,210924500,3294.0,2116,86818,69951180.0,3294.0,28,3292.0,12
rb1805,20170714,20170713,210925000,3294.0,2116,86818,69951180.0,3294.0,28,3292.0,20
rb1805,20170714,20170713,210925500,3294.0,2116,86818,69951180.0,3294.0,28,3292.0,20
rb1805,20170714,20170713,210926000,3294.0,2116,86818,69951180.0,3294.0,28,3293.0,3
rb1805,20170714,20170713,210926500,3294.0,2116,86818,69951180.0,3294.0,23,3293.0,3
rb1805,20170714,20170713,210928500,3294.0,2116,86818,69951180.0,3294.0,23,3293.0,11
rb1805,20170714,20170713,210929000,3294.0,2162,86780,71466420.0,3295.0,1,3293.0,11
rb1805,20170714,20170713,210929500,3294.0,2162,86780,71466420.0,3295.0,1,3293.0,11
rb1805,20170714,20170713,210930000,3294.0,2162,86780,71466420.0,3295.0,1,3294.0,2
rb1805,20170714,20170713,210930500,3294.0,2162,86780,71466420.0,3295.0,1,3294.0,2
rb1805,20170714,20170713,210931500,3295.0,2164,86780,71532320.0,3296.0,8,3295.0,1
rb1805,20170714,20170713,210932000,3295.0,2166,86778,71598220.0,3296.0,3,3294.0,2
rb1805,20170714,20170713,210933000,3295.0,2166,86778,71598220.0,3296.0,3,3294.0,2
rb1805,20170714,20170713,210933500,3295.0,2166,86778,71598220.0,3296.0,3,3294.0,2
rb1805,20170714,20170713,210934000,3295.0,2166,86778,71598220.0,3296.0,3,3294.0,2
rb1805,20170714,20170713,210935000,3295.0,2166,86778,71598220.0,3296.0,3,3295.0,2
rb1805,20170714,20170713,210935500,3295.0,2166,86778,71598220.0,3296.0,3,3294.0,5
rb1805,20170714,20170713,210936000,3295.0,2166,86778,71598220.0,3296.0,3,3294.0,15
rb1805,20170714,20170713,210936500,3295.0,2166,86778,71598220.0,3296.0,3,3294.0,15
rb1805,20170714,20170713,210937000,3295.0,2166,86778,71598220.0,3296.0,3,3294.0,15
rb1805,20170714,20170713,210937500,3295.0,2166,86778,71598220.0,3296.0,3,3295.0,1
rb1805,20170714,20170713,210938000,3295.0,2166,86778,71598220.0,3296.0,3,3295.0,1
rb1805,20170714,20170713,210938500,3295.0,2166,86778,71598220.0,3296.0,3,3295.0,1
rb1805,20170714,20170713,210939000,3295.0,2166,86778,71598220.0,3296.0,3,3295.0,1
rb1805,20170714,20170713,210939500,3296.0,2172,86784,71795980.0,3297.0,107,3296.0,1
rb1805,20170714,20170713,210940000,3296.0,2174,86786,71861900.0,3296.0,2,3295.0,1
rb1805,20170714,20170713,210940500,3296.0,2174,86786,71861900.0,3297.0,100,3295.0,1
rb1805,20170714,20170713,210943500,3296.0,2174,86786,71861900.0,3297.0,100,3295.0,1
rb1805,20170714,20170713,210945000,3296.0,2174,86786,71861900.0,3297.0,100,3295.0,1
rb1805,20170714,20170713,210945500,3296.0,2174,86786,71861900.0,3297.0,100,3295.0,1
rb1805,20170714,20170713,210946000,3296.0,2174,86786,71861900.0,3297.0,100,3295.0,2
rb1805,20170714,20170713,210946500,3296.0,2174,86786,71861900.0,3297.0,100,3295.0,10
rb1805,20170714,20170713,210947000,3296.0,2174,86786,71861900.0,3297.0,100,3295.0,10
rb1805,20170714,20170713,210947500,3296.0,2174,86786,71861900.0,3297.0,100,3295.0,2
rb1805,20170714,20170713,210948000,3296.0,2174,86786,71861900.0,3296.0,2,3295.0,2
rb1805,20170714,20170713,210948500,3295.0,2176,86784,71927800.0,3296.0,2,3295.0,4
rb1805,20170714,20170713,210949500,3295.0,2182,86784,72125500.0,3296.0,2,3295.0,1
rb1805,20170714,20170713,210950000,3295.0,2184,86782,72191400.0,3296.0,2,3295.0,1
rb1805,20170714,20170713,210950500,3295.0,2186,86782,72257300.0,3295.0,1,3294.0,4
rb1805,20170714,20170713,210951000,3296.0,2192,86776,72455040.0,3297.0,105,3295.0,6
rb1805,20170714,20170713,210951500,3296.0,2192,86776,72455040.0,3297.0,105,3295.0,1
rb1805,20170714,20170713,210952000,3296.0,2192,86776,72455040.0,3297.0,105,3295.0,1
rb1805,20170714,20170713,210952500,3296.0,2192,86776,72455040.0,3297.0,105,3294.0,4
rb1805,20170714,20170713,210953000,3297.0,2202,86780,72784740.0,3297.0,100,3294.0,4
rb1805,20170714,20170713,210953500,3297.0,2202,86780,72784740.0,3296.0,1,3294.0,4
rb1805,20170714,20170713,210954000,3297.0,2224,86788,73510080.0,3297.0,89,3296.0,6
rb1805,20170714,20170713,210954500,3296.0,2240,86792,74037440.0,3297.0,84,3295.0,5
rb1805,20170714,20170713,210956000,3296.0,2240,86792,74037440.0,3297.0,89,3295.0,5
rb1805,20170714,20170713,210957000,3296.0,2240,86792,74037440.0,3297.0,84,3295.0,5
rb1805,20170714,20170713,210958000,3296.0,2240,86792,74037440.0,3297.0,84,3295.0,5
rb1805,20170714,20170713,210959500,3296.0,2240,86792,74037440.0,3297.0,89,3295.0,5
rb1805,20170714,20170713,211000000,3296.0,2240,86792,74037440.0,3297.0,89,3296.0,1
rb1805,20170714,20170713,211001500,3296.0,2242,86792,74103360.0,3296.0,3,3295.0,7
rb1805,20170714,20170713,211003000,3296.0,2242,86792,74103360.0,3296.0,3,3295.0,7
rb1805,20170714,20170713,211003500,3296.0,2242,86792,74103360.0,3296.0,3,3295.0,27
rb1805,20170714,20170713,211004000,3296.0,2242,86792,74103360.0,3296.0,3,3295.0,27
rb1805,20170714,20170713,211005500,3296.0,2242,86792,74103360.0,3296.0,3,3295.0,27
rb1805,20170714,20170713,211006000,3296.0,2242,86792,74103360.0,3296.0,3,3295.0,27
rb1805,20170714,20170713,211007000,3296.0,2242,86792,74103360.0,3296.0,3,3295.0,27
rb1805,20170714,20170713,211007500,3296.0,2244,86794,74169280.0,3296.0,2,3295.0,27
rb1805,20170714,20170713,211008000,3296.0,2244,86794,74169280.0,3296.0,2,3295.0,28
rb1805,20170714,20170713,211008500,3296.0,2244,86794,74169280.0,3296.0,2,3295.0,28
rb1805,20170714,20170713,211009000,3296.0,2244,86794,74169280.0,3296.0,1,3295.0,28
rb1805,20170714,20170713,211009500,3295.0,2246,86796,74235180.0,3296.0,1,3295.0,27
rb1805,20170714,20170713,211012500,3295.0,2246,86796,74235180.0,3296.0,1,3295.0,29
rb1805,20170714,20170713,211013000,3295.0,2246,86796,74235180.0,3296.0,1,3295.0,29
rb1805,20170714,20170713,211013500,3295.0,2246,86796,74235180.0,3296.0,1,3295.0,29
rb1805,20170714,20170713,211014000,3295.0,2246,86796,74235180.0,3296.0,1,3295.0,29
rb1805,20170714,20170713,211015000,3295.0,2246,86796,74235180.0,3296.0,1,3295.0,29
rb1805,20170714,20170713,211015500,3295.0,2246,86796,74235180.0,3296.0,1,3295.0,29
rb1805,20170714,20170713,211019000,3295.0,2246,86796,74235180.0,3296.0,1,3295.0,29
rb1805,20170714,20170713,211019500,3295.0,2246,86796,74235180.0,3296.0,1,3295.0,29
rb1805,20170714,20170713,211020000,3295.0,2246,86796,74235180.0,3296.0,1,3295.0,34
rb1805,20170714,20170713,211021500,3296.0,2248,86796,74301100.0,3297.0,89,3295.0,34
rb1805,20170714,20170713,211022000,3296.0,2248,86796,74301100.0,3296.0,1,3295.0,34
rb1805,20170714,20170713,211023500,3296.0,2248,86796,74301100.0,3296.0,1,3295.0,34
rb1805,20170714,20170713,211024000,3296.0,2248,86796,74301100.0,3296.0,1,3295.0,34
rb1805,20170714,20170713,211027500,3295.0,2250,86798,74367000.0,3296.0,1,3295.0,33
rb1805,20170714,20170713,211028500,3295.0,2250,86798,74367000.0,3296.0,1,3295.0,34
rb1805,20170714,20170713,211029500,3295.0,2250,86798,74367000.0,3296.0,1,3295.0,34
rb1805,20170714,20170713,211031500,3295.0,2250,86798,74367000.0,3296.0,1,3295.0,34
rb1805,20170714,20170713,211032000,3295.0,2250,86798,74367000.0,3296.0,2,3295.0,34
rb1805,20170714,20170713,211034000,3295.0,2250,86798,74367000.0,3296.0,7,3295.0,34
rb1805,20170714,20170713,211034500,3295.0,2250,86798,74367000.0,3296.0,7,3295.0,34
rb1805,20170714,20170713,211035000,3295.0,2250,86798,74367000.0,3296.0,7,3295.0,34
rb1805,20170714,20170713,211035500,3295.0,2250,86798,74367000.0,3296.0,8,3295.0,34
rb1805,20170714,20170713,211037000,3295.0,2250,86798,74367000.0,3296.0,7,3295.0,34
rb1805,20170714,20170713,211039500,3295.0,2280,86806,75355500.0,3296.0,7,3295.0,19
rb1805,20170714,20170713,211040000,3295.0,2280,86806,75355500.0,3296.0,7,3295.0,19
rb1805,20170714,20170713,211040500,3295.0,2280,86806,75355500.0,3296.0,7,3295.0,19
rb1805,20170714,20170713,211041000,3295.0,2280,86806,75355500.0,3296.0,10,3295.0,19
rb1805,20170714,20170713,211042000,3295.0,2282,86804,75421400.0,3296.0,10,3295.0,18
rb1805,20170714,20170713,211042500,3295.0,2288,86802,75619100.0,3296.0,10,3295.0,15
rb1805,20170714,20170713,211043500,3295.0,2310,86810,76344000.0,3296.0,11,3295.0,4
rb1805,20170714,20170713,211044000,3295.0,2318,86810,76607600.0,3295.0,2,3294.0,5
rb1805,20170714,20170713,211044500,3295.0,2318,86810,76607600.0,3295.0,3,3294.0,5
rb1805,20170714,20170713,211045000,3295.0,2318,86810,76607600.0,3295.0,9,3294.0,5
rb1805,20170714,20170713,211045500,3294.0,2320,86810,76673480.0,3295.0,9,3294.0,4
rb1805,20170714,20170713,211046000,3295.0,2322,86810,76739380.0,3295.0,8,3294.0,4
rb1805,20170714,20170713,211047500,3294.0,2324,86810,76805260.0,3295.0,3,3294.0,3
rb1805,20170714,20170713,211049500,3294.0,2326,86810,76871140.0,3295.0,8,3294.0,2
rb1805,20170714,20170713,211050000,3294.0,2330,86814,77002900.0,3295.0,8,3293.0,2
rb1805,20170714,20170713,211050500,3294.0,2330,86814,77002900.0,3295.0,8,3293.0,2
rb1805,20170714,20170713,211051500,3293.0,2332,86812,77068760.0,3295.0,8,3293.0,1
rb1805,20170714,20170713,211052500,3293.0,2332,86812,77068760.0,3294.0,5,3293.0,1
rb1805,20170714,20170713,211053000,3293.0,2334,86812,77134620.0,3293.0,9,3292.0,11
rb1805,20170714,20170713,211053500,3293.0,2336,86812,77200480.0,3293.0,14,3292.0,11
rb1805,20170714,20170713,211054000,3293.0,2354,86812,77793220.0,3293.0,5,3292.0,11
rb1805,20170714,20170713,211056000,3292.0,2358,86810,77924920.0,3294.0,5,3292.0,10
rb1805,20170714,20170713,211057000,3292.0,2358,86810,77924920.0,3294.0,5,3293.0,10
rb1805,20170714,20170713,211057500,3293.0,2364,86804,78122500.0,3294.0,5,3293.0,7
rb1805,20170714,20170713,211058000,3293.0,2366,86804,78188360.0,3294.0,5,3293.0,6
rb1805,20170714,20170713,211058500,3292.0,2386,86790,78846880.0,3294.0,5,3292.0,5
rb1805,20170714,20170713,211059000,3294.0,2388,86790,78912760.0,3294.0,4,3292.0,5
rb1805,20170714,20170713,211100500,3294.0,2388,86790,78912760.0,3294.0,8,3292.0,5
rb1805,20170714,20170713,211101000,3294.0,2388,86790,78912760.0,3294.0,8,3293.0,3
rb1805,20170714,20170713,211101500,3293.0,2392,86790,79044480.0,3294.0,8,3293.0,1
rb1805,20170714,20170713,211102500,3293.0,2394,86790,79110340.0,3294.0,7,3292.0,5
rb1805,20170714,20170713,211103000,3293.0,2394,86790,79110340.0,3294.0,7,3292.0,11
rb1805,20170714,20170713,211103500,3293.0,2394,86790,79110340.0,3294.0,7,3292.0,11
rb1805,20170714,20170713,211104000,3293.0,2394,86790,79110340.0,3294.0,7,3292.0,11
rb1805,20170714,20170713,211105000,3294.0,2396,86790,79176220.0,3294.0,6,3292.0,11
rb1805,20170714,20170713,211105500,3294.0,2396,86790,79176220.0,3294.0,6,3293.0,2
rb1805,20170714,20170713,211106500,3293.0,2398,86792,79242080.0,3294.0,6,3293.0,1
rb1805,20170714,20170713,211108000,3293.0,2398,86792,79242080.0,3294.0,3,3293.0,1
rb1805,20170714,20170713,211109500,3293.0,2398,86792,79242080.0,3294.0,3,3293.0,1
rb1805,20170714,20170713,211110500,3293.0,2400,86792,79307940.0,3293.0,2,3292.0,11
rb1805,20170714,20170713,211111000,3293.0,2400,86792,79307940.0,3293.0,2,3292.0,6
rb1805,20170714,20170713,211112000,3293.0,2404,86788,79439660.0,3294.0,3,3292.0,6
rb1805,20170714,20170713,211112500,3292.0,2406,86790,79505500.0,3294.0,3,3292.0,5
rb1805,20170714,20170713,211113000,3292.0,2410,86790,79637180.0,3294.0,3,3292.0,3
rb1805,20170714,20170713,211114000,3292.0,2412,86790,79703020.0,3294.0,3,3292.0,7
rb1805,20170714,20170713,211114500,3292.0,2412,86790,79703020.0,3293.0,1,3292.0,7
rb1805,20170714,20170713,211115000,3293.0,2416,86792,79834740.0,3294.0,3,3293.0,1
rb1805,20170714,20170713,211115500,3293.0,2416,86792,79834740.0,3294.0,3,3292.0,7
rb1805,20170714,20170713,211116000,3294.0,2420,86792,79966500.0,3294.0,1,3292.0,7
rb1805,20170714,20170713,211116500,3292.0,2422,86792,80032340.0,3294.0,1,3292.0,6
rb1805,20170714,20170713,211117000,3292.0,2422,86792,80032340.0,3294.0,5,3292.0,7
rb1805,20170714,20170713,211118000,3292.0,2422,86792,80032340.0,3294.0,5,3293.0,2
rb1805,20170714,20170713,211118500,3292.0,2422,86792,80032340.0,3294.0,1,3293.0,2
rb1805,20170714,20170713,211119000,3293.0,2424,86794,80098200.0,3294.0,1,3293.0,1
rb1805,20170714,20170713,211119500,3293.0,2426,86796,80164060.0,3294.0,5,3292.0,7
rb1805,20170714,20170713,211122000,3293.0,2426,86796,80164060.0,3294.0,5,3292.0,7
rb1805,20170714,20170713,211123500,3293.0,2426,86796,80164060.0,3294.0,5,3292.0,7
rb1805,20170714,20170713,211124000,3293.0,2426,86796,80164060.0,3294.0,1,3292.0,7
rb1805,20170714,20170713,211124500,3293.0,2426,86796,80164060.0,3294.0,1,3292.0,7
rb1805,20170714,20170713,211126500,3293.0,2426,86796,80164060.0,3294.0,1,3292.0,8
rb1805,20170714,20170713,211127500,3293.0,2426,86796,80164060.0,3294.0,1,3292.0,9
rb1805,20170714,20170713,211129000,3293.0,2426,86796,80164060.0,3294.0,1,3292.0,8
rb1805,20170714,20170713,211130000,3293.0,2426,86796,80164060.0,3294.0,1,3292.0,8
rb1805,20170714,20170713,211132000,3293.0,2426,86796,80164060.0,3294.0,1,3292.0,8
rb1805,20170714,20170713,211133000,3293.0,2426,86796,80164060.0,3294.0,1,3292.0,18
rb1805,20170714,20170713,211135500,3293.0,2426,86796,80164060.0,3294.0,1,3292.0,19
rb1805,20170714,20170713,211136000,3293.0,2426,86796,80164060.0,3294.0,1,3292.0,20
rb1805,20170714,20170713,211136500,3294.0,2428,86794,80229940.0,3295.0,9,3293.0,3
rb1805,20170714,20170713,211137000,3293.0,2430,86796,80295800.0,3295.0,9,3293.0,2
rb1805,20170714,20170713,211137500,3293.0,2430,86796,80295800.0,3295.0,9,3294.0,2
rb1805,20170714,20170713,211138000,3293.0,2430,86796,80295800.0,3295.0,4,3294.0,2
rb1805,20170714,20170713,211138500,3293.0,2430,86796,80295800.0,3295.0,8,3294.0,2
rb1805,20170714,20170713,211139500,3293.0,2430,86796,80295800.0,3295.0,8,3294.0,2
rb1805,20170714,20170713,211140000,3293.0,2432,86796,80361660.0,3295.0,8,3294.0,1
rb1805,20170714,20170713,211140500,3294.0,2434,86798,80427540.0,3295.0,8,3293.0,3
rb1805,20170714,20170713,211141000,3294.0,2434,86798,80427540.0,3295.0,8,3293.0,4
rb1805,20170714,20170713,211142000,3294.0,2434,86798,80427540.0,3295.0,8,3293.0,4
rb1805,20170714,20170713,211143000,3295.0,2444,86806,80757040.0,3295.0,3,3293.0,4
rb1805,20170714,20170713,211145000,3295.0,2446,86806,80822940.0,3295.0,2,3293.0,9
rb1805,20170714,20170713,211145500,3295.0,2448,86804,80888840.0,3295.0,1,3293.0,9
rb1805,20170714,20170713,211146000,3295.0,2448,86804,80888840.0,3295.0,1,3294.0,1
rb1805,20170714,20170713,211146500,3295.0,2448,86804,80888840.0,3296.0,8,3295.0,1
rb1805,20170714,20170713,211147000,3295.0,2448,86804,80888840.0,3296.0,3,3295.0,1
rb1805,20170714,20170713,211149000,3295.0,2448,86804,80888840.0,3296.0,3,3295.0,1
rb1805,20170714,20170713,211150500,3295.0,2450,86806,80954740.0,3296.0,4,3294.0,1
rb1805,20170714,20170713,211151000,3295.0,2450,86806,80954740.0,3296.0,5,3294.0,1
rb1805,20170714,20170713,211152000,3295.0,2450,86806,80954740.0,3296.0,6,3294.0,2
rb1805,20170714,20170713,211152500,3294.0,2454,86802,81086500.0,3294.0,1,3293.0,8
rb1805,20170714,20170713,211153000,3294.0,2454,86802,81086500.0,3294.0,1,3293.0,3
rb1805,20170714,20170713,211153500,3294.0,2454,86802,81086500.0,3294.0,2,3293.0,3
rb1805,20170714,20170713,211154000,3294.0,2454,86802,81086500.0,3294.0,1,3293.0,3
rb1805,20170714,20170713,211154500,3293.0,2456,86802,81152360.0,3294.0,1,3293.0,2
rb1805,20170714,20170713,211155500,3293.0,2456,86802,81152360.0,3295.0,80,3293.0,2
rb1805,20170714,20170713,211156000,3293.0,2458,86804,81218220.0,3295.0,80,3293.0,1
rb1805,20170714,20170713,211156500,3293.0,2460,86802,81284080.0,3294.0,2,3292.0,17
rb1805,20170714,20170713,211158000,3293.0,2460,86802,81284080.0,3294.0,2,3292.0,17
rb1805,20170714,20170713,211158500,3293.0,2460,86802,81284080.0,3294.0,2,3292.0,18
rb1805,20170714,20170713,211159000,3294.0,2468,86806,81547600.0,3294.0,3,3293.0,1
rb1805,20170714,20170713,211159500,3294.0,2468,86806,81547600.0,3294.0,3,3293.0,1
rb1805,20170714,20170713,211201500,3294.0,2468,86806,81547600.0,3294.0,3,3293.0,1
rb1805,20170714,20170713,211202500,3293.0,2470,86806,81613460.0,3293.0,19,3292.0,18
rb1805,20170714,20170713,211203000,3293.0,2470,86806,81613460.0,3293.0,19,3292.0,13
rb1805,20170714,20170713,211203500,3293.0,2472,86806,81679320.0,3293.0,18,3292.0,13
rb1805,20170714,20170713,211204000,3293.0,2474,86804,81745180.0,3293.0,17,3292.0,13
rb1805,20170714,20170713,211204500,3292.0,2476,86806,81811020.0,3293.0,18,3292.0,12
rb1805,20170714,20170713,211205000,3292.0,2476,86806,81811020.0,3293.0,17,3292.0,12
rb1805,20170714,20170713,211205500,3292.0,2476,86806,81811020.0,3293.0,17,3292.0,13
rb1805,20170714,20170713,211206000,3293.0,2478,86804,81876880.0,3293.0,16,3292.0,14
rb1805,20170714,20170713,211207000,3293.0,2488,86804,82206180.0,3293.0,11,3292.0,13
rb1805,20170714,20170713,211207500,3293.0,2488,86804,82206180.0,3293.0,11,3292.0,13
rb1805,20170714,20170713,211208000,3293.0,2488,86804,82206180.0,3293.0,11,3292.0,13
rb1805,20170714,20170713,211208500,3293.0,2488,86804,82206180.0,3293.0,11,3292.0,14
rb1805,20170714,20170713,211209500,3293.0,2488,86804,82206180.0,3293.0,11,3292.0,15
rb1805,20170714,20170713,211210000,3293.0,2506,86804,82798920.0,3293.0,2,3292.0,15
rb1805,20170714,20170713,211210500,3293.0,2506,86804,82798920.0,3294.0,3,3292.0,15
rb1805,20170714,20170713,211212500,3293.0,2506,86804,82798920.0,3294.0,4,3293.0,1
rb1805,20170714,20170713,211213000,3293.0,2508,86802,82864780.0,3294.0,4,3293.0,1
rb1805,20170714,20170713,211213500,3293.0,2508,86802,82864780.0,3294.0,3,3293.0,1
rb1805,20170714,20170713,211214000,3292.0,2530,86800,83589060.0,3294.0,3,3292.0,6
rb1805,20170714,20170713,211214500,3292.0,2530,86800,83589060.0,3294.0,3,3293.0,2
rb1805,20170714,20170713,211215000,3292.0,2530,86800,83589060.0,3294.0,3,3293.0,8
rb1805,20170714,20170713,211215500,3294.0,2532,86802,83654940.0,3294.0,2,3293.0,9
rb1805,20170714,20170713,211216000,3294.0,2536,86802,83786700.0,3295.0,80,3293.0,9
rb1805,20170714,20170713,211216500,3294.0,2536,86802,83786700.0,3295.0,80,3293.0,10
rb1805,20170714,20170713,211218500,3294.0,2536,86802,83786700.0,3295.0,80,3293.0,10
rb1805,20170714,20170713,211219500,3294.0,2536,86802,83786700.0,3295.0,80,3294.0,1
rb1805,20170714,20170713,211220000,3295.0,2556,86822,84445700.0,3295.0,70,3294.0,1
rb1805,20170714,20170713,211220500,3294.0,2558,86824,84511580.0,3295.0,71,3293.0,12
rb1805,20170714,20170713,211222000,3294.0,2558,86824,84511580.0,3294.0,2,3293.0,12
rb1805,20170714,20170713,211222500,3294.0,2560,86824,84577460.0,3294.0,1,3293.0,12
rb1805,20170714,20170713,211223000,3293.0,2562,86824,84643320.0,3294.0,1,3293.0,11
rb1805,20170714,20170713,211225500,3293.0,2562,86824,84643320.0,3294.0,1,3293.0,111
rb1805,20170714,20170713,211226000,3294.0,2564,86826,84709200.0,3295.0,70,3293.0,111
rb1805,20170714,20170713,211226500,3294.0,2564,86826,84709200.0,3295.0,70,3294.0,1
rb1805,20170714,20170713,211227000,3293.0,2568,86826,84840940.0,3295.0,70,3293.0,110
rb1805,20170714,20170713,211227500,3293.0,2568,86826,84840940.0,3295.0,70,3293.0,113
rb1805,20170714,20170713,211228000,3293.0,2568,86826,84840940.0,3295.0,70,3293.0,113
rb1805,20170714,20170713,211228500,3293.0,2568,86826,84840940.0,3295.0,71,3293.0,106
rb1805,20170714,20170713,211231000,3293.0,2568,86826,84840940.0,3295.0,71,3293.0,114
rb1805,20170714,20170713,211232000,3293.0,2568,86826,84840940.0,3295.0,71,3293.0,114
rb1805,20170714,20170713,211233500,3295.0,2570,86826,84906840.0,3295.0,69,3293.0,114
rb1805,20170714,20170713,211234000,3295.0,2570,86826,84906840.0,3295.0,69,3293.0,114
rb1805,20170714,20170713,211235000,3295.0,2570,86826,84906840.0,3295.0,69,3294.0,3
rb1805,20170714,20170713,211235500,3295.0,2570,86826,84906840.0,3295.0,69,3294.0,3
rb1805,20170714,20170713,211236000,3295.0,2570,86826,84906840.0,3295.0,69,3294.0,3
rb1805,20170714,20170713,211237500,3295.0,2570,86826,84906840.0,3295.0,69,3294.0,4
rb1805,20170714,20170713,211238500,3295.0,2570,86826,84906840.0,3295.0,69,3294.0,1
rb1805,20170714,20170713,211240500,3295.0,2570,86826,84906840.0,3295.0,69,3294.0,3
rb1805,20170714,20170713,211241000,3295.0,2572,86826,84972740.0,3295.0,68,3294.0,3
rb1805,20170714,20170713,211241500,3294.0,2574,86828,85038620.0,3295.0,68,3294.0,2
rb1805,20170714,20170713,211242000,3295.0,2578,86830,85170420.0,3295.0,66,3294.0,2
rb1805,20170714,20170713,211242500,3295.0,2580,86830,85236320.0,3295.0,65,3294.0,2
rb1805,20170714,20170713,211243500,3295.0,2580,86830,85236320.0,3295.0,65,3294.0,5
rb1805,20170714,20170713,211244500,3294.0,2582,86830,85302200.0,3295.0,65,3294.0,1
rb1805,20170714,20170713,211245500,3294.0,2582,86830,85302200.0,3295.0,65,3294.0,1
rb1805,20170714,20170713,211247000,3294.0,2582,86830,85302200.0,3295.0,65,3294.0,4
rb1805,20170714,20170713,211247500,3294.0,2582,86830,85302200.0,3295.0,65,3294.0,1
rb1805,20170714,20170713,211248000,3294.0,2582,86830,85302200.0,3295.0,65,3294.0,4
rb1805,20170714,20170713,211248500,3294.0,2582,86830,85302200.0,3295.0,65,3294.0,4
rb1805,20170714,20170713,211251000,3294.0,2582,86830,85302200.0,3295.0,65,3294.0,5
rb1805,20170714,20170713,211251500,3295.0,2588,86834,85499860.0,3295.0,65,3293.0,109
rb1805,20170714,20170713,211252000,3295.0,2588,86834,85499860.0,3295.0,68,3293.0,104
rb1805,20170714,20170713,211252500,3295.0,2608,86854,86158860.0,3295.0,58,3293.0,105
rb1805,20170714,20170713,211253000,3295.0,2608,86854,86158860.0,3295.0,58,3293.0,104
rb1805,20170714,20170713,211254500,3295.0,2614,86856,86356560.0,3295.0,52,3293.0,104
rb1805,20170714,20170713,211256000,3295.0,2614,86856,86356560.0,3295.0,52,3294.0,2
rb1805,20170714,20170713,211256500,3295.0,2614,86856,86356560.0,3295.0,52,3294.0,2
rb1805,20170714,20170713,211258000,3295.0,2614,86856,86356560.0,3295.0,51,3294.0,2
rb1805,20170714,20170713,211259500,3295.0,2614,86856,86356560.0,3295.0,52,3294.0,2
rb1805,20170714,20170713,211300000,3294.0,2620,86854,86554200.0,3295.0,55,3293.0,103
rb1805,20170714,20170713,211301000,3294.0,2620,86854,86554200.0,3295.0,55,3293.0,103
rb1805,20170714,20170713,211304500,3294.0,2620,86854,86554200.0,3295.0,52,3293.0,103
rb1805,20170714,20170713,211306000,3294.0,2620,86854,86554200.0,3295.0,55,3293.0,103
rb1805,20170714,20170713,211306500,3294.0,2620,86854,86554200.0,3295.0,52,3294.0,5
rb1805,20170714,20170713,211307000,3294.0,2626,86858,86751880.0,3295.0,49,3294.0,5
rb1805,20170714,20170713,211309000,3295.0,2628,86860,86817780.0,3295.0,48,3294.0,5
rb1805,20170714,20170713,211309500,3295.0,2628,86860,86817780.0,3295.0,49,3294.0,5
rb1805,20170714,20170713,211311500,3295.0,2630,86862,86883680.0,3295.0,48,3294.0,6
rb1805,20170714,20170713,211312000,3295.0,2632,86864,86949580.0,3295.0,47,3294.0,6
rb1805,20170714,20170713,211314000,3295.0,2632,86864,86949580.0,3295.0,48,3294.0,6
rb1805,20170714,20170713,211314500,3295.0,2632,86864,86949580.0,3295.0,48,3294.0,6
rb1805,20170714,20170713,211315500,3295.0,2640,86872,87213180.0,3295.0,44,3294.0,6
rb1805,20170714,20170713,211316500,3295.0,2640,86872,87213180.0,3295.0,44,3294.0,5
rb1805,20170714,20170713,211317500,3295.0,2640,86872,87213180.0,3295.0,43,3294.0,5
rb1805,20170714,20170713,211320000,3295.0,2648,86880,87476780.0,3295.0,39,3294.0,1
rb1805,20170714,20170713,211321500,3295.0,2650,86882,87542680.0,3295.0,38,3294.0,1
rb1805,20170714,20170713,211322500,3294.0,2652,86884,87608560.0,3295.0,38,3293.0,107
rb1805,20170714,20170713,211323500,3294.0,2652,86884,87608560.0,3295.0,38,3294.0,1
rb1805,20170714,20170713,211324000,3295.0,2658,86890,87806240.0,3295.0,36,3293.0,107
rb1805,20170714,20170713,211325500,3295.0,2658,86890,87806240.0,3295.0,36,3293.0,107
rb1805,20170714,20170713,211326000,3295.0,2658,86890,87806240.0,3295.0,36,3293.0,107
rb1805,20170714,20170713,211328500,3295.0,2660,86892,87872140.0,3295.0,35,3293.0,107
rb1805,20170714,20170713,211332000,3295.0,2662,86894,87938040.0,3295.0,34,3293.0,107
rb1805,20170714,20170713,211333000,3295.0,2662,86894,87938040.0,3294.0,1,3293.0,107
rb1805,20170714,20170713,211333500,3295.0,2662,86894,87938040.0,3294.0,1,3293.0,108
rb1805,20170714,20170713,211334000,3294.0,2664,86894,88003920.0,3295.0,34,3293.0,108
rb1805,20170714,20170713,211335500,3294.0,2664,86894,88003920.0,3295.0,34,3293.0,108
rb1805,20170714,20170713,211339500,3294.0,2664,86894,88003920.0,3295.0,38,3293.0,107
rb1805,20170714,20170713,211340000,3294.0,2664,86894,88003920.0,3295.0,38,3294.0,1
rb1805,20170714,20170713,211340500,3294.0,2664,86894,88003920.0,3295.0,35,3294.0,1
rb1805,20170714,20170713,211341500,3294.0,2664,86894,88003920.0,3295.0,34,3294.0,1
rb1805,20170714,20170713,211342000,3294.0,2664,86894,88003920.0,3295.0,34,3294.0,1
rb1805,20170714,20170713,211342500,3294.0,2666,86896,88069800.0,3295.0,34,3293.0,107
rb1805,20170714,20170713,211343000,3293.0,2670,86900,88201520.0,3295.0,34,3293.0,106
rb1805,20170714,20170713,211343500,3293.0,2670,86900,88201520.0,3295.0,34,3293.0,106
rb1805,20170714,20170713,211344000,3293.0,2670,86900,88201520.0,3295.0,35,3293.0,101
rb1805,20170714,20170713,211346000,3293.0,2670,86900,88201520.0,3295.0,36,3293.0,101
rb1805,20170714,20170713,211349500,3293.0,2670,86900,88201520.0,3295.0,36,3293.0,102
rb1805,20170714,20170713,211350000,3293.0,2670,86900,88201520.0,3295.0,36,3293.0,102
rb1805,20170714,20170713,211351000,3293.0,2670,86900,88201520.0,3295.0,39,3293.0,102
rb1805,20170714,20170713,211352000,3293.0,2670,86900,88201520.0,3295.0,36,3293.0,102
rb1805,20170714,20170713,211354000,3293.0,2670,86900,88201520.0,3295.0,36,3293.0,102
rb1805,20170714,20170713,211354500,3293.0,2670,86900,88201520.0,3295.0,39,3293.0,102
rb1805,20170714,20170713,211355000,3293.0,2670,86900,88201520.0,3295.0,36,3293.0,102
rb1805,20170714,20170713,211355500,3293.0,2670,86900,88201520.0,3295.0,36,3293.0,102
rb1805,20170714,20170713,211356000,3293.0,2670,86900,88201520.0,3295.0,36,3293.0,102
rb1805,20170714,20170713,211356500,3293.0,2670,86900,88201520.0,3295.0,36,3293.0,107
rb1805,20170714,20170713,211357000,3293.0,2670,86900,88201520.0,3295.0,36,3293.0,108
rb1805,20170714,20170713,211357500,3293.0,2670,86900,88201520.0,3295.0,39,3293.0,108
rb1805,20170714,20170713,211358500,3293.0,2670,86900,88201520.0,3295.0,39,3293.0,108
rb1805,20170714,20170713,211359500,3293.0,2670,86900,88201520.0,3295.0,39,3293.0,108
rb1805,20170714,20170713,211400000,3293.0,2670,86900,88201520.0,3295.0,39,3293.0,108
rb1805,20170714,20170713,211400500,3293.0,2670,86900,88201520.0,3295.0,39,3294.0,1
rb1805,20170714,20170713,211401000,3293.0,2670,86900,88201520.0,3295.0,39,3294.0,1
rb1805,20170714,20170713,211402000,3293.0,2672,86900,88267380.0,3295.0,39,3293.0,109
rb1805,20170714,20170713,211403500,3293.0,2672,86900,88267380.0,3295.0,39,3293.0,110
rb1805,20170714,20170713,211404000,3293.0,2672,86900,88267380.0,3295.0,38,3293.0,110
rb1805,20170714,20170713,211405000,3293.0,2672,86900,88267380.0,3295.0,38,3293.0,112
rb1805,20170714,20170713,211405500,3293.0,2672,86900,88267380.0,3295.0,38,3293.0,111
rb1805,20170714,20170713,211406000,3295.0,2674,86902,88333280.0,3295.0,37,3293.0,112
rb1805,20170714,20170713,211406500,3295.0,2674,86902,88333280.0,3295.0,37,3294.0,1
rb1805,20170714,20170713,211407000,3295.0,2676,86904,88399180.0,3295.0,36,3294.0,7
rb1805,20170714,20170713,211407500,3295.0,2676,86904,88399180.0,3295.0,36,3294.0,8
rb1805,20170714,20170713,211411000,3295.0,2690,86906,88860480.0,3295.0,29,3294.0,13
rb1805,20170714,20170713,211411500,3295.0,2698,86914,89124080.0,3295.0,25,3294.0,14
rb1805,20170714,20170713,211412500,3295.0,2698,86914,89124080.0,3295.0,25,3294.0,14
rb1805,20170714,20170713,211413000,3295.0,2698,86914,89124080.0,3295.0,25,3294.0,17
rb1805,20170714,20170713,211413500,3295.0,2700,86916,89189980.0,3295.0,24,3294.0,17
rb1805,20170714,20170713,211414000,3295.0,2702,86918,89255880.0,3295.0,23,3294.0,18
rb1805,20170714,20170713,211415500,3295.0,2702,86918,89255880.0,3295.0,23,3294.0,18
rb1805,20170714,20170713,211416000,3295.0,2748,86936,90771580.0,3296.0,13,3295.0,1
rb1805,20170714,20170713,211416500,3295.0,2750,86936,90837480.0,3295.0,3,3294.0,15
rb1805,20170714,20170713,211417000,3295.0,2750,86936,90837480.0,3296.0,13,3294.0,15
rb1805,20170714,20170713,211417500,3295.0,2750,86936,90837480.0,3296.0,13,3294.0,19
rb1805,20170714,20170713,211418000,3295.0,2750,86936,90837480.0,3296.0,13,3294.0,24
rb1805,20170714,20170713,211418500,3295.0,2762,86940,91232980.0,3296.0,8,3294.0,24
rb1805,20170714,20170713,211420000,3295.0,2762,86940,91232980.0,3296.0,9,3294.0,21
rb1805,20170714,20170713,211420500,3295.0,2762,86940,91232980.0,3296.0,9,3294.0,21
rb1805,20170714,20170713,211421000,3295.0,2762,86940,91232980.0,3296.0,9,3294.0,21
rb1805,20170714,20170713,211421500,3295.0,2762,86940,91232980.0,3296.0,9,3294.0,15
rb1805,20170714,20170713,211422000,3295.0,2762,86940,91232980.0,3296.0,7,3294.0,20
rb1805,20170714,20170713,211423000,3295.0,2762,86940,91232980.0,3296.0,7,3295.0,1
rb1805,20170714,20170713,211423500,3295.0,2764,86940,91298880.0,3295.0,2,3294.0,15
rb1805,20170714,20170713,211424000,3295.0,2764,86940,91298880.0,3295.0,5,3294.0,16
rb1805,20170714,20170713,211424500,3295.0,2764,86940,91298880.0,3296.0,9,3294.0,17
rb1805,20170714,20170713,211425000,3296.0,2766,86938,91364800.0,3296.0,8,3294.0,17
rb1805,20170714,20170713,211426000,3296.0,2768,86938,91430720.0,3296.0,7,3294.0,17
rb1805,20170714,20170713,211426500,3296.0,2768,86938,91430720.0,3296.0,6,3294.0,17
rb1805,20170714,20170713,211427000,3296.0,2768,86938,91430720.0,3296.0,6,3294.0,22
rb1805,20170714,20170713,211427500,3296.0,2770,86938,91496640.0,3296.0,5,3294.0,21
rb1805,20170714,20170713,211428000,3296.0,2770,86938,91496640.0,3296.0,4,3295.0,10
rb1805,20170714,20170713,211428500,3295.0,2780,86938,91826140.0,3296.0,4,3295.0,5
rb1805,20170714,20170713,211429000,3295.0,2780,86938,91826140.0,3296.0,3,3295.0,6
rb1805,20170714,20170713,211429500,3295.0,2780,86938,91826140.0,3296.0,3,3295.0,7
rb1805,20170714,20170713,211430500,3295.0,2780,86938,91826140.0,3296.0,3,3295.0,6
rb1805,20170714,20170713,211431000,3295.0,2780,86938,91826140.0,3296.0,3,3295.0,6
rb1805,20170714,20170713,211431500,3295.0,2780,86938,91826140.0,3296.0,3,3295.0,6
rb1805,20170714,20170713,211432000,3295.0,2780,86938,91826140.0,3296.0,3,3295.0,6
rb1805,20170714,20170713,211432500,3296.0,2786,86938,92023900.0,3297.0,90,3296.0,7
rb1805,20170714,20170713,211433000,3297.0,2836,86934,93672200.0,3297.0,75,3295.0,6
rb1805,20170714,20170713,211433500,3297.0,2836,86934,93672200.0,3297.0,76,3295.0,6
rb1805,20170714,20170713,211434000,3295.0,2848,86944,94067600.0,3295.0,4,3294.0,17
rb1805,20170714,20170713,211434500,3295.0,2850,86944,94133500.0,3295.0,3,3294.0,9
rb1805,20170714,20170713,211435000,3295.0,2850,86944,94133500.0,3295.0,3,3294.0,9
rb1805,20170714,20170713,211435500,3295.0,2850,86944,94133500.0,3295.0,3,3294.0,9
rb1805,20170714,20170713,211436000,3295.0,2852,86946,94199400.0,3295.0,2,3294.0,9
rb1805,20170714,20170713,211436500,3295.0,2852,86946,94199400.0,3295.0,2,3294.0,9
rb1805,20170714,20170713,211437000,3295.0,2854,86948,94265300.0,3295.0,1,3294.0,9
rb1805,20170714,20170713,211437500,3295.0,2854,86948,94265300.0,3295.0,1,3294.0,10
rb1805,20170714,20170713,211438000,3295.0,2856,86948,94331200.0,3296.0,3,3294.0,10
rb1805,20170714,20170713,211438500,3295.0,2856,86948,94331200.0,3296.0,3,3295.0,1
rb1805,20170714,20170713,211439000,3295.0,2856,86948,94331200.0,3296.0,3,3295.0,7
rb1805,20170714,20170713,211440000,3295.0,2856,86948,94331200.0,3296.0,3,3295.0,7
rb1805,20170714,20170713,211440500,3295.0,2856,86948,94331200.0,3296.0,3,3295.0,7
rb1805,20170714,20170713,211441500,3295.0,2856,86948,94331200.0,3296.0,3,3295.0,7
rb1805,20170714,20170713,211442000,3295.0,2856,86948,94331200.0,3296.0,3,3295.0,7
rb1805,20170714,20170713,211442500,3295.0,2856,86948,94331200.0,3296.0,3,3295.0,7
rb1805,20170714,20170713,211443000,3295.0,2856,86948,94331200.0,3296.0,3,3295.0,7
rb1805,20170714,20170713,211444000,3296.0,2862,86944,94528960.0,3297.0,75,3296.0,17
rb1805,20170714,20170713,211445500,3296.0,2862,86944,94528960.0,3297.0,75,3296.0,17
rb1805,20170714,20170713,211446000,3296.0,2862,86944,94528960.0,3297.0,76,3296.0,17
rb1805,20170714,20170713,211446500,3296.0,2862,86944,94528960.0,3297.0,76,3296.0,17
rb1805,20170714,20170713,211447500,3296.0,2862,86944,94528960.0,3297.0,76,3296.0,18
rb1805,20170714,20170713,211448000,3296.0,2862,86944,94528960.0,3297.0,76,3296.0,18
rb1805,20170714,20170713,211448500,3296.0,2862,86944,94528960.0,3297.0,76,3296.0,18
rb1805,20170714,20170713,211449000,3296.0,2862,86944,94528960.0,3297.0,76,3296.0,1
rb1805,20170714,20170713,211450500,3296.0,2862,86944,94528960.0,3297.0,76,3296.0,10
rb1805,20170714,20170713,211451500,3296.0,2862,86944,94528960.0,3297.0,76,3296.0,10
rb1805,20170714,20170713,211452000,3296.0,2864,86946,94594880.0,3297.0,76,3296.0,9
rb1805,20170714,20170713,211452500,3296.0,2864,86946,94594880.0,3297.0,76,3296.0,9
rb1805,20170714,20170713,211453500,3297.0,2898,86946,95715860.0,3297.0,59,3296.0,9
rb1805,20170714,20170713,211454500,3297.0,2898,86946,95715860.0,3297.0,58,3296.0,9
rb1805,20170714,20170713,211455500,3297.0,2918,86966,96375260.0,3297.0,48,3296.0,9
rb1805,20170714,20170713,211458000,3297.0,2918,86966,96375260.0,3297.0,49,3296.0,9
rb1805,20170714,20170713,211458500,3297.0,2918,86966,96375260.0,3297.0,48,3296.0,9
rb1805,20170714,20170713,211459000,3297.0,2918,86966,96375260.0,3297.0,48,3296.0,9
