instrument,tradingday,calendarday,time,lastp,volume,openinterest,turnover,ask1,asksz1,bid1,bidsz1
rb1805,20170926,20170925,183312500,3458.0,0,469664,0.0,0.0,0,0.0,0
rb1805,20170926,20170925,205900500,3460.0,62,469650,2145200.0,3460.0,28,3458.0,7
rb1805,20170926,20170925,210000500,3458.0,134,469676,4635380.0,3458.0,31,3457.0,3
rb1805,20170926,20170925,210001000,3458.0,252,469696,8715720.0,3459.0,37,3457.0,1
rb1805,20170926,20170925,210001500,3458.0,318,469716,10998080.0,3457.0,2,3456.0,15
rb1805,20170926,20170925,210002000,3457.0,352,469742,12173560.0,3459.0,31,3457.0,12
rb1805,20170926,20170925,210002500,3458.0,410,469770,14178540.0,3459.0,31,3457.0,6
rb1805,20170926,20170925,210003000,3457.0,432,469774,14939360.0,3459.0,27,3457.0,5
rb1805,20170926,20170925,210003500,3457.0,476,469784,16460880.0,3459.0,22,3457.0,16
rb1805,20170926,20170925,210004000,3457.0,486,469786,16806700.0,3459.0,19,3457.0,1
rb1805,20170926,20170925,210004500,3458.0,488,469786,16875860.0,3458.0,1,3457.0,4
rb1805,20170926,20170925,210005000,3459.0,500,469788,17290900.0,3459.0,20,3458.0,1
rb1805,20170926,20170925,210005500,3460.0,552,469814,19089660.0,3460.0,28,3459.0,5
rb1805,20170926,20170925,210006000,3459.0,602,469824,20819140.0,3459.0,1,3458.0,8
rb1805,20170926,20170925,210006500,3460.0,608,469830,21026700.0,3460.0,32,3459.0,18
rb1805,20170926,20170925,210007000,3459.0,714,469862,24694080.0,3461.0,7,3459.0,14
rb1805,20170926,20170925,210007500,3460.0,718,469862,24832500.0,3461.0,12,3460.0,12
rb1805,20170926,20170925,210008000,3461.0,802,469876,27739960.0,3463.0,7,3462.0,1
rb1805,20170926,20170925,210008500,3463.0,864,469884,29885840.0,3463.0,11,3462.0,10
rb1805,20170926,20170925,210009000,3462.0,976,469906,33763640.0,3462.0,1,3460.0,17
rb1805,20170926,20170925,210009500,3461.0,1032,469960,35701580.0,3461.0,3,3460.0,9
rb1805,20170926,20170925,210010000,3463.0,1056,469978,36532360.0,3464.0,66,3462.0,7
rb1805,20170926,20170925,210010500,3462.0,1126,470012,38955480.0,3462.0,1,3461.0,7
rb1805,20170926,20170925,210011000,3462.0,1132,470012,39163200.0,3462.0,31,3461.0,9
rb1805,20170926,20170925,210011500,3460.0,1174,470002,40616780.0,3461.0,6,3460.0,5
rb1805,20170926,20170925,210012000,3461.0,1184,470002,40962880.0,3461.0,7,3460.0,5
rb1805,20170926,20170925,210012500,3461.0,1192,470010,41239700.0,3461.0,2,3460.0,7
rb1805,20170926,20170925,210013000,3460.0,1214,470028,42000900.0,3460.0,3,3459.0,17
rb1805,20170926,20170925,210013500,3460.0,1228,470038,42485340.0,3461.0,6,3460.0,5
rb1805,20170926,20170925,210014000,3460.0,1228,470038,42485340.0,3461.0,24,3460.0,3
rb1805,20170926,20170925,210014500,3459.0,1250,470056,43246520.0,3461.0,31,3459.0,18
rb1805,20170926,20170925,210015000,3461.0,1254,470056,43384960.0,3461.0,29,3459.0,21
rb1805,20170926,20170925,210015500,3460.0,1302,470018,45046220.0,3461.0,11,3460.0,17
rb1805,20170926,20170925,210016000,3461.0,1304,470020,45115440.0,3461.0,13,3460.0,17
rb1805,20170926,20170925,210016500,3461.0,1336,470008,46222960.0,3462.0,28,3461.0,16
rb1805,20170926,20170925,210017000,3460.0,1344,470000,46499820.0,3462.0,27,3461.0,1
rb1805,20170926,20170925,210017500,3461.0,1416,470004,48992240.0,3461.0,25,3460.0,30
rb1805,20170926,20170925,210018000,3461.0,1498,470076,51830260.0,3463.0,10,3461.0,7
rb1805,20170926,20170925,210018500,3460.0,1522,470092,52660840.0,3463.0,16,3461.0,5
rb1805,20170926,20170925,210019000,3461.0,1532,470092,53006940.0,3462.0,10,3461.0,29
rb1805,20170926,20170925,210019500,3461.0,1554,470114,53768360.0,3462.0,16,3461.0,30
rb1805,20170926,20170925,210020000,3461.0,1642,470138,56814680.0,3462.0,6,3461.0,10
rb1805,20170926,20170925,210020500,3463.0,1644,470138,56883940.0,3463.0,75,3462.0,1
rb1805,20170926,20170925,210021000,3462.0,1756,470092,60761360.0,3463.0,77,3462.0,308
rb1805,20170926,20170925,210021500,3462.0,1762,470090,60969080.0,3463.0,73,3462.0,322
rb1805,20170926,20170925,210022000,3463.0,1782,470086,61661660.0,3463.0,66,3462.0,316
rb1805,20170926,20170925,210022500,3462.0,1784,470084,61730900.0,3463.0,67,3462.0,315
rb1805,20170926,20170925,210023000,3463.0,1786,470086,61800160.0,3463.0,66,3462.0,318
rb1805,20170926,20170925,210023500,3463.0,1806,470098,62492720.0,3463.0,68,3462.0,316
rb1805,20170926,20170925,210024000,3463.0,1870,470162,64709040.0,3463.0,47,3462.0,317
rb1805,20170926,20170925,210024500,3462.0,1928,470190,66717520.0,3463.0,12,3462.0,316
rb1805,20170926,20170925,210025000,3463.0,1972,470176,68241240.0,3463.0,2,3462.0,316
rb1805,20170926,20170925,210025500,3463.0,1980,470180,68518260.0,3463.0,5,3462.0,314
rb1805,20170926,20170925,210026000,3462.0,1992,470180,68933700.0,3463.0,5,3462.0,308
rb1805,20170926,20170925,210026500,3462.0,2064,470208,71426980.0,3463.0,1,3462.0,307
rb1805,20170926,20170925,210027000,3463.0,2208,470210,76412320.0,3463.0,19,3462.0,238
rb1805,20170926,20170925,210027500,3463.0,2258,470188,78143500.0,3463.0,18,3462.0,222
rb1805,20170926,20170925,210028000,3463.0,2318,470144,80220860.0,3463.0,16,3462.0,200
rb1805,20170926,20170925,210028500,3462.0,2380,470110,82367400.0,3463.0,12,3462.0,175
rb1805,20170926,20170925,210029000,3462.0,2438,470054,84375380.0,3463.0,11,3462.0,147
rb1805,20170926,20170925,210029500,3462.0,2444,470048,84583100.0,3463.0,30,3462.0,144
rb1805,20170926,20170925,210030000,3462.0,2550,469974,88253080.0,3463.0,32,3462.0,104
rb1805,20170926,20170925,210030500,3463.0,2562,469976,88668580.0,3463.0,35,3462.0,103
rb1805,20170926,20170925,210031000,3462.0,2664,469976,92199960.0,3463.0,29,3462.0,56
rb1805,20170926,20170925,210031500,3462.0,2728,469954,94415860.0,3463.0,23,3462.0,36
rb1805,20170926,20170925,210032000,3462.0,2762,469936,95593100.0,3463.0,19,3462.0,27
rb1805,20170926,20170925,210032500,3463.0,2782,469932,96285700.0,3463.0,10,3462.0,27
rb1805,20170926,20170925,210033000,3463.0,2816,469928,97463100.0,3464.0,74,3463.0,8
rb1805,20170926,20170925,210033500,3462.0,2838,469930,98224920.0,3463.0,9,3462.0,26
rb1805,20170926,20170925,210034000,3463.0,2872,469948,99402140.0,3463.0,5,3462.0,16
rb1805,20170926,20170925,210034500,3463.0,2886,469958,99886960.0,3464.0,76,3463.0,34
rb1805,20170926,20170925,210035000,3463.0,2992,470040,103557600.0,3463.0,48,3462.0,10
rb1805,20170926,20170925,210035500,3462.0,3012,470038,104250000.0,3464.0,77,3460.0,21
rb1805,20170926,20170925,210036000,3463.0,3014,470038,104319260.0,3462.0,1,3461.0,8
rb1805,20170926,20170925,210036500,3463.0,3022,470036,104596260.0,3463.0,1,3462.0,9
rb1805,20170926,20170925,210037000,3463.0,3022,470036,104596260.0,3463.0,1,3462.0,17
rb1805,20170926,20170925,210037500,3462.0,3046,470024,105427200.0,3463.0,1,3462.0,20
rb1805,20170926,20170925,210038000,3463.0,3052,470024,105634940.0,3463.0,1,3462.0,15
rb1805,20170926,20170925,210038500,3463.0,3054,470024,105704200.0,3464.0,77,3463.0,2
rb1805,20170926,20170925,210039000,3463.0,3096,470006,107158360.0,3463.0,84,3461.0,17
rb1805,20170926,20170925,210039500,3463.0,3108,469998,107573920.0,3463.0,81,3461.0,13
rb1805,20170926,20170925,210040000,3463.0,3114,470000,107781660.0,3463.0,81,3461.0,12
rb1805,20170926,20170925,210040500,3463.0,3160,470006,109374640.0,3463.0,109,3461.0,12
rb1805,20170926,20170925,210041000,3461.0,3166,470010,109582380.0,3463.0,108,3461.0,12
rb1805,20170926,20170925,210041500,3463.0,3206,470042,110967500.0,3463.0,92,3461.0,12
rb1805,20170926,20170925,210042000,3462.0,3218,470052,111383040.0,3463.0,94,3461.0,13
rb1805,20170926,20170925,210042500,3461.0,3232,470060,111867780.0,3463.0,91,3461.0,11
rb1805,20170926,20170925,210043000,3463.0,3236,470064,112006300.0,3463.0,89,3462.0,1
rb1805,20170926,20170925,210043500,3463.0,3262,470084,112906540.0,3462.0,1,3461.0,16
rb1805,20170926,20170925,210044000,3463.0,3262,470084,112906540.0,3462.0,3,3461.0,17
rb1805,20170926,20170925,210044500,3463.0,3262,470084,112906540.0,3462.0,4,3461.0,17
rb1805,20170926,20170925,210045000,3463.0,3436,470222,118932160.0,3464.0,84,3463.0,113
rb1805,20170926,20170925,210045500,3463.0,3476,470224,120317360.0,3464.0,83,3463.0,93
rb1805,20170926,20170925,210046000,3463.0,3602,470308,124680740.0,3464.0,106,3463.0,30
rb1805,20170926,20170925,210046500,3463.0,3630,470308,125650380.0,3464.0,82,3463.0,18
rb1805,20170926,20170925,210047000,3463.0,3640,470310,125996680.0,3464.0,82,3463.0,13
rb1805,20170926,20170925,210047500,3463.0,3642,470310,126065940.0,3464.0,82,3463.0,12
rb1805,20170926,20170925,210048000,3463.0,3654,470318,126481500.0,3464.0,107,3463.0,9
rb1805,20170926,20170925,210048500,3464.0,3708,470308,128351940.0,3464.0,106,3463.0,9
rb1805,20170926,20170925,210049000,3463.0,3720,470296,128767560.0,3464.0,104,3463.0,6
rb1805,20170926,20170925,210049500,3463.0,3742,470300,129529460.0,3463.0,5,3462.0,27
rb1805,20170926,20170925,210050000,3463.0,3748,470306,129737240.0,3463.0,4,3462.0,38
rb1805,20170926,20170925,210050500,3464.0,3776,470298,130706940.0,3463.0,1,3462.0,39
rb1805,20170926,20170925,210051000,3464.0,3776,470298,130706940.0,3463.0,2,3462.0,39
rb1805,20170926,20170925,210051500,3463.0,3782,470302,130914700.0,3463.0,1,3462.0,38
rb1805,20170926,20170925,210052000,3462.0,3798,470312,131468680.0,3463.0,14,3462.0,34
rb1805,20170926,20170925,210052500,3462.0,3802,470314,131607180.0,3463.0,45,3462.0,33
rb1805,20170926,20170925,210053000,3462.0,3802,470314,131607180.0,3463.0,47,3462.0,32
rb1805,20170926,20170925,210053500,3463.0,3804,470316,131676440.0,3463.0,47,3462.0,32
rb1805,20170926,20170925,210054000,3462.0,3822,470326,132299760.0,3463.0,61,3462.0,37
rb1805,20170926,20170925,210054500,3462.0,3822,470326,132299760.0,3463.0,71,3462.0,37
rb1805,20170926,20170925,210055000,3463.0,3826,470330,132438280.0,3463.0,70,3462.0,18
rb1805,20170926,20170925,210055500,3463.0,3866,470370,133823480.0,3463.0,52,3462.0,18
rb1805,20170926,20170925,210056000,3462.0,3876,470380,134169680.0,3463.0,55,3462.0,27
rb1805,20170926,20170925,210056500,3462.0,3878,470378,134238920.0,3463.0,60,3462.0,26
rb1805,20170926,20170925,210057000,3463.0,3892,470388,134723700.0,3463.0,56,3462.0,9
rb1805,20170926,20170925,210057500,3462.0,3904,470390,135139180.0,3463.0,56,3462.0,5
rb1805,20170926,20170925,210058000,3462.0,3932,470390,136108700.0,3462.0,7,3461.0,43
rb1805,20170926,20170925,210058500,3463.0,3946,470386,136593420.0,3463.0,47,3462.0,54
rb1805,20170926,20170925,210059000,3462.0,3950,470386,136731900.0,3463.0,48,3462.0,53
rb1805,20170926,20170925,210059500,3462.0,3950,470386,136731900.0,3463.0,48,3462.0,53
rb1805,20170926,20170925,210100000,3462.0,3950,470386,136731900.0,3463.0,49,3462.0,57
rb1805,20170926,20170925,210100500,3462.0,3958,470386,137008880.0,3463.0,49,3462.0,54
rb1805,20170926,20170925,210101000,3462.0,4000,470366,138462940.0,3463.0,48,3462.0,34
rb1805,20170926,20170925,210101500,3462.0,4000,470366,138462940.0,3463.0,48,3462.0,35
rb1805,20170926,20170925,210102000,3463.0,4002,470366,138532200.0,3463.0,49,3462.0,36
rb1805,20170926,20170925,210102500,3462.0,4004,470364,138601440.0,3463.0,49,3462.0,39
rb1805,20170926,20170925,210103000,3462.0,4094,470364,141717740.0,3463.0,35,3462.0,29
rb1805,20170926,20170925,210103500,3463.0,4104,470362,142064000.0,3463.0,32,3462.0,27
rb1805,20170926,20170925,210104000,3463.0,4112,470368,142341040.0,3463.0,30,3462.0,36
rb1805,20170926,20170925,210104500,3462.0,4140,470346,143310460.0,3463.0,27,3462.0,25
rb1805,20170926,20170925,210105000,3462.0,4142,470346,143379700.0,3463.0,32,3462.0,30
rb1805,20170926,20170925,210105500,3463.0,4148,470348,143587460.0,3463.0,33,3462.0,29
rb1805,20170926,20170925,210106000,3462.0,4170,470348,144349120.0,3463.0,32,3462.0,19
rb1805,20170926,20170925,210106500,3462.0,4170,470348,144349120.0,3463.0,32,3462.0,19
rb1805,20170926,20170925,210107000,3462.0,4174,470350,144487620.0,3463.0,82,3462.0,15
rb1805,20170926,20170925,210107500,3462.0,4194,470346,145180140.0,3462.0,1,3461.0,46
rb1805,20170926,20170925,210108000,3462.0,4250,470332,147119300.0,3463.0,54,3462.0,1
rb1805,20170926,20170925,210108500,3462.0,4272,470352,147880960.0,3463.0,53,3461.0,50
rb1805,20170926,20170925,210109000,3462.0,4272,470352,147880960.0,3462.0,2,3461.0,51
rb1805,20170926,20170925,210109500,3462.0,4272,470352,147880960.0,3462.0,4,3461.0,52
rb1805,20170926,20170925,210110000,3461.0,4282,470350,148227140.0,3463.0,56,3461.0,52
rb1805,20170926,20170925,210110500,3463.0,4284,470352,148296400.0,3463.0,55,3461.0,52
rb1805,20170926,20170925,210111000,3463.0,4284,470352,148296400.0,3463.0,56,3462.0,3
rb1805,20170926,20170925,210111500,3462.0,4294,470354,148642600.0,3462.0,1,3461.0,52
rb1805,20170926,20170925,210112000,3463.0,4302,470354,148919620.0,3463.0,56,3462.0,13
rb1805,20170926,20170925,210112500,3462.0,4306,470354,149058100.0,3463.0,56,3462.0,11
rb1805,20170926,20170925,210113000,3462.0,4314,470352,149335060.0,3463.0,57,3462.0,12
rb1805,20170926,20170925,210113500,3463.0,4322,470360,149612100.0,3463.0,56,3462.0,12
rb1805,20170926,20170925,210114000,3462.0,4338,470344,150166020.0,3463.0,61,3462.0,4
rb1805,20170926,20170925,210114500,3462.0,4340,470344,150235260.0,3463.0,66,3462.0,3
rb1805,20170926,20170925,210115000,3462.0,4342,470342,150304500.0,3463.0,66,3462.0,9
rb1805,20170926,20170925,210115500,3462.0,4342,470342,150304500.0,3463.0,71,3462.0,14
rb1805,20170926,20170925,210116000,3462.0,4344,470342,150373740.0,3463.0,72,3462.0,18
rb1805,20170926,20170925,210116500,3463.0,4352,470348,150650760.0,3463.0,69,3462.0,26
rb1805,20170926,20170925,210117000,3462.0,4356,470350,150789260.0,3463.0,68,3462.0,28
rb1805,20170926,20170925,210117500,3462.0,4446,470392,153905940.0,3463.0,27,3462.0,27
rb1805,20170926,20170925,210118000,3463.0,4514,470422,156260780.0,3464.0,86,3463.0,70
rb1805,20170926,20170925,210118500,3464.0,4580,470358,158547020.0,3464.0,54,3463.0,70
rb1805,20170926,20170925,210119000,3463.0,4656,470338,161179640.0,3464.0,19,3463.0,110
rb1805,20170926,20170925,210119500,3464.0,4696,470342,162565240.0,3465.0,158,3464.0,54
rb1805,20170926,20170925,210120000,3465.0,4706,470336,162911740.0,3465.0,153,3464.0,50
rb1805,20170926,20170925,210120500,3464.0,4784,470264,165614380.0,3465.0,118,3464.0,56
rb1805,20170926,20170925,210121000,3465.0,4790,470262,165822280.0,3465.0,116,3464.0,59
rb1805,20170926,20170925,210121500,3464.0,4806,470252,166376560.0,3465.0,114,3464.0,50
rb1805,20170926,20170925,210122000,3465.0,4824,470254,167000260.0,3465.0,105,3464.0,45
rb1805,20170926,20170925,210122500,3465.0,4832,470254,167277460.0,3465.0,101,3464.0,45
rb1805,20170926,20170925,210123000,3464.0,4838,470248,167485300.0,3465.0,102,3464.0,42
rb1805,20170926,20170925,210123500,3465.0,4842,470246,167623900.0,3465.0,100,3464.0,42
rb1805,20170926,20170925,210124000,3465.0,4906,470206,169841500.0,3465.0,68,3464.0,42
rb1805,20170926,20170925,210124500,3464.0,4910,470206,169980080.0,3465.0,77,3464.0,41
rb1805,20170926,20170925,210125000,3465.0,5064,470110,175316180.0,3466.0,78,3464.0,46
rb1805,20170926,20170925,210125500,3467.0,5270,469922,182456640.0,3467.0,27,3466.0,22
rb1805,20170926,20170925,210126000,3467.0,5440,469842,188351480.0,3468.0,34,3467.0,14
rb1805,20170926,20170925,210126500,3468.0,5548,469764,192096560.0,3468.0,11,3466.0,30
rb1805,20170926,20170925,210127000,3467.0,5588,469756,193483720.0,3468.0,2,3467.0,5
rb1805,20170926,20170925,210127500,3467.0,5604,469752,194038560.0,3468.0,3,3467.0,9
rb1805,20170926,20170925,210128000,3468.0,5624,469754,194732260.0,3469.0,112,3468.0,1
rb1805,20170926,20170925,210128500,3468.0,5638,469766,195217740.0,3468.0,40,3467.0,8
rb1805,20170926,20170925,210129000,3468.0,5648,469764,195564500.0,3467.0,1,3466.0,33
rb1805,20170926,20170925,210129500,3468.0,5686,469764,196882020.0,3468.0,18,3467.0,7
rb1805,20170926,20170925,210130000,3468.0,5732,469774,198477260.0,3468.0,4,3467.0,12
rb1805,20170926,20170925,210130500,3467.0,5738,469774,198685300.0,3468.0,4,3467.0,12
rb1805,20170926,20170925,210131000,3467.0,5778,469764,200072260.0,3468.0,2,3467.0,2
rb1805,20170926,20170925,210131500,3468.0,5798,469760,200765820.0,3469.0,116,3468.0,14
rb1805,20170926,20170925,210132000,3468.0,5936,469806,205551160.0,3468.0,45,3466.0,17
rb1805,20170926,20170925,210132500,3466.0,6000,469832,207770380.0,3468.0,13,3466.0,20
rb1805,20170926,20170925,210133000,3468.0,6040,469828,209157500.0,3469.0,116,3468.0,1
rb1805,20170926,20170925,210133500,3468.0,6058,469838,209781660.0,3468.0,17,3467.0,10
rb1805,20170926,20170925,210134000,3467.0,6088,469834,210821960.0,3468.0,53,3467.0,5
rb1805,20170926,20170925,210134500,3468.0,6140,469832,212625220.0,3468.0,84,3466.0,67
rb1805,20170926,20170925,210135000,3467.0,6150,469834,212971960.0,3467.0,24,3466.0,66
rb1805,20170926,20170925,210135500,3467.0,6210,469856,215052160.0,3468.0,92,3467.0,1
rb1805,20170926,20170925,210136000,3468.0,6362,469874,220322380.0,3468.0,79,3466.0,47
rb1805,20170926,20170925,210136500,3466.0,6428,469924,222610060.0,3467.0,2,3466.0,17
rb1805,20170926,20170925,210137000,3468.0,6438,469924,222956740.0,3468.0,80,3466.0,24
rb1805,20170926,20170925,210137500,3467.0,6446,469928,223234040.0,3468.0,83,3467.0,2
rb1805,20170926,20170925,210138000,3468.0,6482,469926,224482460.0,3468.0,75,3467.0,12
rb1805,20170926,20170925,210138500,3467.0,6486,469926,224621160.0,3468.0,126,3467.0,16
rb1805,20170926,20170925,210139000,3467.0,6524,469948,225938580.0,3467.0,10,3466.0,27
rb1805,20170926,20170925,210139500,3467.0,6566,469946,227394720.0,3467.0,1,3466.0,31
rb1805,20170926,20170925,210140000,3467.0,6580,469944,227880180.0,3468.0,145,3467.0,7
rb1805,20170926,20170925,210140500,3467.0,6590,469938,228226880.0,3467.0,5,3466.0,46
rb1805,20170926,20170925,210141000,3467.0,6684,469882,231486660.0,3468.0,120,3467.0,12
rb1805,20170926,20170925,210141500,3467.0,6684,469882,231486660.0,3468.0,121,3466.0,47
rb1805,20170926,20170925,210142000,3467.0,6686,469884,231556000.0,3468.0,136,3466.0,49
rb1805,20170926,20170925,210142500,3468.0,6688,469884,231625360.0,3468.0,146,3467.0,1
rb1805,20170926,20170925,210143000,3467.0,6740,469870,233427800.0,3468.0,147,3467.0,1
rb1805,20170926,20170925,210143500,3467.0,6758,469878,234051840.0,3467.0,11,3466.0,27
rb1805,20170926,20170925,210144000,3468.0,6782,469894,234883940.0,3468.0,142,3467.0,11
rb1805,20170926,20170925,210144500,3468.0,6786,469894,235022640.0,3468.0,144,3467.0,5
rb1805,20170926,20170925,210145000,3467.0,6852,469852,237311440.0,3468.0,112,3467.0,1
rb1805,20170926,20170925,210145500,3467.0,6868,469838,237866160.0,3467.0,44,3466.0,66
rb1805,20170926,20170925,210146000,3467.0,7062,469942,244591280.0,3468.0,114,3467.0,2
rb1805,20170926,20170925,210146500,3467.0,7066,469944,244729980.0,3468.0,113,3467.0,29
rb1805,20170926,20170925,210147000,3467.0,7082,469936,245284720.0,3468.0,117,3467.0,11
rb1805,20170926,20170925,210147500,3466.0,7150,469956,247642260.0,3467.0,6,3466.0,3
rb1805,20170926,20170925,210148000,3467.0,7200,469984,249375760.0,3467.0,5,3466.0,12
rb1805,20170926,20170925,210148500,3467.0,7200,469984,249375760.0,3467.0,62,3466.0,68
rb1805,20170926,20170925,210149000,3467.0,7200,469984,249375760.0,3467.0,68,3466.0,68
rb1805,20170926,20170925,210149500,3467.0,7210,469986,249722460.0,3467.0,64,3466.0,68
rb1805,20170926,20170925,210150000,3467.0,7302,469986,252912100.0,3467.0,18,3466.0,64
rb1805,20170926,20170925,210150500,3466.0,7308,469984,253120080.0,3467.0,18,3466.0,57
rb1805,20170926,20170925,210151000,3467.0,7348,469988,254506880.0,3468.0,126,3467.0,48
rb1805,20170926,20170925,210151500,3467.0,7380,469998,255616320.0,3468.0,125,3467.0,32
rb1805,20170926,20170925,210152000,3467.0,7402,470000,256379080.0,3468.0,124,3467.0,22
rb1805,20170926,20170925,210152500,3467.0,7446,470000,257904560.0,3467.0,61,3466.0,56
rb1805,20170926,20170925,210153000,3466.0,7448,470002,257973880.0,3467.0,50,3466.0,56
rb1805,20170926,20170925,210153500,3467.0,7452,470002,258112540.0,3467.0,58,3466.0,65
rb1805,20170926,20170925,210154000,3467.0,7464,470004,258528580.0,3467.0,61,3466.0,66
rb1805,20170926,20170925,210154500,3467.0,7590,469974,262896960.0,3467.0,5,3466.0,64
rb1805,20170926,20170925,210155000,3467.0,7600,469974,263243660.0,3467.0,5,3466.0,66
rb1805,20170926,20170925,210155500,3467.0,7600,469974,263243660.0,3467.0,8,3466.0,67
rb1805,20170926,20170925,210156000,3467.0,7628,469988,264214380.0,3467.0,8,3466.0,78
rb1805,20170926,20170925,210156500,3467.0,7636,469996,264491740.0,3467.0,5,3466.0,80
rb1805,20170926,20170925,210157000,3467.0,7654,469990,265115800.0,3468.0,121,3467.0,56
rb1805,20170926,20170925,210157500,3467.0,7664,469990,265462500.0,3468.0,123,3467.0,33
rb1805,20170926,20170925,210158000,3467.0,7724,469974,267542700.0,3468.0,144,3467.0,6
rb1805,20170926,20170925,210158500,3466.0,7744,469970,268235960.0,3468.0,144,3467.0,10
rb1805,20170926,20170925,210159000,3467.0,7752,469974,268513340.0,3468.0,144,3467.0,36
rb1805,20170926,20170925,210159500,3468.0,7772,469976,269206940.0,3468.0,134,3467.0,48
rb1805,20170926,20170925,210200000,3467.0,7778,469982,269414980.0,3468.0,133,3467.0,74
rb1805,20170926,20170925,210200500,3468.0,7886,469958,273160420.0,3468.0,79,3467.0,75
rb1805,20170926,20170925,210201000,3468.0,7938,469976,274963760.0,3468.0,54,3467.0,66
rb1805,20170926,20170925,210201500,3468.0,7942,469978,275102460.0,3468.0,53,3467.0,67
rb1805,20170926,20170925,210202000,3468.0,7952,469974,275449200.0,3468.0,81,3467.0,64
rb1805,20170926,20170925,210202500,3468.0,8080,469942,279887360.0,3468.0,61,3467.0,8
rb1805,20170926,20170925,210203000,3467.0,8130,469980,281620860.0,3467.0,43,3466.0,64
rb1805,20170926,20170925,210203500,3466.0,8276,470060,286681200.0,3467.0,55,3465.0,25
rb1805,20170926,20170925,210204000,3465.0,8282,470062,286889120.0,3466.0,18,3465.0,23
rb1805,20170926,20170925,210204500,3466.0,8302,470064,287582180.0,3466.0,15,3465.0,16
rb1805,20170926,20170925,210205000,3465.0,8334,470064,288690980.0,3465.0,1,3464.0,54
rb1805,20170926,20170925,210205500,3465.0,8382,470064,290354360.0,3466.0,28,3464.0,104
rb1805,20170926,20170925,210206000,3465.0,8386,470064,290492960.0,3466.0,27,3465.0,8
rb1805,20170926,20170925,210206500,3465.0,8390,470068,290631560.0,3466.0,28,3465.0,14
rb1805,20170926,20170925,210207000,3466.0,8454,470062,292849080.0,3466.0,24,3465.0,1
rb1805,20170926,20170925,210207500,3465.0,8458,470062,292987680.0,3465.0,4,3464.0,96
rb1805,20170926,20170925,210208000,3465.0,8486,470076,293957840.0,3465.0,1,3464.0,54
rb1805,20170926,20170925,210208500,3464.0,8488,470078,294027120.0,3465.0,2,3464.0,53
rb1805,20170926,20170925,210209000,3464.0,8496,470080,294304280.0,3465.0,4,3464.0,52
rb1805,20170926,20170925,210209500,3464.0,8496,470080,294304280.0,3465.0,6,3464.0,62
rb1805,20170926,20170925,210210000,3465.0,8512,470078,294858680.0,3466.0,29,3465.0,13
rb1805,20170926,20170925,210210500,3465.0,8554,470072,296313940.0,3465.0,7,3464.0,68
rb1805,20170926,20170925,210211000,3464.0,8564,470062,296660340.0,3465.0,5,3464.0,64
rb1805,20170926,20170925,210211500,3465.0,8620,470062,298600380.0,3465.0,1,3464.0,48
rb1805,20170926,20170925,210212000,3465.0,8622,470060,298669680.0,3466.0,14,3465.0,5
rb1805,20170926,20170925,210212500,3465.0,8634,470064,299085480.0,3465.0,2,3464.0,50
rb1805,20170926,20170925,210213000,3465.0,8662,470040,300055440.0,3465.0,1,3464.0,38
rb1805,20170926,20170925,210213500,3464.0,8664,470040,300124720.0,3465.0,1,3464.0,41
rb1805,20170926,20170925,210214000,3464.0,8674,470040,300471140.0,3465.0,14,3464.0,37
rb1805,20170926,20170925,210214500,3465.0,8696,470032,301233400.0,3465.0,5,3464.0,37
rb1805,20170926,20170925,210215000,3465.0,8696,470032,301233400.0,3466.0,18,3465.0,10
rb1805,20170926,20170925,210215500,3465.0,8718,470022,301995700.0,3465.0,3,3464.0,38
rb1805,20170926,20170925,210216000,3465.0,8726,470020,302272880.0,3465.0,31,3464.0,38
rb1805,20170926,20170925,210216500,3465.0,8726,470020,302272880.0,3465.0,30,3464.0,47
rb1805,20170926,20170925,210217000,3465.0,8730,470018,302411480.0,3465.0,30,3464.0,41
rb1805,20170926,20170925,210217500,3464.0,8732,470016,302480760.0,3465.0,35,3464.0,40
rb1805,20170926,20170925,210218000,3465.0,8754,470002,303242900.0,3465.0,34,3464.0,32
rb1805,20170926,20170925,210218500,3464.0,8766,470000,303658680.0,3465.0,29,3464.0,31
rb1805,20170926,20170925,210219000,3464.0,8766,470000,303658680.0,3465.0,40,3464.0,34
rb1805,20170926,20170925,210219500,3465.0,8862,470000,306984220.0,3464.0,1,3463.0,31
rb1805,20170926,20170925,210220000,3465.0,8872,470002,307330620.0,3465.0,40,3463.0,29
rb1805,20170926,20170925,210220500,3463.0,8876,470002,307469140.0,3464.0,12,3463.0,27
rb1805,20170926,20170925,210221000,3464.0,8884,469998,307746220.0,3464.0,14,3463.0,25
rb1805,20170926,20170925,210221500,3465.0,8998,469928,311696040.0,3466.0,52,3465.0,8
rb1805,20170926,20170925,210222000,3465.0,9014,469926,312250440.0,3465.0,50,3464.0,1
rb1805,20170926,20170925,210222500,3465.0,9022,469930,312527600.0,3465.0,47,3463.0,32
rb1805,20170926,20170925,210223000,3465.0,9022,469930,312527600.0,3465.0,46,3464.0,9
rb1805,20170926,20170925,210223500,3464.0,9024,469930,312596880.0,3465.0,63,3464.0,8
rb1805,20170926,20170925,210224000,3464.0,9032,469922,312874000.0,3465.0,66,3464.0,5
rb1805,20170926,20170925,210224500,3463.0,9046,469928,313358940.0,3464.0,4,3463.0,33
rb1805,20170926,20170925,210225000,3464.0,9048,469928,313428220.0,3464.0,7,3463.0,32
rb1805,20170926,20170925,210225500,3464.0,9070,469928,314190100.0,3464.0,7,3463.0,322
rb1805,20170926,20170925,210226000,3464.0,9084,469924,314675060.0,3465.0,76,3464.0,27
rb1805,20170926,20170925,210226500,3464.0,9086,469922,314744340.0,3465.0,77,3463.0,323
rb1805,20170926,20170925,210227000,3464.0,9098,469930,315159920.0,3464.0,2,3463.0,319
rb1805,20170926,20170925,210227500,3464.0,9120,469946,315922000.0,3465.0,82,3464.0,6
rb1805,20170926,20170925,210228000,3464.0,9140,469962,316614780.0,3465.0,58,3464.0,2
rb1805,20170926,20170925,210228500,3465.0,9146,469960,316822660.0,3465.0,70,3464.0,7
rb1805,20170926,20170925,210229000,3465.0,9146,469960,316822660.0,3465.0,69,3464.0,12
rb1805,20170926,20170925,210229500,3465.0,9146,469960,316822660.0,3465.0,51,3464.0,12
rb1805,20170926,20170925,210230000,3464.0,9154,469956,317099780.0,3465.0,51,3464.0,38
rb1805,20170926,20170925,210230500,3464.0,9156,469958,317169060.0,3465.0,51,3464.0,37
rb1805,20170926,20170925,210231000,3464.0,9190,469950,318346820.0,3465.0,62,3464.0,15
rb1805,20170926,20170925,210231500,3464.0,9192,469952,318416100.0,3465.0,64,3464.0,15
rb1805,20170926,20170925,210232000,3464.0,9192,469952,318416100.0,3465.0,66,3464.0,16
rb1805,20170926,20170925,210232500,3465.0,9194,469952,318485400.0,3465.0,78,3464.0,16
rb1805,20170926,20170925,210233000,3464.0,9196,469952,318554680.0,3465.0,78,3464.0,15
rb1805,20170926,20170925,210233500,3464.0,9196,469952,318554680.0,3465.0,65,3464.0,22
rb1805,20170926,20170925,210234000,3464.0,9202,469950,318762540.0,3465.0,64,3464.0,25
rb1805,20170926,20170925,210234500,3464.0,9204,469952,318831820.0,3465.0,60,3464.0,25
rb1805,20170926,20170925,210235000,3464.0,9204,469952,318831820.0,3465.0,60,3464.0,50
rb1805,20170926,20170925,210235500,3464.0,9206,469952,318901100.0,3465.0,60,3464.0,70
rb1805,20170926,20170925,210236000,3465.0,9348,470008,323821400.0,3466.0,7,3464.0,80
rb1805,20170926,20170925,210236500,3465.0,9358,470008,324167900.0,3466.0,11,3465.0,10
rb1805,20170926,20170925,210237000,3465.0,9360,470008,324237200.0,3466.0,16,3465.0,12
rb1805,20170926,20170925,210237500,3465.0,9360,470008,324237200.0,3466.0,16,3465.0,7
rb1805,20170926,20170925,210238000,3465.0,9362,470008,324306500.0,3466.0,16,3465.0,26
rb1805,20170926,20170925,210238500,3465.0,9362,470008,324306500.0,3466.0,7,3465.0,36
rb1805,20170926,20170925,210239000,3466.0,9378,470002,324861060.0,3467.0,117,3466.0,16
rb1805,20170926,20170925,210239500,3466.0,9398,469994,325554260.0,3466.0,17,3465.0,40
rb1805,20170926,20170925,210240000,3466.0,9398,469994,325554260.0,3466.0,12,3465.0,40
rb1805,20170926,20170925,210240500,3466.0,9400,469994,325623580.0,3466.0,12,3465.0,40
rb1805,20170926,20170925,210241000,3466.0,9418,469996,326247460.0,3466.0,5,3465.0,40
rb1805,20170926,20170925,210241500,3466.0,9426,469996,326524740.0,3466.0,8,3465.0,41
rb1805,20170926,20170925,210242000,3466.0,9438,469990,326940660.0,3466.0,1,3465.0,41
rb1805,20170926,20170925,210242500,3466.0,9442,469990,327079300.0,3467.0,118,3466.0,23
rb1805,20170926,20170925,210243000,3466.0,9444,469990,327148620.0,3467.0,107,3466.0,24
rb1805,20170926,20170925,210243500,3466.0,9444,469990,327148620.0,3467.0,107,3466.0,26
rb1805,20170926,20170925,210244000,3466.0,9466,469990,327911140.0,3467.0,107,3466.0,23
rb1805,20170926,20170925,210244500,3466.0,9466,469990,327911140.0,3467.0,106,3466.0,23
rb1805,20170926,20170925,210245000,3466.0,9466,469990,327911140.0,3467.0,106,3466.0,24
rb1805,20170926,20170925,210245500,3466.0,9466,469990,327911140.0,3467.0,116,3466.0,25
rb1805,20170926,20170925,210246000,3467.0,9702,469952,336093260.0,3468.0,79,3467.0,8
rb1805,20170926,20170925,210246500,3467.0,9724,469964,336856140.0,3468.0,77,3467.0,9
rb1805,20170926,20170925,210247000,3467.0,9724,469964,336856140.0,3468.0,77,3467.0,7
rb1805,20170926,20170925,210247500,3467.0,9734,469966,337202840.0,3468.0,78,3467.0,2
rb1805,20170926,20170925,210248000,3467.0,9740,469966,337410900.0,3468.0,76,3467.0,1
rb1805,20170926,20170925,210248500,3466.0,9776,469946,338658680.0,3468.0,79,3466.0,31
rb1805,20170926,20170925,210249000,3468.0,9780,469946,338797400.0,3468.0,77,3466.0,31
rb1805,20170926,20170925,210249500,3466.0,9782,469944,338866720.0,3467.0,2,3466.0,33
rb1805,20170926,20170925,210250000,3468.0,9790,469938,339144120.0,3467.0,1,3466.0,35
rb1805,20170926,20170925,210250500,3468.0,9790,469938,339144120.0,3467.0,3,3466.0,31
rb1805,20170926,20170925,210251000,3467.0,9800,469934,339490900.0,3467.0,9,3466.0,33
rb1805,20170926,20170925,210251500,3467.0,9802,469936,339560240.0,3467.0,16,3466.0,33
rb1805,20170926,20170925,210252000,3467.0,9802,469936,339560240.0,3467.0,26,3466.0,31
rb1805,20170926,20170925,210252500,3467.0,9824,469944,340322800.0,3467.0,24,3466.0,24
rb1805,20170926,20170925,210253000,3467.0,9824,469944,340322800.0,3467.0,25,3466.0,26
rb1805,20170926,20170925,210253500,3467.0,9836,469956,340738840.0,3467.0,20,3466.0,26
rb1805,20170926,20170925,210254000,3467.0,9840,469956,340877500.0,3467.0,10,3466.0,34
rb1805,20170926,20170925,210254500,3467.0,9840,469956,340877500.0,3467.0,12,3466.0,35
rb1805,20170926,20170925,210255000,3467.0,9864,469962,341709580.0,3468.0,90,3467.0,186
rb1805,20170926,20170925,210255500,3467.0,9868,469966,341848260.0,3468.0,90,3467.0,185
rb1805,20170926,20170925,210256000,3467.0,9888,469968,342541660.0,3468.0,90,3467.0,189
rb1805,20170926,20170925,210256500,3468.0,9892,469968,342680380.0,3468.0,88,3467.0,189
rb1805,20170926,20170925,210257000,3468.0,9892,469968,342680380.0,3468.0,88,3467.0,194
rb1805,20170926,20170925,210257500,3467.0,9898,469968,342888440.0,3468.0,87,3467.0,233
rb1805,20170926,20170925,210258000,3469.0,10084,470040,349338980.0,3469.0,159,3468.0,111
rb1805,20170926,20170925,210258500,3468.0,10120,470038,350587600.0,3469.0,153,3468.0,114
rb1805,20170926,20170925,210259000,3469.0,10296,469916,356693040.0,3469.0,64,3468.0,119
rb1805,20170926,20170925,210259500,3469.0,10364,469882,359051960.0,3469.0,30,3468.0,112
rb1805,20170926,20170925,210300000,3469.0,10452,469840,362104600.0,3470.0,126,3469.0,14
rb1805,20170926,20170925,210300500,3469.0,10490,469860,363422820.0,3470.0,139,3468.0,109
rb1805,20170926,20170925,210301000,3469.0,10512,469878,364185860.0,3470.0,139,3469.0,4
rb1805,20170926,20170925,210301500,3469.0,10584,469878,366684040.0,3469.0,8,3468.0,101
rb1805,20170926,20170925,210302000,3469.0,10626,469876,368141060.0,3470.0,122,3468.0,102
rb1805,20170926,20170925,210302500,3469.0,10626,469876,368141060.0,3469.0,3,3468.0,103
rb1805,20170926,20170925,210303000,3469.0,10640,469874,368626720.0,3469.0,2,3468.0,104
rb1805,20170926,20170925,210303500,3469.0,10654,469870,369112420.0,3469.0,47,3468.0,120
rb1805,20170926,20170925,210304000,3469.0,10654,469870,369112420.0,3469.0,47,3468.0,153
rb1805,20170926,20170925,210304500,3469.0,10696,469830,370569380.0,3469.0,32,3468.0,152
rb1805,20170926,20170925,210305000,3469.0,10704,469828,370846900.0,3469.0,34,3468.0,152
rb1805,20170926,20170925,210305500,3469.0,10752,469844,372511820.0,3469.0,26,3468.0,142
rb1805,20170926,20170925,210306000,3469.0,10768,469844,373066860.0,3469.0,19,3468.0,152
rb1805,20170926,20170925,210306500,3469.0,10824,469862,375009500.0,3470.0,108,3469.0,13
rb1805,20170926,20170925,210307000,3469.0,10824,469862,375009500.0,3470.0,107,3469.0,14
rb1805,20170926,20170925,210307500,3469.0,10834,469872,375356400.0,3470.0,108,3469.0,10
rb1805,20170926,20170925,210308000,3469.0,10862,469892,376327720.0,3469.0,7,3468.0,152
rb1805,20170926,20170925,210308500,3469.0,10910,469892,377992840.0,3470.0,109,3469.0,18
rb1805,20170926,20170925,210309000,3469.0,10926,469896,378547880.0,3470.0,128,3468.0,151
rb1805,20170926,20170925,210309500,3470.0,10950,469898,379380660.0,3470.0,127,3469.0,100
rb1805,20170926,20170925,210310000,3469.0,11094,469888,384376360.0,3470.0,111,3469.0,46
rb1805,20170926,20170925,210310500,3471.0,11354,470014,393398100.0,3471.0,110,3470.0,87
rb1805,20170926,20170925,210311000,3470.0,11616,469906,402491820.0,3472.0,126,3470.0,70
rb1805,20170926,20170925,210311500,3473.0,12194,470104,422561640.0,3474.0,79,3473.0,32
rb1805,20170926,20170925,210312000,3471.0,12404,470166,429852600.0,3472.0,5,3471.0,23
rb1805,20170926,20170925,210312500,3471.0,12526,470192,434087100.0,3471.0,33,3470.0,1
rb1805,20170926,20170925,210313000,3470.0,12578,470174,435891460.0,3470.0,4,3469.0,41
rb1805,20170926,20170925,210313500,3470.0,12648,470226,438320100.0,3471.0,33,3470.0,1
rb1805,20170926,20170925,210314000,3471.0,12680,470236,439430600.0,3471.0,20,3470.0,24
rb1805,20170926,20170925,210314500,3471.0,12686,470238,439638840.0,3471.0,15,3470.0,26
rb1805,20170926,20170925,210315000,3470.0,12690,470242,439777660.0,3471.0,20,3470.0,25
rb1805,20170926,20170925,210315500,3470.0,12696,470246,439985860.0,3471.0,19,3470.0,22
rb1805,20170926,20170925,210316000,3471.0,12724,470250,440957520.0,3471.0,17,3470.0,13
rb1805,20170926,20170925,210316500,3471.0,12738,470258,441443400.0,3471.0,26,3470.0,9
rb1805,20170926,20170925,210317000,3470.0,12754,470264,441998640.0,3471.0,31,3470.0,14
rb1805,20170926,20170925,210317500,3471.0,12758,470266,442137460.0,3471.0,26,3470.0,28
rb1805,20170926,20170925,210318000,3470.0,12768,470262,442484500.0,3471.0,24,3470.0,25
rb1805,20170926,20170925,210318500,3471.0,12780,470260,442900920.0,3471.0,25,3470.0,20
rb1805,20170926,20170925,210319000,3470.0,12784,470262,443039720.0,3471.0,42,3470.0,22
rb1805,20170926,20170925,210319500,3471.0,12786,470262,443109140.0,3471.0,48,3470.0,62
rb1805,20170926,20170925,210320000,3470.0,12790,470262,443247960.0,3471.0,49,3470.0,62
rb1805,20170926,20170925,210320500,3470.0,12794,470264,443386760.0,3471.0,51,3470.0,60
rb1805,20170926,20170925,210321000,3471.0,12808,470264,443872700.0,3471.0,50,3470.0,60
rb1805,20170926,20170925,210321500,3470.0,12818,470258,444219720.0,3471.0,49,3470.0,60
rb1805,20170926,20170925,210322000,3471.0,12832,470260,444705600.0,3471.0,46,3470.0,57
rb1805,20170926,20170925,210322500,3470.0,12954,470296,448939000.0,3471.0,48,3469.0,33
rb1805,20170926,20170925,210323000,3470.0,12966,470294,449355360.0,3470.0,11,3469.0,29
rb1805,20170926,20170925,210323500,3470.0,12990,470300,450188160.0,3471.0,49,3470.0,11
rb1805,20170926,20170925,210324000,3470.0,13040,470318,451923160.0,3470.0,49,3469.0,30
rb1805,20170926,20170925,210324500,3469.0,13048,470320,452200680.0,3470.0,31,3469.0,27
rb1805,20170926,20170925,210325000,3469.0,13058,470324,452547620.0,3470.0,30,3469.0,24
rb1805,20170926,20170925,210325500,3469.0,13058,470324,452547620.0,3470.0,33,3469.0,24
rb1805,20170926,20170925,210326000,3469.0,13074,470340,453102680.0,3470.0,32,3469.0,17
rb1805,20170926,20170925,210326500,3469.0,13164,470304,456225340.0,3469.0,12,3468.0,84
rb1805,20170926,20170925,210327000,3469.0,13214,470274,457959880.0,3470.0,5,3469.0,3
rb1805,20170926,20170925,210327500,3470.0,13238,470288,458792460.0,3470.0,11,3468.0,84
rb1805,20170926,20170925,210328000,3470.0,13280,470320,460249720.0,3470.0,3,3469.0,5
rb1805,20170926,20170925,210328500,3469.0,13282,470322,460319100.0,3470.0,29,3469.0,20
rb1805,20170926,20170925,210329000,3469.0,13286,470322,460457860.0,3470.0,29,3469.0,39
rb1805,20170926,20170925,210329500,3469.0,13294,470324,460735400.0,3470.0,31,3469.0,36
rb1805,20170926,20170925,210330000,3469.0,13296,470324,460804780.0,3470.0,33,3469.0,36
rb1805,20170926,20170925,210330500,3469.0,13296,470324,460804780.0,3470.0,33,3469.0,36
rb1805,20170926,20170925,210331000,3469.0,13296,470324,460804780.0,3470.0,33,3469.0,43
rb1805,20170926,20170925,210331500,3469.0,13310,470336,461290440.0,3470.0,34,3469.0,39
rb1805,20170926,20170925,210332000,3469.0,13310,470336,461290440.0,3470.0,62,3469.0,27
rb1805,20170926,20170925,210332500,3469.0,13324,470344,461776120.0,3470.0,62,3469.0,21
rb1805,20170926,20170925,210333000,3469.0,13366,470344,463233100.0,3469.0,47,3468.0,108
rb1805,20170926,20170925,210333500,3468.0,13414,470390,464898200.0,3469.0,21,3468.0,87
rb1805,20170926,20170925,210334000,3468.0,13436,470390,465661160.0,3469.0,24,3468.0,93
rb1805,20170926,20170925,210334500,3468.0,13436,470390,465661160.0,3469.0,34,3468.0,94
rb1805,20170926,20170925,210335000,3469.0,13448,470386,466077420.0,3469.0,31,3468.0,90
rb1805,20170926,20170925,210335500,3468.0,13456,470386,466354920.0,3469.0,39,3468.0,89
rb1805,20170926,20170925,210336000,3469.0,13472,470392,466909940.0,3469.0,38,3468.0,76
rb1805,20170926,20170925,210336500,3468.0,13474,470394,466979300.0,3469.0,39,3468.0,75
rb1805,20170926,20170925,210337000,3469.0,13488,470398,467464840.0,3469.0,38,3468.0,68
rb1805,20170926,20170925,210337500,3469.0,13490,470400,467534220.0,3469.0,38,3468.0,68
rb1805,20170926,20170925,210338000,3468.0,13506,470406,468089100.0,3469.0,39,3468.0,70
rb1805,20170926,20170925,210338500,3469.0,13520,470412,468574640.0,3469.0,37,3468.0,66
rb1805,20170926,20170925,210339000,3468.0,13528,470420,468852080.0,3469.0,39,3468.0,62
rb1805,20170926,20170925,210339500,3468.0,13552,470426,469684400.0,3469.0,40,3468.0,66
rb1805,20170926,20170925,210340000,3468.0,13566,470440,470169920.0,3469.0,41,3468.0,59
rb1805,20170926,20170925,210340500,3468.0,13596,470448,471210600.0,3469.0,27,3468.0,58
rb1805,20170926,20170925,210341000,3468.0,13602,470450,471418680.0,3469.0,31,3468.0,55
rb1805,20170926,20170925,210341500,3468.0,13602,470450,471418680.0,3469.0,31,3468.0,55
rb1805,20170926,20170925,210342000,3469.0,13606,470454,471557420.0,3469.0,30,3468.0,38
rb1805,20170926,20170925,210342500,3469.0,13624,470470,472181820.0,3469.0,24,3468.0,37
rb1805,20170926,20170925,210343000,3468.0,13686,470492,474332000.0,3469.0,23,3468.0,16
rb1805,20170926,20170925,210343500,3468.0,13708,470504,475095120.0,3469.0,20,3468.0,13
rb1805,20170926,20170925,210344000,3468.0,13710,470504,475164480.0,3469.0,34,3468.0,12
rb1805,20170926,20170925,210344500,3469.0,13718,470506,475442000.0,3469.0,30,3468.0,17
rb1805,20170926,20170925,210345000,3468.0,13724,470508,475650080.0,3469.0,33,3468.0,22
rb1805,20170926,20170925,210345500,3468.0,13724,470508,475650080.0,3469.0,33,3468.0,22
rb1805,20170926,20170925,210346000,3468.0,13734,470508,475996880.0,3469.0,35,3468.0,17
rb1805,20170926,20170925,210346500,3468.0,13768,470500,477176000.0,3468.0,4,3467.0,55
rb1805,20170926,20170925,210347000,3468.0,13776,470500,477453440.0,3468.0,14,3467.0,10
rb1805,20170926,20170925,210347500,3468.0,13790,470512,477938840.0,3468.0,32,3467.0,4
rb1805,20170926,20170925,210348000,3466.0,13800,470510,478285520.0,3467.0,12,3466.0,22
rb1805,20170926,20170925,210348500,3466.0,13822,470498,479048080.0,3467.0,23,3466.0,8
rb1805,20170926,20170925,210349000,3466.0,13844,470484,479810640.0,3467.0,28,3466.0,1
rb1805,20170926,20170925,210349500,3466.0,13846,470486,479879960.0,3467.0,29,3466.0,2
rb1805,20170926,20170925,210350000,3466.0,13850,470486,480018600.0,3467.0,29,3465.0,115
rb1805,20170926,20170925,210350500,3467.0,13852,470484,480087940.0,3467.0,29,3466.0,9
rb1805,20170926,20170925,210351000,3465.0,13952,470516,483553120.0,3467.0,27,3466.0,6
rb1805,20170926,20170925,210351500,3467.0,13970,470510,484177020.0,3467.0,26,3465.0,76
rb1805,20170926,20170925,210352000,3465.0,14062,470538,487366420.0,3468.0,40,3465.0,70
rb1805,20170926,20170925,210352500,3466.0,14072,470538,487713020.0,3467.0,3,3466.0,2
rb1805,20170926,20170925,210353000,3466.0,14072,470538,487713020.0,3467.0,9,3466.0,17
rb1805,20170926,20170925,210353500,3467.0,14092,470544,488406420.0,3468.0,42,3466.0,31
rb1805,20170926,20170925,210354000,3466.0,14094,470542,488475740.0,3467.0,1,3466.0,30
rb1805,20170926,20170925,210354500,3466.0,14126,470518,489584860.0,3467.0,3,3466.0,19
rb1805,20170926,20170925,210355000,3466.0,14128,470518,489654180.0,3467.0,3,3466.0,25
rb1805,20170926,20170925,210355500,3467.0,14134,470518,489862200.0,3468.0,42,3467.0,2
rb1805,20170926,20170925,210356000,3467.0,14138,470518,490000880.0,3468.0,42,3466.0,32
rb1805,20170926,20170925,210356500,3467.0,14138,470518,490000880.0,3468.0,38,3466.0,32
rb1805,20170926,20170925,210357000,3466.0,14140,470516,490070200.0,3468.0,42,3466.0,33
rb1805,20170926,20170925,210357500,3465.0,14240,470554,493535860.0,3468.0,44,3466.0,1
rb1805,20170926,20170925,210358000,3466.0,14242,470556,493605180.0,3467.0,4,3466.0,12
rb1805,20170926,20170925,210358500,3466.0,14246,470556,493743820.0,3467.0,4,3466.0,21
rb1805,20170926,20170925,210359000,3466.0,14246,470556,493743820.0,3467.0,4,3466.0,21
rb1805,20170926,20170925,210359500,3467.0,14248,470556,493813160.0,3467.0,3,3466.0,25
rb1805,20170926,20170925,210400000,3467.0,14252,470558,493951820.0,3467.0,9,3466.0,22
rb1805,20170926,20170925,210400500,3466.0,14254,470560,494021140.0,3467.0,10,3466.0,21
rb1805,20170926,20170925,210401000,3467.0,14288,470582,495199920.0,3468.0,46,3467.0,34
rb1805,20170926,20170925,210401500,3467.0,14356,470650,497557480.0,3467.0,1,3466.0,16
rb1805,20170926,20170925,210402000,3467.0,14358,470648,497626820.0,3467.0,1,3466.0,22
rb1805,20170926,20170925,210402500,3468.0,14362,470648,497765520.0,3468.0,48,3466.0,22
rb1805,20170926,20170925,210403000,3467.0,14368,470650,497973500.0,3467.0,11,3466.0,21
rb1805,20170926,20170925,210403500,3466.0,14370,470652,498042820.0,3467.0,17,3466.0,14
rb1805,20170926,20170925,210404000,3467.0,14372,470654,498112160.0,3467.0,16,3466.0,25
rb1805,20170926,20170925,210404500,3467.0,14372,470654,498112160.0,3467.0,13,3466.0,33
rb1805,20170926,20170925,210405000,3467.0,14372,470654,498112160.0,3467.0,15,3466.0,33
rb1805,20170926,20170925,210405500,3466.0,14374,470654,498181480.0,3467.0,16,3466.0,33
rb1805,20170926,20170925,210406000,3466.0,14376,470654,498250800.0,3467.0,16,3466.0,32
rb1805,20170926,20170925,210406500,3466.0,14378,470656,498320120.0,3467.0,18,3466.0,32
rb1805,20170926,20170925,210407000,3467.0,14398,470676,499013520.0,3467.0,8,3466.0,42
rb1805,20170926,20170925,210407500,3467.0,14404,470680,499221540.0,3467.0,5,3466.0,42
rb1805,20170926,20170925,210408000,3466.0,14408,470684,499360180.0,3467.0,5,3466.0,40
rb1805,20170926,20170925,210408500,3466.0,14428,470692,500053380.0,3467.0,9,3466.0,30
rb1805,20170926,20170925,210409000,3466.0,14430,470692,500122700.0,3467.0,24,3466.0,24
rb1805,20170926,20170925,210409500,3467.0,14434,470692,500261360.0,3467.0,23,3466.0,23
rb1805,20170926,20170925,210410000,3466.0,14440,470692,500469320.0,3467.0,38,3466.0,20
rb1805,20170926,20170925,210410500,3466.0,14470,470704,501509320.0,3467.0,28,3466.0,15
rb1805,20170926,20170925,210411000,3466.0,14476,470708,501717280.0,3467.0,59,3466.0,12
rb1805,20170926,20170925,210411500,3466.0,14486,470712,502063880.0,3467.0,60,3466.0,7
rb1805,20170926,20170925,210412000,3466.0,14508,470720,502826400.0,3466.0,26,3465.0,116
rb1805,20170926,20170925,210412500,3466.0,14508,470720,502826400.0,3466.0,29,3465.0,111
rb1805,20170926,20170925,210413000,3466.0,14508,470720,502826400.0,3466.0,29,3465.0,111
rb1805,20170926,20170925,210413500,3466.0,14508,470720,502826400.0,3466.0,34,3465.0,109
rb1805,20170926,20170925,210414000,3466.0,14508,470720,502826400.0,3466.0,43,3465.0,109
rb1805,20170926,20170925,210414500,3466.0,14508,470720,502826400.0,3466.0,43,3465.0,102
rb1805,20170926,20170925,210415000,3466.0,14572,470698,505044620.0,3466.0,15,3465.0,108
rb1805,20170926,20170925,210415500,3466.0,14608,470692,506292380.0,3467.0,72,3466.0,39
rb1805,20170926,20170925,210416000,3466.0,14614,470696,506500340.0,3467.0,66,3466.0,25
rb1805,20170926,20170925,210416500,3466.0,14614,470696,506500340.0,3467.0,63,3466.0,28
rb1805,20170926,20170925,210417000,3466.0,14664,470668,508233340.0,3467.0,62,3466.0,3
rb1805,20170926,20170925,210417500,3466.0,14664,470668,508233340.0,3467.0,62,3466.0,121
rb1805,20170926,20170925,210418000,3466.0,14674,470666,508579940.0,3467.0,62,3466.0,118
rb1805,20170926,20170925,210418500,3466.0,14714,470670,509966380.0,3467.0,54,3466.0,101
rb1805,20170926,20170925,210419000,3466.0,14738,470694,510798220.0,3467.0,54,3466.0,89
rb1805,20170926,20170925,210419500,3466.0,14744,470694,511006180.0,3467.0,54,3466.0,86
rb1805,20170926,20170925,210420000,3466.0,14776,470694,512115300.0,3467.0,55,3466.0,70
rb1805,20170926,20170925,210420500,3466.0,14780,470698,512253940.0,3467.0,48,3466.0,70
rb1805,20170926,20170925,210421000,3466.0,14788,470700,512531240.0,3467.0,47,3466.0,67
rb1805,20170926,20170925,210421500,3466.0,14808,470700,513224440.0,3467.0,48,3466.0,58
rb1805,20170926,20170925,210422000,3466.0,14810,470702,513293760.0,3467.0,52,3466.0,59
rb1805,20170926,20170925,210422500,3466.0,14814,470702,513432420.0,3467.0,54,3466.0,58
rb1805,20170926,20170925,210423000,3466.0,14818,470702,513571060.0,3467.0,56,3466.0,56
rb1805,20170926,20170925,210423500,3466.0,14902,470782,516482520.0,3467.0,60,3466.0,15
rb1805,20170926,20170925,210424000,3466.0,14932,470786,517522320.0,3466.0,54,3465.0,123
rb1805,20170926,20170925,210424500,3466.0,14932,470786,517522320.0,3466.0,54,3465.0,123
rb1805,20170926,20170925,210425000,3465.0,14954,470808,518284620.0,3466.0,133,3465.0,105
rb1805,20170926,20170925,210425500,3465.0,14996,470808,519739920.0,3466.0,134,3465.0,84
rb1805,20170926,20170925,210426000,3465.0,15104,470812,523482140.0,3466.0,138,3465.0,31
rb1805,20170926,20170925,210426500,3465.0,15170,470874,525769040.0,3465.0,35,3464.0,38
rb1805,20170926,20170925,210427000,3464.0,15172,470876,525838320.0,3465.0,36,3464.0,36
rb1805,20170926,20170925,210427500,3465.0,15206,470898,527016200.0,3465.0,30,3464.0,21
rb1805,20170926,20170925,210428000,3465.0,15206,470898,527016200.0,3465.0,30,3464.0,21
rb1805,20170926,20170925,210428500,3464.0,15248,470886,528471080.0,3464.0,25,3463.0,56
rb1805,20170926,20170925,210429000,3464.0,15292,470886,529995240.0,3464.0,4,3463.0,16
rb1805,20170926,20170925,210429500,3463.0,15294,470886,530064500.0,3464.0,15,3463.0,16
rb1805,20170926,20170925,210430000,3464.0,15310,470878,530618700.0,3464.0,23,3463.0,15
rb1805,20170926,20170925,210430500,3463.0,15316,470874,530826500.0,3464.0,22,3463.0,23
rb1805,20170926,20170925,210431000,3463.0,15326,470870,531172800.0,3464.0,22,3463.0,30
rb1805,20170926,20170925,210431500,3463.0,15338,470870,531588380.0,3464.0,31,3463.0,26
rb1805,20170926,20170925,210432000,3463.0,15338,470870,531588380.0,3464.0,31,3463.0,32
rb1805,20170926,20170925,210432500,3463.0,15340,470868,531657640.0,3464.0,31,3463.0,31
rb1805,20170926,20170925,210433000,3463.0,15348,470866,531934720.0,3464.0,29,3463.0,29
rb1805,20170926,20170925,210433500,3463.0,15376,470868,532904360.0,3464.0,29,3463.0,15
rb1805,20170926,20170925,210434000,3463.0,15380,470870,533042880.0,3464.0,19,3463.0,16
rb1805,20170926,20170925,210434500,3463.0,15380,470870,533042880.0,3464.0,25,3463.0,16
rb1805,20170926,20170925,210435000,3463.0,15380,470870,533042880.0,3464.0,25,3463.0,25
rb1805,20170926,20170925,210435500,3463.0,15382,470870,533112140.0,3464.0,25,3463.0,25
rb1805,20170926,20170925,210436000,3463.0,15392,470880,533458440.0,3464.0,25,3463.0,21
rb1805,20170926,20170925,210436500,3463.0,15392,470880,533458440.0,3464.0,25,3463.0,26
rb1805,20170926,20170925,210437000,3463.0,15398,470880,533666220.0,3464.0,27,3463.0,26
rb1805,20170926,20170925,210437500,3463.0,15400,470882,533735480.0,3464.0,31,3463.0,26
rb1805,20170926,20170925,210438000,3464.0,15416,470878,534289680.0,3464.0,25,3463.0,24
rb1805,20170926,20170925,210438500,3464.0,15420,470882,534428240.0,3464.0,23,3463.0,24
rb1805,20170926,20170925,210439000,3464.0,15420,470882,534428240.0,3464.0,27,3463.0,25
rb1805,20170926,20170925,210439500,3464.0,15436,470886,534982480.0,3464.0,19,3463.0,25
rb1805,20170926,20170925,210440000,3464.0,15474,470902,536298800.0,3465.0,54,3464.0,2
rb1805,20170926,20170925,210440500,3464.0,15478,470904,536437360.0,3465.0,54,3464.0,3
rb1805,20170926,20170925,210441000,3464.0,15488,470902,536783760.0,3464.0,1,3463.0,22
rb1805,20170926,20170925,210441500,3464.0,15498,470908,537130160.0,3464.0,5,3463.0,22
rb1805,20170926,20170925,210442000,3464.0,15500,470910,537199440.0,3464.0,13,3463.0,22
rb1805,20170926,20170925,210442500,3464.0,15514,470918,537684400.0,3464.0,33,3463.0,22
rb1805,20170926,20170925,210443000,3464.0,15514,470918,537684400.0,3464.0,33,3463.0,22
rb1805,20170926,20170925,210443500,3464.0,15526,470918,538099980.0,3464.0,36,3463.0,17
rb1805,20170926,20170925,210444000,3464.0,15528,470918,538169260.0,3464.0,36,3463.0,17
rb1805,20170926,20170925,210444500,3464.0,15550,470912,538931160.0,3464.0,34,3463.0,8
rb1805,20170926,20170925,210445000,3463.0,15562,470920,539346720.0,3464.0,39,3463.0,5
rb1805,20170926,20170925,210445500,3463.0,15596,470948,540524360.0,3463.0,9,3462.0,48
rb1805,20170926,20170925,210446000,3462.0,15606,470946,540870560.0,3463.0,16,3462.0,47
rb1805,20170926,20170925,210446500,3462.0,15634,470946,541839940.0,3463.0,15,3462.0,51
rb1805,20170926,20170925,210447000,3462.0,15634,470946,541839940.0,3463.0,83,3462.0,61
rb1805,20170926,20170925,210447500,3463.0,15642,470950,542116920.0,3463.0,83,3462.0,59
rb1805,20170926,20170925,210448000,3463.0,15642,470950,542116920.0,3463.0,83,3462.0,59
rb1805,20170926,20170925,210448500,3463.0,15662,470962,542809520.0,3463.0,73,3462.0,61
rb1805,20170926,20170925,210449000,3463.0,15668,470964,543017280.0,3463.0,71,3462.0,60
rb1805,20170926,20170925,210449500,3462.0,15670,470966,543086520.0,3463.0,71,3462.0,64
rb1805,20170926,20170925,210450000,3463.0,15672,470966,543155780.0,3463.0,72,3462.0,64
rb1805,20170926,20170925,210450500,3463.0,15676,470968,543294280.0,3463.0,73,3462.0,63
rb1805,20170926,20170925,210451000,3462.0,15678,470968,543363520.0,3463.0,73,3462.0,79
rb1805,20170926,20170925,210451500,3462.0,15768,471006,546479520.0,3463.0,63,3462.0,44
rb1805,20170926,20170925,210452000,3463.0,15790,471020,547241180.0,3463.0,65,3462.0,36
rb1805,20170926,20170925,210452500,3462.0,15858,471006,549595400.0,3463.0,60,3462.0,5
rb1805,20170926,20170925,210453000,3462.0,15868,471004,549941600.0,3462.0,9,3461.0,36
rb1805,20170926,20170925,210453500,3462.0,15870,471006,550010840.0,3462.0,20,3461.0,42
rb1805,20170926,20170925,210454000,3461.0,15886,471016,550564620.0,3462.0,27,3461.0,33
rb1805,20170926,20170925,210454500,3461.0,15958,471004,553056560.0,3462.0,25,3461.0,9
rb1805,20170926,20170925,210455000,3461.0,16026,471024,555410420.0,3461.0,3,3460.0,111
rb1805,20170926,20170925,210455500,3461.0,16054,471044,556379520.0,3462.0,3,3460.0,109
rb1805,20170926,20170925,210456000,3462.0,16058,471042,556518000.0,3462.0,10,3461.0,2
rb1805,20170926,20170925,210456500,3461.0,16108,471048,558248520.0,3461.0,15,3460.0,109
rb1805,20170926,20170925,210457000,3461.0,16152,471018,559771360.0,3462.0,10,3461.0,101
rb1805,20170926,20170925,210457500,3462.0,16158,471016,559979060.0,3462.0,2,3461.0,70
rb1805,20170926,20170925,210458000,3462.0,16164,471012,560186780.0,3463.0,59,3462.0,4
rb1805,20170926,20170925,210458500,3463.0,16170,471014,560394520.0,3463.0,58,3462.0,1
rb1805,20170926,20170925,210459000,3461.0,16232,470960,562540520.0,3463.0,55,3461.0,61
rb1805,20170926,20170925,210459500,3462.0,16234,470958,562609760.0,3463.0,55,3462.0,3
rb1805,20170926,20170925,210500000,3463.0,16238,470958,562748280.0,3462.0,1,3461.0,66
rb1805,20170926,20170925,210500500,3462.0,16240,470958,562817520.0,3463.0,52,3462.0,1
rb1805,20170926,20170925,210501000,3463.0,16248,470962,563094500.0,3463.0,50,3461.0,71
rb1805,20170926,20170925,210501500,3461.0,16290,470940,564548320.0,3463.0,51,3461.0,65
rb1805,20170926,20170925,210502000,3461.0,16290,470940,564548320.0,3463.0,51,3462.0,10
rb1805,20170926,20170925,210502500,3462.0,16296,470940,564756040.0,3463.0,51,3462.0,7
rb1805,20170926,20170925,210503000,3462.0,16314,470926,565379200.0,3463.0,51,3461.0,57
rb1805,20170926,20170925,210503500,3462.0,16322,470922,565656140.0,3463.0,67,3461.0,75
rb1805,20170926,20170925,210504000,3462.0,16326,470922,565794600.0,3462.0,15,3461.0,76
rb1805,20170926,20170925,210504500,3462.0,16328,470922,565863840.0,3462.0,14,3461.0,76
rb1805,20170926,20170925,210505000,3462.0,16346,470922,566487000.0,3462.0,12,3461.0,78
rb1805,20170926,20170925,210505500,3463.0,16380,470922,567664140.0,3463.0,70,3462.0,20
rb1805,20170926,20170925,210506000,3462.0,16386,470920,567871880.0,3463.0,70,3462.0,27
rb1805,20170926,20170925,210506500,3463.0,16552,470996,573620460.0,3464.0,29,3463.0,15
rb1805,20170926,20170925,210507000,3464.0,16612,471036,575698860.0,3465.0,118,3464.0,19
rb1805,20170926,20170925,210507500,3465.0,16690,471024,578401560.0,3465.0,84,3464.0,20
rb1805,20170926,20170925,210508000,3465.0,16718,471004,579371760.0,3465.0,70,3464.0,20
rb1805,20170926,20170925,210508500,3465.0,16762,470996,580896360.0,3465.0,48,3464.0,21
rb1805,20170926,20170925,210509000,3465.0,16798,471024,582143760.0,3465.0,31,3464.0,22
rb1805,20170926,20170925,210509500,3465.0,16812,471036,582628860.0,3465.0,25,3464.0,23
rb1805,20170926,20170925,210510000,3464.0,16816,471038,582767420.0,3465.0,33,3464.0,15
rb1805,20170926,20170925,210510500,3464.0,16846,471066,583806620.0,3464.0,27,3463.0,31
rb1805,20170926,20170925,210511000,3463.0,16884,471054,585122560.0,3463.0,13,3462.0,29
rb1805,20170926,20170925,210511500,3463.0,16916,471032,586230480.0,3463.0,20,3462.0,9
rb1805,20170926,20170925,210512000,3463.0,16936,471048,586922900.0,3463.0,41,3462.0,2
rb1805,20170926,20170925,210512500,3462.0,16950,471048,587407580.0,3462.0,5,3461.0,54
rb1805,20170926,20170925,210513000,3461.0,17080,471136,591907040.0,3461.0,3,3460.0,115
rb1805,20170926,20170925,210513500,3461.0,17132,471150,593706760.0,3462.0,1,3461.0,4
rb1805,20170926,20170925,210514000,3462.0,17134,471152,593776000.0,3462.0,4,3461.0,25
rb1805,20170926,20170925,210514500,3463.0,17154,471160,594468520.0,3463.0,35,3462.0,1
rb1805,20170926,20170925,210515000,3462.0,17158,471160,594607000.0,3463.0,35,3462.0,9
rb1805,20170926,20170925,210515500,3462.0,17160,471160,594676240.0,3463.0,35,3462.0,8
rb1805,20170926,20170925,210516000,3462.0,17166,471160,594884000.0,3463.0,39,3462.0,7
rb1805,20170926,20170925,210516500,3462.0,17166,471160,594884000.0,3463.0,39,3462.0,12
rb1805,20170926,20170925,210517000,3462.0,17166,471160,594884000.0,3463.0,40,3462.0,9
rb1805,20170926,20170925,210517500,3462.0,17166,471160,594884000.0,3463.0,45,3462.0,12
rb1805,20170926,20170925,210518000,3463.0,17176,471170,595230220.0,3463.0,44,3462.0,8
rb1805,20170926,20170925,210518500,3463.0,17178,471172,595299480.0,3463.0,43,3462.0,9
rb1805,20170926,20170925,210519000,3463.0,17178,471172,595299480.0,3463.0,44,3462.0,9
rb1805,20170926,20170925,210519500,3462.0,17180,471174,595368720.0,3463.0,44,3462.0,8
rb1805,20170926,20170925,210520000,3462.0,17200,471194,596061120.0,3462.0,10,3461.0,50
rb1805,20170926,20170925,210520500,3462.0,17208,471198,596338080.0,3462.0,10,3461.0,52
rb1805,20170926,20170925,210521000,3462.0,17210,471198,596407320.0,3462.0,21,3461.0,54
rb1805,20170926,20170925,210521500,3463.0,17278,471238,598761740.0,3463.0,31,3461.0,55
rb1805,20170926,20170925,210522000,3462.0,17286,471242,599038760.0,3462.0,3,3461.0,59
rb1805,20170926,20170925,210522500,3462.0,17294,471240,599315720.0,3463.0,28,3462.0,11
rb1805,20170926,20170925,210523000,3462.0,17294,471240,599315720.0,3463.0,31,3462.0,10
rb1805,20170926,20170925,210523500,3463.0,17306,471244,599731180.0,3463.0,30,3462.0,16
rb1805,20170926,20170925,210524000,3463.0,17326,471248,600423720.0,3463.0,23,3462.0,13
rb1805,20170926,20170925,210524500,3463.0,17330,471246,600562240.0,3463.0,25,3462.0,17
rb1805,20170926,20170925,210525000,3463.0,17330,471246,600562240.0,3463.0,25,3462.0,27
rb1805,20170926,20170925,210525500,3462.0,17332,471248,600631480.0,3463.0,27,3462.0,26
rb1805,20170926,20170925,210526000,3463.0,17334,471248,600700740.0,3463.0,27,3462.0,22
rb1805,20170926,20170925,210526500,3462.0,17336,471250,600769980.0,3463.0,28,3462.0,22
rb1805,20170926,20170925,210527000,3462.0,17338,471250,600839220.0,3463.0,106,3462.0,17
rb1805,20170926,20170925,210527500,3463.0,17358,471270,601531700.0,3463.0,102,3462.0,11
rb1805,20170926,20170925,210528000,3463.0,17358,471270,601531700.0,3463.0,102,3462.0,11
rb1805,20170926,20170925,210528500,3463.0,17358,471270,601531700.0,3463.0,104,3462.0,11
rb1805,20170926,20170925,210529000,3463.0,17360,471272,601600960.0,3463.0,103,3462.0,11
rb1805,20170926,20170925,210529500,3462.0,17362,471274,601670200.0,3463.0,106,3462.0,10
rb1805,20170926,20170925,210530000,3463.0,17382,471268,602362800.0,3463.0,96,3462.0,11
rb1805,20170926,20170925,210530500,3463.0,17382,471268,602362800.0,3463.0,97,3462.0,22
rb1805,20170926,20170925,210531000,3463.0,17384,471266,602432060.0,3463.0,98,3462.0,30
rb1805,20170926,20170925,210531500,3463.0,17390,471266,602639840.0,3463.0,95,3462.0,30
rb1805,20170926,20170925,210532000,3463.0,17390,471266,602639840.0,3463.0,98,3462.0,33
rb1805,20170926,20170925,210532500,3462.0,17422,471240,603747960.0,3463.0,82,3462.0,31
rb1805,20170926,20170925,210533000,3462.0,17442,471248,604440360.0,3463.0,82,3462.0,21
rb1805,20170926,20170925,210533500,3462.0,17446,471246,604578860.0,3463.0,81,3462.0,20
rb1805,20170926,20170925,210534000,3462.0,17450,471246,604717340.0,3463.0,82,3462.0,18
rb1805,20170926,20170925,210534500,3462.0,17450,471246,604717340.0,3463.0,82,3462.0,18
rb1805,20170926,20170925,210535000,3462.0,17450,471246,604717340.0,3463.0,82,3462.0,28
rb1805,20170926,20170925,210535500,3463.0,17452,471244,604786600.0,3463.0,81,3462.0,31
rb1805,20170926,20170925,210536000,3463.0,17452,471244,604786600.0,3463.0,81,3462.0,38
rb1805,20170926,20170925,210536500,3462.0,17456,471240,604925100.0,3463.0,80,3462.0,39
rb1805,20170926,20170925,210537000,3462.0,17458,471238,604994340.0,3463.0,80,3462.0,36
rb1805,20170926,20170925,210537500,3463.0,17462,471236,605132860.0,3463.0,78,3462.0,37
rb1805,20170926,20170925,210538000,3462.0,17464,471236,605202100.0,3463.0,78,3462.0,33
rb1805,20170926,20170925,210538500,3463.0,17466,471236,605271360.0,3463.0,77,3462.0,69
rb1805,20170926,20170925,210539000,3463.0,17466,471236,605271360.0,3463.0,77,3462.0,70
rb1805,20170926,20170925,210539500,3463.0,17598,471230,609841280.0,3463.0,73,3462.0,8
rb1805,20170926,20170925,210540000,3463.0,17598,471230,609841280.0,3463.0,73,3462.0,16
rb1805,20170926,20170925,210540500,3462.0,17634,471266,611087600.0,3462.0,17,3461.0,79
rb1805,20170926,20170925,210541000,3462.0,17668,471266,612264680.0,3463.0,74,3461.0,102
rb1805,20170926,20170925,210541500,3462.0,17670,471266,612333920.0,3462.0,5,3461.0,122
rb1805,20170926,20170925,210542000,3463.0,17682,471264,612749380.0,3463.0,74,3462.0,16
rb1805,20170926,20170925,210542500,3463.0,17684,471264,612818640.0,3463.0,76,3462.0,16
rb1805,20170926,20170925,210543000,3463.0,17686,471264,612887900.0,3463.0,75,3462.0,22
rb1805,20170926,20170925,210543500,3463.0,17836,471144,618082400.0,3464.0,40,3463.0,2
rb1805,20170926,20170925,210544000,3463.0,17836,471144,618082400.0,3464.0,40,3463.0,2
rb1805,20170926,20170925,210544500,3463.0,17836,471144,618082400.0,3464.0,40,3462.0,37
rb1805,20170926,20170925,210545000,3462.0,17842,471146,618290200.0,3464.0,33,3462.0,32
rb1805,20170926,20170925,210545500,3462.0,17842,471146,618290200.0,3464.0,34,3463.0,2
rb1805,20170926,20170925,210546000,3462.0,17842,471146,618290200.0,3464.0,34,3463.0,2
rb1805,20170926,20170925,210546500,3462.0,17862,471150,618982600.0,3464.0,36,3462.0,28
rb1805,20170926,20170925,210547000,3462.0,17862,471150,618982600.0,3464.0,36,3462.0,30
rb1805,20170926,20170925,210547500,3462.0,17862,471150,618982600.0,3463.0,1,3462.0,30
rb1805,20170926,20170925,210548000,3462.0,17862,471150,618982600.0,3463.0,1,3462.0,42
rb1805,20170926,20170925,210548500,3463.0,17866,471148,619121120.0,3464.0,35,3462.0,40
rb1805,20170926,20170925,210549000,3463.0,17868,471148,619190380.0,3464.0,35,3463.0,97
rb1805,20170926,20170925,210549500,3463.0,17874,471148,619398180.0,3464.0,34,3463.0,94
rb1805,20170926,20170925,210550000,3463.0,17876,471150,619467440.0,3464.0,34,3463.0,98
rb1805,20170926,20170925,210550500,3464.0,17882,471152,619675280.0,3464.0,23,3463.0,99
rb1805,20170926,20170925,210551000,3463.0,17892,471160,620021580.0,3464.0,23,3463.0,6
rb1805,20170926,20170925,210551500,3463.0,17892,471160,620021580.0,3464.0,23,3463.0,6
rb1805,20170926,20170925,210552000,3463.0,17892,471160,620021580.0,3464.0,24,3463.0,6
rb1805,20170926,20170925,210552500,3464.0,17896,471160,620160120.0,3464.0,23,3463.0,20
rb1805,20170926,20170925,210553000,3464.0,17896,471160,620160120.0,3464.0,23,3463.0,40
rb1805,20170926,20170925,210553500,3464.0,17900,471160,620298680.0,3464.0,22,3463.0,49
rb1805,20170926,20170925,210554000,3464.0,17946,471128,621892120.0,3464.0,1,3463.0,49
rb1805,20170926,20170925,210554500,3464.0,17948,471130,621961400.0,3465.0,77,3463.0,49
rb1805,20170926,20170925,210555000,3465.0,17956,471138,622238600.0,3465.0,73,3463.0,47
rb1805,20170926,20170925,210555500,3465.0,17960,471138,622377200.0,3465.0,72,3463.0,45
rb1805,20170926,20170925,210556000,3465.0,17962,471136,622446500.0,3464.0,10,3463.0,46
rb1805,20170926,20170925,210556500,3464.0,17984,471148,623208580.0,3465.0,71,3464.0,49
rb1805,20170926,20170925,210557000,3464.0,18024,471130,624594180.0,3465.0,71,3464.0,21
rb1805,20170926,20170925,210557500,3465.0,18026,471132,624663480.0,3465.0,72,3464.0,18
rb1805,20170926,20170925,210558000,3465.0,18058,471132,625772280.0,3465.0,56,3464.0,34
rb1805,20170926,20170925,210558500,3465.0,18058,471132,625772280.0,3465.0,56,3464.0,34
rb1805,20170926,20170925,210559000,3464.0,18060,471130,625841560.0,3465.0,61,3464.0,33
rb1805,20170926,20170925,210559500,3464.0,18060,471130,625841560.0,3465.0,61,3464.0,33
rb1805,20170926,20170925,210600000,3464.0,18126,471184,628127800.0,3464.0,22,3463.0,52
rb1805,20170926,20170925,210600500,3464.0,18134,471186,628404920.0,3464.0,20,3463.0,50
rb1805,20170926,20170925,210601000,3464.0,18134,471186,628404920.0,3464.0,21,3463.0,51
rb1805,20170926,20170925,210601500,3464.0,18156,471186,629167000.0,3464.0,16,3463.0,32
rb1805,20170926,20170925,210602000,3464.0,18176,471186,629859800.0,3464.0,7,3463.0,32
rb1805,20170926,20170925,210602500,3464.0,18222,471202,631453220.0,3465.0,65,3464.0,34
rb1805,20170926,20170925,210603000,3464.0,18288,471268,633739460.0,3465.0,65,3464.0,1
rb1805,20170926,20170925,210603500,3464.0,18290,471270,633808740.0,3465.0,62,3464.0,13
rb1805,20170926,20170925,210604000,3464.0,18316,471288,634709380.0,3464.0,6,3463.0,27
rb1805,20170926,20170925,210604500,3464.0,18316,471288,634709380.0,3464.0,6,3463.0,30
rb1805,20170926,20170925,210605000,3464.0,18316,471288,634709380.0,3464.0,6,3463.0,30
rb1805,20170926,20170925,210605500,3464.0,18316,471288,634709380.0,3464.0,18,3463.0,30
rb1805,20170926,20170925,210606000,3464.0,18316,471288,634709380.0,3464.0,18,3463.0,31
rb1805,20170926,20170925,210606500,3464.0,18316,471288,634709380.0,3464.0,25,3463.0,31
rb1805,20170926,20170925,210607000,3464.0,18316,471288,634709380.0,3464.0,54,3463.0,21
rb1805,20170926,20170925,210607500,3464.0,18324,471290,634986460.0,3464.0,62,3463.0,19
rb1805,20170926,20170925,210608000,3463.0,18350,471294,635886880.0,3464.0,72,3463.0,8
rb1805,20170926,20170925,210608500,3463.0,18372,471298,636648740.0,3463.0,14,3462.0,44
rb1805,20170926,20170925,210609000,3463.0,18374,471300,636718000.0,3463.0,37,3462.0,43
rb1805,20170926,20170925,210609500,3462.0,18462,471334,639764560.0,3463.0,37,3461.0,125
rb1805,20170926,20170925,210610000,3462.0,18462,471334,639764560.0,3463.0,37,3462.0,1
rb1805,20170926,20170925,210610500,3462.0,18484,471324,640526200.0,3462.0,13,3461.0,125
rb1805,20170926,20170925,210611000,3461.0,18536,471298,642325920.0,3462.0,13,3461.0,102
rb1805,20170926,20170925,210611500,3461.0,18536,471298,642325920.0,3462.0,28,3461.0,103
rb1805,20170926,20170925,210612000,3461.0,18564,471286,643295040.0,3462.0,21,3461.0,92
rb1805,20170926,20170925,210612500,3462.0,18572,471292,643571960.0,3462.0,23,3461.0,91
rb1805,20170926,20170925,210613000,3461.0,18580,471292,643848840.0,3462.0,23,3461.0,87
rb1805,20170926,20170925,210613500,3462.0,18600,471304,644541160.0,3462.0,20,3461.0,83
rb1805,20170926,20170925,210614000,3462.0,18632,471328,645648920.0,3462.0,8,3461.0,80
rb1805,20170926,20170925,210614500,3462.0,18640,471336,645925860.0,3462.0,20,3461.0,81
rb1805,20170926,20170925,210615000,3462.0,18664,471348,646756680.0,3462.0,13,3461.0,78
rb1805,20170926,20170925,210615500,3462.0,18668,471352,646895140.0,3462.0,23,3461.0,77
rb1805,20170926,20170925,210616000,3462.0,18678,471360,647241280.0,3462.0,27,3461.0,74
rb1805,20170926,20170925,210616500,3462.0,18686,471368,647518200.0,3462.0,25,3461.0,72
rb1805,20170926,20170925,210617000,3462.0,18690,471372,647656660.0,3462.0,36,3461.0,71
rb1805,20170926,20170925,210617500,3461.0,18696,471378,647864320.0,3462.0,37,3461.0,70
rb1805,20170926,20170925,210618000,3461.0,18696,471378,647864320.0,3462.0,38,3461.0,70
rb1805,20170926,20170925,210618500,3461.0,18708,471390,648279640.0,3462.0,38,3461.0,66
rb1805,20170926,20170925,210619000,3461.0,18710,471390,648348860.0,3462.0,37,3461.0,65
rb1805,20170926,20170925,210619500,3461.0,18718,471386,648625740.0,3462.0,34,3461.0,67
rb1805,20170926,20170925,210620000,3462.0,18736,471380,649248740.0,3462.0,33,3461.0,65
rb1805,20170926,20170925,210620500,3461.0,18740,471380,649387180.0,3462.0,28,3461.0,103
rb1805,20170926,20170925,210621000,3461.0,18752,471376,649802500.0,3462.0,39,3461.0,57
rb1805,20170926,20170925,210621500,3461.0,18756,471374,649940940.0,3462.0,39,3461.0,55
rb1805,20170926,20170925,210622000,3462.0,18790,471354,651117700.0,3462.0,39,3461.0,39
rb1805,20170926,20170925,210622500,3462.0,18794,471350,651256180.0,3462.0,37,3461.0,39
rb1805,20170926,20170925,210623000,3462.0,18798,471350,651394640.0,3462.0,27,3461.0,38
rb1805,20170926,20170925,210623500,3461.0,18802,471350,651533100.0,3462.0,25,3461.0,37
rb1805,20170926,20170925,210624000,3462.0,18804,471352,651602340.0,3462.0,24,3461.0,37
rb1805,20170926,20170925,210624500,3461.0,18806,471352,651671560.0,3462.0,24,3461.0,39
rb1805,20170926,20170925,210625000,3461.0,18806,471352,651671560.0,3462.0,24,3461.0,39
rb1805,20170926,20170925,210625500,3461.0,18856,471310,653402060.0,3462.0,24,3461.0,14
rb1805,20170926,20170925,210626000,3461.0,18860,471314,653540500.0,3462.0,24,3461.0,12
rb1805,20170926,20170925,210626500,3461.0,18870,471324,653886600.0,3462.0,25,3461.0,7
rb1805,20170926,20170925,210627000,3461.0,18872,471324,653955820.0,3462.0,26,3461.0,6
rb1805,20170926,20170925,210627500,3461.0,18900,471330,654924900.0,3462.0,28,3460.0,126
rb1805,20170926,20170925,210628000,3461.0,18900,471330,654924900.0,3461.0,1,3460.0,127
rb1805,20170926,20170925,210628500,3461.0,18908,471326,655201800.0,3462.0,28,3461.0,3
rb1805,20170926,20170925,210629000,3461.0,18914,471326,655409460.0,3462.0,28,3460.0,127
rb1805,20170926,20170925,210629500,3460.0,18918,471330,655547860.0,3461.0,3,3460.0,126
rb1805,20170926,20170925,210630000,3460.0,18932,471330,656032440.0,3462.0,26,3460.0,129
rb1805,20170926,20170925,210630500,3460.0,18934,471332,656101640.0,3462.0,26,3460.0,128
rb1805,20170926,20170925,210631000,3460.0,18934,471332,656101640.0,3462.0,35,3460.0,138
rb1805,20170926,20170925,210631500,3460.0,18942,471334,656378480.0,3461.0,10,3460.0,135
rb1805,20170926,20170925,210632000,3461.0,18944,471336,656447700.0,3461.0,15,3460.0,136
rb1805,20170926,20170925,210632500,3460.0,18960,471346,657001300.0,3461.0,12,3460.0,128
rb1805,20170926,20170925,210633000,3460.0,18974,471346,657485700.0,3461.0,52,3460.0,121
rb1805,20170926,20170925,210633500,3460.0,18986,471348,657900900.0,3461.0,55,3460.0,115
rb1805,20170926,20170925,210634000,3461.0,19000,471342,658385340.0,3461.0,54,3460.0,125
rb1805,20170926,20170925,210634500,3460.0,19008,471342,658662180.0,3461.0,115,3460.0,123
rb1805,20170926,20170925,210635000,3460.0,19032,471340,659492780.0,3461.0,107,3460.0,122
rb1805,20170926,20170925,210635500,3460.0,19058,471364,660392620.0,3461.0,96,3460.0,121
rb1805,20170926,20170925,210636000,3461.0,19078,471382,661084740.0,3461.0,90,3460.0,117
rb1805,20170926,20170925,210636500,3461.0,19080,471382,661153960.0,3461.0,89,3460.0,117
rb1805,20170926,20170925,210637000,3461.0,19096,471394,661707720.0,3461.0,69,3460.0,118
rb1805,20170926,20170925,210637500,3461.0,19096,471394,661707720.0,3461.0,69,3460.0,122
rb1805,20170926,20170925,210638000,3461.0,19096,471394,661707720.0,3461.0,69,3460.0,122
rb1805,20170926,20170925,210638500,3460.0,19100,471396,661846120.0,3461.0,70,3460.0,122
rb1805,20170926,20170925,210639000,3459.0,19356,471524,670703600.0,3460.0,61,3459.0,145
rb1805,20170926,20170925,210639500,3459.0,19438,471520,673540000.0,3460.0,55,3459.0,102
rb1805,20170926,20170925,210640000,3459.0,19468,471516,674577720.0,3460.0,88,3459.0,88
rb1805,20170926,20170925,210640500,3459.0,19480,471512,674992820.0,3460.0,89,3459.0,83
rb1805,20170926,20170925,210641000,3459.0,19504,471512,675822980.0,3460.0,91,3459.0,71
rb1805,20170926,20170925,210641500,3460.0,19546,471518,677276060.0,3460.0,77,3459.0,65
rb1805,20170926,20170925,210642000,3459.0,19554,471518,677552820.0,3460.0,76,3459.0,63
rb1805,20170926,20170925,210642500,3459.0,19562,471518,677829540.0,3460.0,76,3459.0,59
rb1805,20170926,20170925,210643000,3460.0,19570,471514,678106300.0,3460.0,69,3459.0,57
rb1805,20170926,20170925,210643500,3459.0,19602,471518,679213180.0,3460.0,71,3459.0,66
rb1805,20170926,20170925,210644000,3459.0,19656,471532,681081120.0,3460.0,71,3459.0,44
rb1805,20170926,20170925,210644500,3460.0,19670,471522,681565460.0,3460.0,67,3459.0,43
rb1805,20170926,20170925,210645000,3460.0,19694,471526,682395820.0,3460.0,44,3459.0,43
rb1805,20170926,20170925,210645500,3459.0,19698,471526,682534200.0,3460.0,46,3459.0,47
rb1805,20170926,20170925,210646000,3460.0,19730,471552,683641400.0,3460.0,32,3459.0,52
rb1805,20170926,20170925,210646500,3460.0,19748,471552,684264200.0,3460.0,23,3459.0,54
rb1805,20170926,20170925,210647000,3461.0,19800,471540,686063420.0,3461.0,72,3460.0,150
rb1805,20170926,20170925,210647500,3461.0,19962,471546,691670240.0,3462.0,16,3461.0,24
rb1805,20170926,20170925,210648000,3462.0,20006,471542,693193520.0,3463.0,79,3462.0,35
rb1805,20170926,20170925,210648500,3461.0,20044,471576,694508780.0,3462.0,1,3461.0,26
rb1805,20170926,20170925,210649000,3462.0,20046,471576,694578020.0,3463.0,72,3462.0,11
rb1805,20170926,20170925,210649500,3463.0,20050,471578,694716520.0,3463.0,71,3462.0,9
rb1805,20170926,20170925,210650000,3462.0,20066,471564,695270440.0,3463.0,71,3462.0,6
rb1805,20170926,20170925,210650500,3462.0,20068,471564,695339680.0,3463.0,71,3462.0,5
rb1805,20170926,20170925,210651000,3461.0,20086,471560,695962760.0,3462.0,43,3461.0,22
rb1805,20170926,20170925,210651500,3460.0,20124,471560,697277900.0,3461.0,3,3460.0,87
rb1805,20170926,20170925,210652000,3461.0,20134,471568,697624000.0,3462.0,43,3460.0,58
rb1805,20170926,20170925,210652500,3461.0,20134,471568,697624000.0,3462.0,45,3460.0,58
rb1805,20170926,20170925,210653000,3460.0,20136,471568,697693200.0,3462.0,48,3460.0,62
rb1805,20170926,20170925,210653500,3460.0,20136,471568,697693200.0,3461.0,1,3460.0,62
rb1805,20170926,20170925,210654000,3460.0,20136,471568,697693200.0,3461.0,1,3460.0,62
rb1805,20170926,20170925,210654500,3462.0,20140,471568,697831660.0,3462.0,50,3461.0,19
rb1805,20170926,20170925,210655000,3461.0,20142,471568,697900880.0,3462.0,51,3461.0,4
rb1805,20170926,20170925,210655500,3461.0,20144,471568,697970100.0,3462.0,48,3461.0,3
rb1805,20170926,20170925,210656000,3461.0,20146,471566,698039320.0,3462.0,48,3461.0,3
rb1805,20170926,20170925,210656500,3461.0,20146,471566,698039320.0,3462.0,49,3461.0,5
rb1805,20170926,20170925,210657000,3461.0,20146,471566,698039320.0,3462.0,49,3461.0,17
rb1805,20170926,20170925,210657500,3461.0,20146,471566,698039320.0,3462.0,59,3461.0,17
rb1805,20170926,20170925,210658000,3461.0,20180,471540,699216060.0,3461.0,42,3460.0,59
rb1805,20170926,20170925,210658500,3461.0,20186,471536,699423720.0,3461.0,37,3460.0,59
rb1805,20170926,20170925,210659000,3461.0,20186,471536,699423720.0,3461.0,38,3460.0,60
rb1805,20170926,20170925,210659500,3461.0,20188,471534,699492940.0,3461.0,37,3460.0,61
rb1805,20170926,20170925,210700000,3461.0,20188,471534,699492940.0,3461.0,37,3460.0,61
rb1805,20170926,20170925,210700500,3461.0,20192,471534,699631360.0,3461.0,37,3460.0,59
rb1805,20170926,20170925,210701000,3461.0,20192,471534,699631360.0,3461.0,37,3460.0,60
rb1805,20170926,20170925,210701500,3461.0,20196,471532,699769800.0,3461.0,35,3460.0,60
rb1805,20170926,20170925,210702000,3460.0,20200,471530,699908220.0,3461.0,4,3460.0,27
rb1805,20170926,20170925,210702500,3461.0,20206,471528,700115880.0,3461.0,1,3460.0,36
rb1805,20170926,20170925,210703000,3461.0,20208,471530,700185100.0,3462.0,54,3460.0,36
rb1805,20170926,20170925,210703500,3461.0,20208,471530,700185100.0,3461.0,1,3460.0,46
rb1805,20170926,20170925,210704000,3460.0,20212,471534,700323500.0,3461.0,10,3460.0,44
rb1805,20170926,20170925,210704500,3460.0,20212,471534,700323500.0,3461.0,10,3460.0,45
rb1805,20170926,20170925,210705000,3461.0,20216,471536,700461940.0,3462.0,56,3461.0,1
rb1805,20170926,20170925,210705500,3461.0,20216,471536,700461940.0,3462.0,58,3461.0,2
rb1805,20170926,20170925,210706000,3461.0,20216,471536,700461940.0,3462.0,48,3461.0,2
rb1805,20170926,20170925,210706500,3461.0,20216,471536,700461940.0,3462.0,48,3461.0,2
rb1805,20170926,20170925,210707000,3461.0,20216,471536,700461940.0,3462.0,47,3461.0,2
rb1805,20170926,20170925,210707500,3461.0,20216,471536,700461940.0,3462.0,49,3461.0,2
rb1805,20170926,20170925,210708000,3461.0,20220,471532,700600380.0,3462.0,49,3460.0,46
rb1805,20170926,20170925,210708500,3462.0,20222,471532,700669620.0,3462.0,48,3460.0,46
rb1805,20170926,20170925,210709000,3462.0,20222,471532,700669620.0,3462.0,48,3461.0,6
rb1805,20170926,20170925,210709500,3461.0,20226,471536,700808060.0,3462.0,48,3461.0,5
rb1805,20170926,20170925,210710000,3461.0,20228,471538,700877280.0,3462.0,48,3461.0,24
rb1805,20170926,20170925,210710500,3461.0,20236,471544,701154160.0,3462.0,48,3461.0,32
rb1805,20170926,20170925,210711000,3461.0,20240,471548,701292600.0,3462.0,51,3461.0,31
rb1805,20170926,20170925,210711500,3461.0,20240,471548,701292600.0,3462.0,51,3461.0,22
rb1805,20170926,20170925,210712000,3462.0,20250,471544,701638740.0,3462.0,50,3461.0,19
rb1805,20170926,20170925,210712500,3461.0,20254,471548,701777180.0,3462.0,52,3461.0,21
rb1805,20170926,20170925,210713000,3461.0,20254,471548,701777180.0,3462.0,51,3461.0,21
rb1805,20170926,20170925,210713500,3461.0,20258,471550,701915620.0,3462.0,51,3461.0,19
rb1805,20170926,20170925,210714000,3461.0,20264,471556,702123280.0,3462.0,51,3461.0,16
rb1805,20170926,20170925,210714500,3461.0,20264,471556,702123280.0,3462.0,51,3461.0,16
rb1805,20170926,20170925,210715000,3462.0,20266,471556,702192520.0,3462.0,50,3461.0,16
rb1805,20170926,20170925,210715500,3462.0,20266,471556,702192520.0,3462.0,43,3461.0,30
rb1805,20170926,20170925,210716000,3462.0,20266,471556,702192520.0,3462.0,33,3461.0,36
rb1805,20170926,20170925,210716500,3462.0,20288,471546,702954160.0,3462.0,20,3461.0,41
rb1805,20170926,20170925,210717000,3461.0,20296,471546,703231040.0,3462.0,20,3461.0,37
rb1805,20170926,20170925,210717500,3462.0,20298,471548,703300280.0,3462.0,19,3461.0,37
rb1805,20170926,20170925,210718000,3462.0,20300,471550,703369520.0,3462.0,18,3461.0,37
rb1805,20170926,20170925,210718500,3462.0,20302,471552,703438760.0,3462.0,17,3461.0,31
rb1805,20170926,20170925,210719000,3462.0,20302,471552,703438760.0,3462.0,17,3461.0,15
rb1805,20170926,20170925,210719500,3462.0,20302,471552,703438760.0,3462.0,20,3461.0,21
rb1805,20170926,20170925,210720000,3462.0,20302,471552,703438760.0,3462.0,20,3461.0,23
rb1805,20170926,20170925,210720500,3462.0,20342,471590,704823560.0,3463.0,153,3462.0,1
rb1805,20170926,20170925,210721000,3462.0,20346,471590,704962040.0,3462.0,3,3461.0,34
rb1805,20170926,20170925,210721500,3461.0,20412,471580,707247480.0,3463.0,123,3461.0,33
rb1805,20170926,20170925,210722000,3461.0,20414,471582,707316700.0,3463.0,86,3461.0,32
rb1805,20170926,20170925,210722500,3461.0,20414,471582,707316700.0,3463.0,86,3461.0,36
rb1805,20170926,20170925,210723000,3461.0,20420,471578,707524360.0,3463.0,86,3461.0,35
rb1805,20170926,20170925,210723500,3461.0,20420,471578,707524360.0,3463.0,86,3461.0,35
rb1805,20170926,20170925,210724000,3462.0,20422,471578,707593600.0,3463.0,86,3462.0,1
rb1805,20170926,20170925,210724500,3462.0,20424,471578,707662840.0,3463.0,86,3461.0,33
rb1805,20170926,20170925,210725000,3462.0,20424,471578,707662840.0,3463.0,87,3461.0,34
rb1805,20170926,20170925,210725500,3463.0,20426,471578,707732100.0,3463.0,86,3462.0,1
rb1805,20170926,20170925,210726000,3463.0,20428,471578,707801360.0,3463.0,86,3462.0,1
rb1805,20170926,20170925,210726500,3463.0,20472,471578,709324960.0,3462.0,1,3461.0,38
rb1805,20170926,20170925,210727000,3461.0,20474,471578,709394180.0,3462.0,3,3461.0,33
rb1805,20170926,20170925,210727500,3462.0,20476,471578,709463420.0,3462.0,52,3461.0,33
rb1805,20170926,20170925,210728000,3462.0,20476,471578,709463420.0,3462.0,53,3461.0,27
rb1805,20170926,20170925,210728500,3462.0,20476,471578,709463420.0,3462.0,55,3461.0,27
rb1805,20170926,20170925,210729000,3462.0,20476,471578,709463420.0,3462.0,55,3461.0,27
rb1805,20170926,20170925,210729500,3462.0,20484,471582,709740380.0,3462.0,51,3461.0,32
rb1805,20170926,20170925,210730000,3462.0,20484,471582,709740380.0,3462.0,51,3461.0,41
rb1805,20170926,20170925,210730500,3461.0,20486,471584,709809600.0,3462.0,51,3461.0,40
rb1805,20170926,20170925,210731000,3462.0,20488,471586,709878840.0,3462.0,50,3461.0,40
rb1805,20170926,20170925,210731500,3462.0,20492,471588,710017320.0,3462.0,51,3461.0,40
rb1805,20170926,20170925,210732000,3462.0,20494,471588,710086560.0,3462.0,50,3461.0,41
rb1805,20170926,20170925,210732500,3462.0,20496,471590,710155800.0,3462.0,50,3461.0,41
rb1805,20170926,20170925,210733000,3462.0,20496,471590,710155800.0,3462.0,50,3461.0,35
rb1805,20170926,20170925,210733500,3462.0,20496,471590,710155800.0,3462.0,50,3461.0,36
rb1805,20170926,20170925,210734000,3462.0,20498,471592,710225040.0,3462.0,50,3461.0,37
rb1805,20170926,20170925,210734500,3461.0,20502,471592,710363500.0,3462.0,49,3461.0,36
rb1805,20170926,20170925,210735000,3462.0,20504,471592,710432740.0,3462.0,48,3461.0,36
rb1805,20170926,20170925,210735500,3461.0,20506,471592,710501960.0,3462.0,51,3461.0,36
rb1805,20170926,20170925,210736000,3461.0,20510,471592,710640400.0,3462.0,51,3461.0,36
rb1805,20170926,20170925,210736500,3461.0,20510,471592,710640400.0,3462.0,51,3461.0,36
rb1805,20170926,20170925,210737000,3461.0,20510,471592,710640400.0,3462.0,51,3461.0,37
rb1805,20170926,20170925,210737500,3461.0,20510,471592,710640400.0,3462.0,51,3461.0,43
rb1805,20170926,20170925,210738000,3461.0,20510,471592,710640400.0,3462.0,51,3461.0,73
rb1805,20170926,20170925,210738500,3462.0,20518,471592,710917360.0,3462.0,47,3461.0,73
rb1805,20170926,20170925,210739000,3462.0,20612,471592,714171640.0,3463.0,96,3462.0,15
rb1805,20170926,20170925,210739500,3462.0,20620,471584,714448620.0,3463.0,95,3462.0,17
rb1805,20170926,20170925,210740000,3462.0,20620,471584,714448620.0,3463.0,95,3462.0,22
rb1805,20170926,20170925,210740500,3463.0,20742,471538,718673480.0,3463.0,34,3462.0,29
rb1805,20170926,20170925,210741000,3463.0,20840,471512,722067480.0,3464.0,22,3463.0,127
rb1805,20170926,20170925,210741500,3464.0,20858,471502,722691000.0,3464.0,13,3463.0,125
rb1805,20170926,20170925,210742000,3464.0,20890,471502,723799480.0,3465.0,108,3464.0,2
rb1805,20170926,20170925,210742500,3464.0,20892,471500,723868760.0,3465.0,108,3464.0,10
rb1805,20170926,20170925,210743000,3464.0,20892,471500,723868760.0,3465.0,108,3464.0,11
rb1805,20170926,20170925,210743500,3464.0,20894,471502,723938040.0,3465.0,108,3464.0,30
rb1805,20170926,20170925,210744000,3465.0,20938,471484,725462280.0,3465.0,104,3464.0,12
rb1805,20170926,20170925,210744500,3465.0,20964,471470,726363040.0,3465.0,98,3464.0,15
rb1805,20170926,20170925,210745000,3464.0,20996,471438,727471520.0,3464.0,23,3463.0,138
rb1805,20170926,20170925,210745500,3464.0,21312,471484,738414240.0,3463.0,6,3462.0,11
rb1805,20170926,20170925,210746000,3462.0,21354,471504,739868280.0,3462.0,15,3461.0,71
rb1805,20170926,20170925,210746500,3462.0,21360,471502,740076000.0,3462.0,16,3461.0,71
rb1805,20170926,20170925,210747000,3462.0,21366,471502,740283720.0,3462.0,19,3461.0,75
rb1805,20170926,20170925,210747500,3462.0,21368,471502,740352960.0,3462.0,18,3461.0,75
rb1805,20170926,20170925,210748000,3462.0,21372,471500,740491440.0,3462.0,16,3461.0,77
rb1805,20170926,20170925,210748500,3462.0,21372,471500,740491440.0,3462.0,16,3461.0,77
rb1805,20170926,20170925,210749000,3462.0,21380,471494,740768340.0,3462.0,9,3461.0,74
rb1805,20170926,20170925,210749500,3462.0,21388,471494,741045300.0,3463.0,42,3462.0,16
rb1805,20170926,20170925,210750000,3462.0,21390,471494,741114540.0,3463.0,44,3462.0,6
rb1805,20170926,20170925,210750500,3463.0,21414,471486,741945660.0,3463.0,34,3462.0,7
rb1805,20170926,20170925,210751000,3463.0,21414,471486,741945660.0,3463.0,13,3462.0,44
rb1805,20170926,20170925,210751500,3463.0,21440,471460,742846040.0,3464.0,37,3463.0,6
rb1805,20170926,20170925,210752000,3463.0,21440,471460,742846040.0,3464.0,29,3463.0,7
rb1805,20170926,20170925,210752500,3463.0,21444,471460,742984560.0,3464.0,30,3463.0,8
rb1805,20170926,20170925,210753000,3463.0,21444,471460,742984560.0,3464.0,40,3463.0,8
rb1805,20170926,20170925,210753500,3463.0,21444,471460,742984560.0,3464.0,40,3463.0,8
rb1805,20170926,20170925,210754000,3464.0,21450,471454,743192400.0,3464.0,37,3463.0,8
rb1805,20170926,20170925,210754500,3464.0,21450,471454,743192400.0,3464.0,37,3463.0,9
rb1805,20170926,20170925,210755000,3464.0,21450,471454,743192400.0,3464.0,37,3463.0,9
rb1805,20170926,20170925,210755500,3463.0,21452,471454,743261660.0,3464.0,37,3463.0,5
rb1805,20170926,20170925,210756000,3463.0,21456,471454,743400200.0,3464.0,36,3463.0,4
rb1805,20170926,20170925,210756500,3463.0,21456,471454,743400200.0,3464.0,39,3463.0,5
rb1805,20170926,20170925,210757000,3463.0,21456,471454,743400200.0,3464.0,39,3463.0,5
rb1805,20170926,20170925,210757500,3463.0,21466,471454,743746500.0,3464.0,39,3462.0,62
rb1805,20170926,20170925,210758000,3464.0,21468,471454,743815780.0,3463.0,1,3462.0,63
rb1805,20170926,20170925,210758500,3464.0,21468,471454,743815780.0,3463.0,2,3462.0,63
rb1805,20170926,20170925,210759000,3464.0,21468,471454,743815780.0,3463.0,3,3462.0,63
rb1805,20170926,20170925,210759500,3463.0,21490,471458,744577640.0,3463.0,2,3462.0,63
rb1805,20170926,20170925,210800000,3463.0,21490,471458,744577640.0,3463.0,2,3462.0,65
rb1805,20170926,20170925,210800500,3463.0,21490,471458,744577640.0,3463.0,2,3462.0,65
rb1805,20170926,20170925,210801000,3463.0,21492,471458,744646900.0,3463.0,1,3462.0,65
rb1805,20170926,20170925,210801500,3463.0,21494,471458,744716160.0,3464.0,38,3462.0,65
rb1805,20170926,20170925,210802000,3463.0,21498,471454,744854680.0,3463.0,9,3462.0,66
rb1805,20170926,20170925,210802500,3462.0,21500,471456,744923920.0,3463.0,9,3462.0,66
rb1805,20170926,20170925,210803000,3462.0,21500,471456,744923920.0,3463.0,9,3462.0,61
rb1805,20170926,20170925,210803500,3462.0,21500,471456,744923920.0,3463.0,10,3462.0,61
rb1805,20170926,20170925,210804000,3462.0,21500,471456,744923920.0,3463.0,10,3462.0,61
rb1805,20170926,20170925,210804500,3463.0,21502,471454,744993180.0,3463.0,9,3462.0,61
rb1805,20170926,20170925,210805000,3463.0,21502,471454,744993180.0,3463.0,9,3462.0,61
rb1805,20170926,20170925,210805500,3463.0,21502,471454,744993180.0,3463.0,10,3462.0,62
rb1805,20170926,20170925,210806000,3463.0,21504,471454,745062440.0,3463.0,19,3462.0,62
rb1805,20170926,20170925,210806500,3463.0,21542,471476,746378380.0,3464.0,32,3463.0,11
rb1805,20170926,20170925,210807000,3464.0,21552,471476,746724740.0,3464.0,29,3463.0,81
rb1805,20170926,20170925,210807500,3464.0,21552,471476,746724740.0,3464.0,29,3463.0,81
rb1805,20170926,20170925,210808000,3464.0,21552,471476,746724740.0,3464.0,29,3463.0,81
rb1805,20170926,20170925,210808500,3464.0,21552,471476,746724740.0,3464.0,29,3463.0,84
rb1805,20170926,20170925,210809000,3464.0,21556,471476,746863300.0,3464.0,21,3463.0,84
rb1805,20170926,20170925,210809500,3463.0,21560,471480,747001820.0,3464.0,21,3463.0,82
rb1805,20170926,20170925,210810000,3464.0,21566,471482,747209660.0,3464.0,18,3463.0,82
rb1805,20170926,20170925,210811000,3463.0,21570,471486,747348180.0,3464.0,19,3463.0,80
rb1805,20170926,20170925,210811500,3463.0,21572,471486,747417440.0,3464.0,19,3463.0,89
rb1805,20170926,20170925,210812000,3464.0,21610,471506,748733760.0,3465.0,109,3464.0,9
rb1805,20170926,20170925,210812500,3463.0,21632,471506,749495800.0,3464.0,58,3463.0,87
rb1805,20170926,20170925,210813000,3464.0,21644,471518,749911460.0,3464.0,36,3463.0,86
rb1805,20170926,20170925,210813500,3463.0,21716,471552,752405340.0,3464.0,10,3463.0,81
rb1805,20170926,20170925,210814000,3464.0,21736,471552,753098140.0,3465.0,103,3464.0,24
rb1805,20170926,20170925,210814500,3464.0,21736,471552,753098140.0,3465.0,103,3464.0,20
rb1805,20170926,20170925,210815000,3464.0,21784,471566,754761300.0,3465.0,81,3464.0,23
rb1805,20170926,20170925,210815500,3465.0,21794,471560,755107720.0,3465.0,80,3464.0,20
rb1805,20170926,20170925,210816000,3464.0,21830,471534,756354760.0,3465.0,80,3464.0,8
rb1805,20170926,20170925,210816500,3464.0,21830,471534,756354760.0,3465.0,81,3464.0,20
rb1805,20170926,20170925,210817000,3464.0,21840,471538,756701160.0,3465.0,81,3464.0,23
rb1805,20170926,20170925,210817500,3464.0,21842,471536,756770440.0,3465.0,71,3464.0,20
rb1805,20170926,20170925,210818000,3464.0,21904,471588,758918140.0,3464.0,21,3463.0,90
rb1805,20170926,20170925,210818500,3464.0,21914,471598,759264540.0,3464.0,16,3463.0,90
rb1805,20170926,20170925,210819000,3464.0,21916,471600,759333820.0,3464.0,25,3463.0,90
rb1805,20170926,20170925,210819500,3465.0,21988,471648,761828120.0,3465.0,62,3463.0,54
rb1805,20170926,20170925,210820000,3465.0,21988,471648,761828120.0,3464.0,1,3463.0,50
rb1805,20170926,20170925,210820500,3464.0,21990,471648,761897400.0,3464.0,8,3463.0,50
rb1805,20170926,20170925,210821000,3464.0,21990,471648,761897400.0,3464.0,8,3463.0,50
rb1805,20170926,20170925,210821500,3464.0,21992,471648,761966680.0,3464.0,11,3463.0,50
rb1805,20170926,20170925,210822000,3464.0,21992,471648,761966680.0,3464.0,17,3463.0,50
rb1805,20170926,20170925,210822500,3464.0,21994,471648,762035960.0,3464.0,16,3463.0,51
rb1805,20170926,20170925,210823000,3464.0,21996,471646,762105240.0,3464.0,18,3463.0,51
rb1805,20170926,20170925,210823500,3464.0,21996,471646,762105240.0,3464.0,18,3463.0,51
rb1805,20170926,20170925,210824000,3464.0,21998,471646,762174520.0,3464.0,17,3463.0,51
rb1805,20170926,20170925,210824500,3464.0,22000,471646,762243800.0,3464.0,16,3463.0,52
rb1805,20170926,20170925,210825000,3464.0,22000,471646,762243800.0,3464.0,16,3463.0,52
rb1805,20170926,20170925,210825500,3464.0,22006,471646,762451640.0,3464.0,14,3463.0,52
rb1805,20170926,20170925,210826500,3464.0,22006,471646,762451640.0,3464.0,14,3463.0,53
rb1805,20170926,20170925,210827000,3464.0,22008,471646,762520920.0,3464.0,13,3463.0,53
rb1805,20170926,20170925,210827500,3464.0,22008,471646,762520920.0,3464.0,13,3463.0,53
rb1805,20170926,20170925,210828000,3464.0,22008,471646,762520920.0,3464.0,14,3463.0,54
rb1805,20170926,20170925,210828500,3464.0,22008,471646,762520920.0,3464.0,15,3463.0,53
rb1805,20170926,20170925,210829000,3464.0,22008,471646,762520920.0,3464.0,16,3463.0,53
rb1805,20170926,20170925,210829500,3464.0,22008,471646,762520920.0,3464.0,17,3463.0,53
rb1805,20170926,20170925,210830000,3464.0,22010,471646,762590200.0,3464.0,18,3463.0,53
rb1805,20170926,20170925,210830500,3464.0,22046,471664,763837240.0,3465.0,62,3464.0,23
rb1805,20170926,20170925,210831000,3464.0,22046,471664,763837240.0,3465.0,62,3464.0,27
rb1805,20170926,20170925,210831500,3464.0,22046,471664,763837240.0,3465.0,61,3464.0,28
rb1805,20170926,20170925,210832000,3464.0,22046,471664,763837240.0,3465.0,61,3464.0,28
rb1805,20170926,20170925,210832500,3464.0,22046,471664,763837240.0,3465.0,61,3464.0,31
rb1805,20170926,20170925,210833000,3464.0,22046,471664,763837240.0,3465.0,61,3464.0,32
rb1805,20170926,20170925,210833500,3464.0,22046,471664,763837240.0,3465.0,62,3464.0,32
rb1805,20170926,20170925,210834500,3465.0,22058,471672,764253020.0,3465.0,57,3464.0,30
rb1805,20170926,20170925,210835000,3464.0,22060,471674,764322300.0,3465.0,56,3464.0,29
rb1805,20170926,20170925,210835500,3464.0,22066,471674,764530160.0,3465.0,55,3464.0,27
rb1805,20170926,20170925,210836000,3464.0,22068,471674,764599440.0,3465.0,55,3464.0,26
rb1805,20170926,20170925,210836500,3464.0,22068,471674,764599440.0,3465.0,55,3464.0,27
rb1805,20170926,20170925,210837000,3464.0,22084,471666,765153820.0,3465.0,48,3464.0,26
rb1805,20170926,20170925,210837500,3465.0,22126,471680,766609120.0,3465.0,27,3464.0,26
rb1805,20170926,20170925,210838000,3465.0,22146,471692,767302020.0,3465.0,22,3464.0,21
rb1805,20170926,20170925,210838500,3465.0,22148,471694,767371320.0,3465.0,22,3464.0,21
rb1805,20170926,20170925,210839000,3465.0,22186,471682,768688020.0,3465.0,3,3464.0,32
rb1805,20170926,20170925,210839500,3465.0,22194,471678,768965220.0,3466.0,63,3465.0,6
rb1805,20170926,20170925,210840000,3465.0,22200,471674,769173140.0,3466.0,53,3465.0,5
rb1805,20170926,20170925,210840500,3465.0,22200,471674,769173140.0,3466.0,53,3465.0,7
rb1805,20170926,20170925,210841000,3466.0,22202,471674,769242460.0,3466.0,52,3465.0,10
rb1805,20170926,20170925,210841500,3466.0,22206,471670,769381100.0,3466.0,50,3465.0,15
rb1805,20170926,20170925,210842000,3466.0,22210,471670,769519740.0,3466.0,48,3465.0,24
rb1805,20170926,20170925,210842500,3465.0,22212,471670,769589040.0,3466.0,49,3465.0,23
rb1805,20170926,20170925,210843000,3465.0,22220,471668,769866240.0,3466.0,49,3465.0,20
rb1805,20170926,20170925,210843500,3466.0,22222,471666,769935560.0,3466.0,48,3465.0,13
rb1805,20170926,20170925,210844000,3465.0,22228,471668,770143460.0,3466.0,49,3465.0,10
rb1805,20170926,20170925,210844500,3465.0,22258,471654,771182960.0,3465.0,15,3464.0,37
rb1805,20170926,20170925,210845000,3465.0,22278,471654,771875960.0,3465.0,6,3464.0,37
rb1805,20170926,20170925,210845500,3465.0,22278,471654,771875960.0,3465.0,7,3464.0,39
rb1805,20170926,20170925,210846000,3465.0,22278,471654,771875960.0,3465.0,8,3464.0,38
rb1805,20170926,20170925,210846500,3464.0,22282,471656,772014540.0,3465.0,13,3464.0,36
rb1805,20170926,20170925,210847000,3465.0,22292,471646,772361040.0,3465.0,12,3464.0,38
rb1805,20170926,20170925,210847500,3464.0,22312,471646,773053840.0,3465.0,12,3464.0,28
rb1805,20170926,20170925,210848000,3465.0,22314,471646,773123140.0,3465.0,13,3464.0,28
rb1805,20170926,20170925,210848500,3465.0,22318,471648,773261740.0,3465.0,11,3464.0,28
rb1805,20170926,20170925,210849000,3465.0,22322,471648,773400340.0,3465.0,9,3464.0,29
rb1805,20170926,20170925,210849500,3465.0,22324,471650,773469640.0,3465.0,12,3464.0,29
rb1805,20170926,20170925,210850000,3465.0,22342,471662,774093340.0,3465.0,9,3464.0,30
rb1805,20170926,20170925,210850500,3465.0,22344,471662,774162640.0,3465.0,9,3464.0,30
rb1805,20170926,20170925,210851000,3465.0,22344,471662,774162640.0,3465.0,15,3464.0,32
rb1805,20170926,20170925,210851500,3465.0,22348,471662,774301240.0,3465.0,13,3464.0,35
rb1805,20170926,20170925,210852000,3465.0,22348,471662,774301240.0,3465.0,13,3464.0,35
rb1805,20170926,20170925,210852500,3465.0,22348,471662,774301240.0,3465.0,20,3464.0,35
rb1805,20170926,20170925,210853000,3465.0,22350,471662,774370540.0,3465.0,19,3464.0,35
rb1805,20170926,20170925,210853500,3464.0,22356,471664,774578380.0,3465.0,19,3464.0,32
rb1805,20170926,20170925,210854000,3464.0,22356,471664,774578380.0,3465.0,30,3464.0,32
rb1805,20170926,20170925,210854500,3465.0,22358,471662,774647680.0,3465.0,31,3464.0,31
rb1805,20170926,20170925,210855000,3465.0,22358,471662,774647680.0,3465.0,32,3464.0,31
rb1805,20170926,20170925,210855500,3465.0,22358,471662,774647680.0,3465.0,32,3464.0,32
rb1805,20170926,20170925,210856000,3465.0,22358,471662,774647680.0,3465.0,32,3464.0,32
rb1805,20170926,20170925,210856500,3465.0,22358,471662,774647680.0,3465.0,34,3464.0,32
rb1805,20170926,20170925,210857000,3465.0,22402,471690,776171960.0,3465.0,28,3464.0,16
rb1805,20170926,20170925,210857500,3464.0,22434,471710,777280440.0,3464.0,7,3463.0,76
rb1805,20170926,20170925,210858000,3464.0,22434,471710,777280440.0,3465.0,29,3463.0,76
rb1805,20170926,20170925,210858500,3465.0,22436,471710,777349740.0,3465.0,30,3464.0,10
rb1805,20170926,20170925,210859000,3465.0,22440,471710,777488340.0,3465.0,21,3464.0,10
rb1805,20170926,20170925,210859500,3465.0,22440,471710,777488340.0,3465.0,25,3464.0,25
rb1805,20170926,20170925,210900000,3465.0,22440,471710,777488340.0,3465.0,25,3464.0,25
rb1805,20170926,20170925,210900500,3465.0,22440,471710,777488340.0,3465.0,29,3464.0,25
rb1805,20170926,20170925,210901000,3464.0,22446,471712,777696200.0,3465.0,29,3464.0,23
rb1805,20170926,20170925,210901500,3464.0,22450,471714,777834760.0,3465.0,25,3464.0,23
rb1805,20170926,20170925,210902000,3465.0,22536,471680,780814660.0,3466.0,61,3465.0,7
rb1805,20170926,20170925,210902500,3465.0,22618,471666,783655960.0,3466.0,65,3465.0,16
rb1805,20170926,20170925,210903000,3465.0,22646,471684,784626160.0,3466.0,65,3465.0,5
rb1805,20170926,20170925,210903500,3465.0,22654,471686,784903360.0,3466.0,64,3465.0,3
rb1805,20170926,20170925,210904000,3465.0,22662,471694,785180560.0,3465.0,5,3464.0,25
rb1805,20170926,20170925,210904500,3465.0,22662,471694,785180560.0,3465.0,7,3464.0,25
rb1805,20170926,20170925,210905000,3465.0,22700,471730,786497260.0,3466.0,66,3465.0,6
rb1805,20170926,20170925,210905500,3465.0,22702,471732,786566560.0,3466.0,66,3465.0,5
rb1805,20170926,20170925,210906000,3465.0,22712,471740,786913060.0,3465.0,1,3464.0,25
rb1805,20170926,20170925,210906500,3465.0,22712,471740,786913060.0,3465.0,2,3464.0,25
rb1805,20170926,20170925,210907000,3465.0,22712,471740,786913060.0,3465.0,4,3464.0,25
rb1805,20170926,20170925,210907500,3465.0,22722,471734,787259560.0,3466.0,63,3464.0,27
rb1805,20170926,20170925,210908000,3465.0,22722,471734,787259560.0,3466.0,64,3465.0,10
rb1805,20170926,20170925,210908500,3465.0,22752,471738,788299060.0,3465.0,44,3464.0,27
rb1805,20170926,20170925,210909000,3465.0,22752,471738,788299060.0,3465.0,25,3464.0,27
rb1805,20170926,20170925,210909500,3465.0,22754,471736,788368360.0,3465.0,25,3464.0,27
rb1805,20170926,20170925,210910000,3465.0,22766,471728,788784140.0,3465.0,20,3464.0,26
rb1805,20170926,20170925,210910500,3465.0,22766,471728,788784140.0,3465.0,20,3464.0,31
rb1805,20170926,20170925,210911000,3465.0,22766,471728,788784140.0,3465.0,26,3464.0,32
rb1805,20170926,20170925,210911500,3465.0,22766,471728,788784140.0,3465.0,26,3464.0,32
rb1805,20170926,20170925,210912000,3465.0,22766,471728,788784140.0,3465.0,27,3464.0,32
rb1805,20170926,20170925,210912500,3465.0,22770,471728,788922740.0,3465.0,25,3464.0,32
rb1805,20170926,20170925,210913000,3465.0,22772,471728,788992040.0,3465.0,27,3464.0,32
rb1805,20170926,20170925,210913500,3465.0,22772,471728,788992040.0,3465.0,27,3464.0,32
rb1805,20170926,20170925,210914000,3464.0,22776,471728,789130600.0,3465.0,31,3464.0,30
rb1805,20170926,20170925,210914500,3465.0,22784,471728,789407800.0,3465.0,28,3464.0,30
rb1805,20170926,20170925,210915500,3465.0,22784,471728,789407800.0,3465.0,29,3464.0,30
rb1805,20170926,20170925,210916000,3464.0,22786,471730,789477080.0,3465.0,31,3464.0,30
rb1805,20170926,20170925,210916500,3464.0,22786,471730,789477080.0,3465.0,37,3464.0,30
rb1805,20170926,20170925,210917000,3464.0,22804,471724,790100760.0,3465.0,29,3464.0,29
rb1805,20170926,20170925,210917500,3464.0,22806,471726,790170040.0,3465.0,29,3464.0,28
rb1805,20170926,20170925,210918000,3464.0,22810,471728,790308600.0,3465.0,29,3464.0,26
rb1805,20170926,20170925,210918500,3465.0,22814,471732,790447200.0,3465.0,28,3464.0,26
rb1805,20170926,20170925,210919000,3465.0,22816,471734,790516500.0,3465.0,27,3464.0,26
rb1805,20170926,20170925,210919500,3464.0,22870,471734,792387060.0,3464.0,13,3463.0,75
rb1805,20170926,20170925,210920000,3465.0,22898,471736,793357000.0,3465.0,27,3464.0,26
rb1805,20170926,20170925,210920500,3465.0,22908,471738,793703480.0,3465.0,23,3464.0,21
rb1805,20170926,20170925,210921000,3465.0,22908,471738,793703480.0,3465.0,24,3464.0,21
rb1805,20170926,20170925,210921500,3465.0,22922,471750,794188580.0,3465.0,16,3464.0,21
rb1805,20170926,20170925,210922000,3465.0,22922,471750,794188580.0,3465.0,16,3464.0,21
rb1805,20170926,20170925,210922500,3465.0,22922,471750,794188580.0,3465.0,16,3464.0,22
rb1805,20170926,20170925,210923000,3465.0,22922,471750,794188580.0,3465.0,16,3464.0,23
rb1805,20170926,20170925,210923500,3465.0,22922,471750,794188580.0,3465.0,16,3464.0,23
rb1805,20170926,20170925,210924000,3465.0,22922,471750,794188580.0,3465.0,22,3464.0,25
rb1805,20170926,20170925,210924500,3465.0,22924,471750,794257880.0,3465.0,21,3464.0,26
rb1805,20170926,20170925,210925000,3464.0,22928,471752,794396440.0,3465.0,21,3464.0,24
rb1805,20170926,20170925,210925500,3464.0,22928,471752,794396440.0,3465.0,22,3464.0,26
rb1805,20170926,20170925,210926000,3464.0,22928,471752,794396440.0,3465.0,22,3464.0,26
rb1805,20170926,20170925,210926500,3464.0,22930,471752,794465720.0,3465.0,28,3464.0,25
rb1805,20170926,20170925,210927000,3464.0,22930,471752,794465720.0,3465.0,33,3464.0,25
rb1805,20170926,20170925,210927500,3464.0,22930,471752,794465720.0,3465.0,33,3464.0,30
rb1805,20170926,20170925,210928500,3464.0,22990,471784,796544120.0,3465.0,37,3464.0,1
rb1805,20170926,20170925,210929000,3464.0,22992,471784,796613400.0,3464.0,2,3463.0,100
rb1805,20170926,20170925,210929500,3464.0,22996,471780,796751960.0,3465.0,38,3464.0,11
rb1805,20170926,20170925,210930000,3464.0,22996,471780,796751960.0,3465.0,39,3464.0,4
rb1805,20170926,20170925,210930500,3465.0,22998,471782,796821260.0,3465.0,38,3464.0,4
rb1805,20170926,20170925,210931000,3465.0,22998,471782,796821260.0,3465.0,38,3464.0,1
rb1805,20170926,20170925,210931500,3464.0,23002,471780,796959820.0,3465.0,39,3463.0,81
rb1805,20170926,20170925,210932000,3464.0,23012,471780,797306220.0,3464.0,5,3463.0,81
rb1805,20170926,20170925,210932500,3464.0,23022,471780,797652620.0,3465.0,41,3464.0,23
rb1805,20170926,20170925,210933000,3464.0,23024,471782,797721900.0,3465.0,41,3464.0,32
rb1805,20170926,20170925,210934000,3465.0,23026,471784,797791200.0,3465.0,40,3464.0,35
rb1805,20170926,20170925,210934500,3465.0,23026,471784,797791200.0,3465.0,40,3464.0,35
rb1805,20170926,20170925,210935000,3465.0,23026,471784,797791200.0,3465.0,40,3464.0,37
rb1805,20170926,20170925,210935500,3465.0,23026,471784,797791200.0,3465.0,40,3464.0,37
rb1805,20170926,20170925,210936000,3465.0,23026,471784,797791200.0,3465.0,47,3464.0,37
rb1805,20170926,20170925,210936500,3465.0,23026,471784,797791200.0,3465.0,49,3464.0,37
rb1805,20170926,20170925,210938500,3464.0,23066,471824,799176800.0,3465.0,49,3464.0,17
rb1805,20170926,20170925,210939000,3464.0,23070,471822,799315360.0,3465.0,49,3464.0,15
rb1805,20170926,20170925,210939500,3465.0,23072,471822,799384660.0,3465.0,48,3464.0,15
rb1805,20170926,20170925,210940000,3465.0,23072,471822,799384660.0,3465.0,52,3464.0,15
rb1805,20170926,20170925,210940500,3465.0,23084,471812,799800460.0,3465.0,47,3464.0,19
rb1805,20170926,20170925,210941000,3465.0,23084,471812,799800460.0,3465.0,48,3464.0,19
