instrument,tradingday,calendarday,time,lastp,volume,openinterest,turnover,ask1,asksz1,bid1,bidsz1
rb1805,20170731,20170728,183318500,3317.0,0,108894,0.0,0.0,0,0.0,0
rb1805,20170731,20170728,205900500,3325.0,24,108878,798000.0,3327.0,1,3321.0,1
rb1805,20170731,20170728,210000500,3322.0,26,108878,864440.0,3327.0,2,3321.0,2
rb1805,20170731,20170728,210001000,3331.0,88,108892,2929600.0,3333.0,4,3331.0,4
rb1805,20170731,20170728,210001500,3331.0,100,108898,3329300.0,3330.0,2,3328.0,11
rb1805,20170731,20170728,210002000,3332.0,146,108900,4861200.0,3335.0,5,3331.0,1
rb1805,20170731,20170728,210002500,3332.0,148,108900,4927840.0,3334.0,1,3331.0,1
rb1805,20170731,20170728,210003000,3330.0,154,108904,5127740.0,3335.0,5,3330.0,1
rb1805,20170731,20170728,210003500,3330.0,154,108904,5127740.0,3335.0,5,3330.0,5
rb1805,20170731,20170728,210004000,3330.0,154,108904,5127740.0,3335.0,5,3328.0,5
rb1805,20170731,20170728,210004500,3330.0,154,108904,5127740.0,3330.0,1,3329.0,1
rb1805,20170731,20170728,210005000,3329.0,158,108902,5260860.0,3329.0,19,3327.0,2
rb1805,20170731,20170728,210005500,3329.0,196,108888,6525880.0,3330.0,1,3327.0,2
rb1805,20170731,20170728,210006000,3329.0,198,108890,6592460.0,3330.0,1,3329.0,1
rb1805,20170731,20170728,210006500,3330.0,200,108890,6659060.0,3335.0,6,3330.0,1
rb1805,20170731,20170728,210007000,3330.0,200,108890,6659060.0,3335.0,7,3330.0,1
rb1805,20170731,20170728,210007500,3327.0,204,108888,6792200.0,3333.0,1,3326.0,27
rb1805,20170731,20170728,210008000,3327.0,204,108888,6792200.0,3333.0,2,3327.0,1
rb1805,20170731,20170728,210008500,3327.0,204,108888,6792200.0,3333.0,2,3329.0,1
rb1805,20170731,20170728,210009000,3332.0,208,108888,6925420.0,3332.0,2,3326.0,27
rb1805,20170731,20170728,210009500,3332.0,208,108888,6925420.0,3332.0,2,3327.0,1
rb1805,20170731,20170728,210010000,3326.0,240,108886,7989760.0,3327.0,2,3323.0,36
rb1805,20170731,20170728,210010500,3326.0,240,108886,7989760.0,3330.0,15,3327.0,6
rb1805,20170731,20170728,210011000,3326.0,240,108886,7989760.0,3329.0,6,3322.0,6
rb1805,20170731,20170728,210011500,3324.0,246,108886,8189200.0,3329.0,14,3323.0,5
rb1805,20170731,20170728,210012000,3324.0,246,108886,8189200.0,3329.0,17,3323.0,5
rb1805,20170731,20170728,210012500,3324.0,246,108886,8189200.0,3327.0,2,3322.0,6
rb1805,20170731,20170728,210013000,3324.0,246,108886,8189200.0,3327.0,5,3322.0,11
rb1805,20170731,20170728,210013500,3324.0,246,108886,8189200.0,3326.0,14,3322.0,6
rb1805,20170731,20170728,210014000,3324.0,246,108886,8189200.0,3326.0,14,3322.0,14
rb1805,20170731,20170728,210014500,3324.0,246,108886,8189200.0,3326.0,17,3323.0,1
rb1805,20170731,20170728,210015000,3324.0,246,108886,8189200.0,3325.0,6,3324.0,1
rb1805,20170731,20170728,210015500,3324.0,248,108884,8255680.0,3324.0,20,3323.0,2
rb1805,20170731,20170728,210016000,3323.0,250,108884,8322140.0,3323.0,6,3322.0,7
rb1805,20170731,20170728,210016500,3325.0,304,108908,10116980.0,3325.0,5,3324.0,3
rb1805,20170731,20170728,210017000,3324.0,310,108902,10316420.0,3324.0,19,3323.0,4
rb1805,20170731,20170728,210017500,3324.0,310,108902,10316420.0,3324.0,1,3323.0,1
rb1805,20170731,20170728,210018000,3324.0,310,108902,10316420.0,3324.0,1,3323.0,1
rb1805,20170731,20170728,210018500,3322.0,322,108900,10715240.0,3325.0,5,3322.0,10
rb1805,20170731,20170728,210019000,3324.0,326,108904,10848200.0,3325.0,5,3322.0,7
rb1805,20170731,20170728,210019500,3322.0,336,108904,11180400.0,3325.0,5,3322.0,2
rb1805,20170731,20170728,210020000,3321.0,346,108904,11512540.0,3325.0,5,3322.0,1
rb1805,20170731,20170728,210020500,3322.0,358,108898,11911080.0,3325.0,5,3322.0,1
rb1805,20170731,20170728,210021000,3322.0,358,108898,11911080.0,3325.0,9,3322.0,1
rb1805,20170731,20170728,210021500,3322.0,358,108898,11911080.0,3324.0,1,3321.0,1
rb1805,20170731,20170728,210022000,3322.0,358,108898,11911080.0,3322.0,1,3321.0,1
rb1805,20170731,20170728,210022500,3322.0,360,108898,11977520.0,3324.0,3,3323.0,1
rb1805,20170731,20170728,210023000,3324.0,362,108896,12044000.0,3325.0,10,3322.0,15
rb1805,20170731,20170728,210023500,3324.0,362,108896,12044000.0,3325.0,10,3323.0,7
rb1805,20170731,20170728,210024000,3325.0,374,108906,12443000.0,3325.0,4,3323.0,7
rb1805,20170731,20170728,210024500,3325.0,374,108906,12443000.0,3325.0,4,3323.0,10
rb1805,20170731,20170728,210025500,3325.0,374,108906,12443000.0,3325.0,4,3323.0,10
rb1805,20170731,20170728,210026000,3325.0,374,108906,12443000.0,3325.0,4,3323.0,7
rb1805,20170731,20170728,210026500,3325.0,374,108906,12443000.0,3325.0,4,3323.0,2
rb1805,20170731,20170728,210027000,3325.0,374,108906,12443000.0,3325.0,4,3323.0,2
rb1805,20170731,20170728,210027500,3323.0,376,108904,12509460.0,3325.0,4,3323.0,1
rb1805,20170731,20170728,210028000,3323.0,376,108904,12509460.0,3324.0,1,3322.0,1
rb1805,20170731,20170728,210030500,3323.0,376,108904,12509460.0,3324.0,1,3322.0,1
rb1805,20170731,20170728,210031000,3324.0,378,108902,12575940.0,3325.0,5,3324.0,1
rb1805,20170731,20170728,210031500,3324.0,380,108904,12642420.0,3324.0,5,3322.0,3
rb1805,20170731,20170728,210032000,3324.0,380,108904,12642420.0,3324.0,3,3322.0,1
rb1805,20170731,20170728,210033000,3324.0,380,108904,12642420.0,3324.0,3,3322.0,1
rb1805,20170731,20170728,210033500,3324.0,380,108904,12642420.0,3324.0,3,3322.0,1
rb1805,20170731,20170728,210034500,3324.0,380,108904,12642420.0,3324.0,3,3322.0,1
rb1805,20170731,20170728,210035000,3322.0,400,108904,13306820.0,3324.0,3,3322.0,1
rb1805,20170731,20170728,210035500,3324.0,402,108904,13373300.0,3324.0,2,3322.0,1
rb1805,20170731,20170728,210036000,3324.0,402,108904,13373300.0,3324.0,2,3322.0,1
rb1805,20170731,20170728,210037000,3324.0,402,108904,13373300.0,3324.0,2,3322.0,1
rb1805,20170731,20170728,210037500,3324.0,402,108904,13373300.0,3324.0,2,3322.0,1
rb1805,20170731,20170728,210038500,3324.0,402,108904,13373300.0,3324.0,2,3322.0,1
rb1805,20170731,20170728,210039000,3323.0,406,108904,13506220.0,3323.0,4,3322.0,7
rb1805,20170731,20170728,210039500,3323.0,406,108904,13506220.0,3323.0,4,3322.0,5
rb1805,20170731,20170728,210040000,3323.0,408,108902,13572680.0,3323.0,3,3322.0,5
rb1805,20170731,20170728,210040500,3323.0,414,108902,13772060.0,3324.0,2,3323.0,2
rb1805,20170731,20170728,210041000,3323.0,414,108902,13772060.0,3324.0,2,3323.0,3
rb1805,20170731,20170728,210041500,3324.0,418,108898,13905020.0,3325.0,5,3323.0,3
rb1805,20170731,20170728,210042000,3324.0,418,108898,13905020.0,3325.0,5,3322.0,7
rb1805,20170731,20170728,210042500,3324.0,418,108898,13905020.0,3325.0,5,3323.0,7
rb1805,20170731,20170728,210043500,3324.0,418,108898,13905020.0,3325.0,5,3323.0,2
rb1805,20170731,20170728,210044000,3324.0,418,108898,13905020.0,3325.0,5,3323.0,2
rb1805,20170731,20170728,210044500,3325.0,426,108900,14171020.0,3325.0,1,3323.0,2
rb1805,20170731,20170728,210045000,3325.0,428,108900,14237520.0,3326.0,15,3323.0,10
rb1805,20170731,20170728,210045500,3325.0,428,108900,14237520.0,3325.0,2,3323.0,2
rb1805,20170731,20170728,210046000,3325.0,432,108904,14370520.0,3326.0,15,3323.0,2
rb1805,20170731,20170728,210046500,3323.0,434,108906,14436980.0,3326.0,18,3323.0,101
rb1805,20170731,20170728,210047000,3323.0,434,108906,14436980.0,3324.0,1,3323.0,101
rb1805,20170731,20170728,210047500,3324.0,436,108906,14503460.0,3326.0,18,3324.0,15
rb1805,20170731,20170728,210048000,3324.0,436,108906,14503460.0,3326.0,15,3323.0,103
rb1805,20170731,20170728,210048500,3324.0,436,108906,14503460.0,3326.0,15,3323.0,102
rb1805,20170731,20170728,210049000,3324.0,436,108906,14503460.0,3326.0,12,3323.0,104
rb1805,20170731,20170728,210049500,3324.0,436,108906,14503460.0,3326.0,12,3323.0,105
rb1805,20170731,20170728,210050000,3323.0,450,108906,14968680.0,3325.0,1,3323.0,98
rb1805,20170731,20170728,210050500,3323.0,450,108906,14968680.0,3325.0,1,3323.0,97
rb1805,20170731,20170728,210051500,3323.0,450,108906,14968680.0,3325.0,1,3323.0,97
rb1805,20170731,20170728,210052000,3323.0,450,108906,14968680.0,3325.0,1,3323.0,97
rb1805,20170731,20170728,210052500,3323.0,450,108906,14968680.0,3325.0,1,3323.0,97
rb1805,20170731,20170728,210054000,3323.0,450,108906,14968680.0,3325.0,1,3323.0,98
rb1805,20170731,20170728,210054500,3323.0,450,108906,14968680.0,3325.0,1,3323.0,102
rb1805,20170731,20170728,210055500,3323.0,450,108906,14968680.0,3325.0,1,3324.0,50
rb1805,20170731,20170728,210056000,3323.0,450,108906,14968680.0,3325.0,1,3324.0,53
rb1805,20170731,20170728,210056500,3323.0,450,108906,14968680.0,3325.0,1,3324.0,53
rb1805,20170731,20170728,210057500,3323.0,450,108906,14968680.0,3325.0,1,3324.0,58
rb1805,20170731,20170728,210058000,3323.0,450,108906,14968680.0,3325.0,1,3324.0,8
rb1805,20170731,20170728,210058500,3323.0,450,108906,14968680.0,3325.0,1,3324.0,8
rb1805,20170731,20170728,210100000,3323.0,450,108906,14968680.0,3325.0,1,3324.0,8
rb1805,20170731,20170728,210100500,3324.0,462,108914,15367560.0,3325.0,1,3323.0,101
rb1805,20170731,20170728,210101000,3324.0,462,108914,15367560.0,3325.0,1,3323.0,98
rb1805,20170731,20170728,210101500,3324.0,462,108914,15367560.0,3325.0,4,3323.0,101
rb1805,20170731,20170728,210102000,3325.0,466,108912,15500560.0,3325.0,4,3323.0,102
rb1805,20170731,20170728,210102500,3325.0,466,108912,15500560.0,3325.0,4,3323.0,106
rb1805,20170731,20170728,210103000,3325.0,466,108912,15500560.0,3325.0,4,3324.0,13
rb1805,20170731,20170728,210103500,3325.0,466,108912,15500560.0,3326.0,16,3324.0,13
rb1805,20170731,20170728,210104000,3325.0,466,108912,15500560.0,3326.0,19,3324.0,13
rb1805,20170731,20170728,210104500,3325.0,466,108912,15500560.0,3326.0,19,3323.0,106
rb1805,20170731,20170728,210105000,3325.0,466,108912,15500560.0,3326.0,23,3323.0,107
rb1805,20170731,20170728,210105500,3325.0,466,108912,15500560.0,3326.0,23,3323.0,107
rb1805,20170731,20170728,210106000,3325.0,466,108912,15500560.0,3326.0,23,3323.0,106
rb1805,20170731,20170728,210106500,3325.0,466,108912,15500560.0,3326.0,23,3323.0,107
rb1805,20170731,20170728,210107500,3325.0,466,108912,15500560.0,3326.0,19,3323.0,107
rb1805,20170731,20170728,210108000,3325.0,466,108912,15500560.0,3326.0,19,3324.0,50
rb1805,20170731,20170728,210108500,3325.0,466,108912,15500560.0,3326.0,23,3324.0,51
rb1805,20170731,20170728,210109000,3324.0,476,108912,15832960.0,3325.0,2,3324.0,46
rb1805,20170731,20170728,210109500,3324.0,482,108918,16032400.0,3325.0,6,3324.0,43
rb1805,20170731,20170728,210110000,3323.0,594,108936,19755020.0,3324.0,2,3323.0,93
rb1805,20170731,20170728,210110500,3324.0,616,108936,20486100.0,3325.0,6,3323.0,75
rb1805,20170731,20170728,210111000,3324.0,616,108936,20486100.0,3325.0,6,3323.0,75
rb1805,20170731,20170728,210111500,3324.0,616,108936,20486100.0,3325.0,6,3323.0,75
rb1805,20170731,20170728,210112000,3324.0,616,108936,20486100.0,3325.0,7,3323.0,75
rb1805,20170731,20170728,210112500,3323.0,648,108960,21549460.0,3324.0,2,3323.0,59
rb1805,20170731,20170728,210113000,3323.0,648,108960,21549460.0,3324.0,6,3323.0,59
rb1805,20170731,20170728,210113500,3323.0,696,108990,23144500.0,3324.0,6,3323.0,35
rb1805,20170731,20170728,210114000,3323.0,706,109000,23476800.0,3324.0,6,3323.0,30
rb1805,20170731,20170728,210115000,3323.0,766,109060,25470600.0,3323.0,20,3322.0,11
rb1805,20170731,20170728,210115500,3323.0,766,109060,25470600.0,3324.0,6,3322.0,8
rb1805,20170731,20170728,210116000,3323.0,766,109060,25470600.0,3324.0,6,3322.0,8
rb1805,20170731,20170728,210116500,3322.0,770,109058,25603480.0,3323.0,10,3322.0,6
rb1805,20170731,20170728,210117000,3322.0,774,109058,25736360.0,3323.0,14,3322.0,4
rb1805,20170731,20170728,210117500,3322.0,774,109058,25736360.0,3323.0,15,3322.0,4
rb1805,20170731,20170728,210118000,3321.0,792,109074,26334220.0,3322.0,5,3320.0,10
rb1805,20170731,20170728,210118500,3321.0,792,109074,26334220.0,3323.0,15,3320.0,9
rb1805,20170731,20170728,210119000,3320.0,796,109074,26467020.0,3322.0,11,3320.0,12
rb1805,20170731,20170728,210119500,3320.0,796,109074,26467020.0,3322.0,11,3320.0,12
rb1805,20170731,20170728,210120000,3320.0,796,109074,26467020.0,3322.0,14,3321.0,1
rb1805,20170731,20170728,210120500,3320.0,810,109074,26931820.0,3320.0,13,3319.0,8
rb1805,20170731,20170728,210121000,3320.0,810,109074,26931820.0,3320.0,13,3319.0,7
rb1805,20170731,20170728,210121500,3320.0,836,109058,27795020.0,3320.0,2,3319.0,7
rb1805,20170731,20170728,210122000,3320.0,836,109058,27795020.0,3320.0,2,3319.0,7
rb1805,20170731,20170728,210122500,3320.0,836,109058,27795020.0,3320.0,2,3319.0,14
rb1805,20170731,20170728,210123000,3320.0,840,109062,27927820.0,3321.0,1,3320.0,2
rb1805,20170731,20170728,210123500,3320.0,840,109062,27927820.0,3321.0,1,3319.0,20
rb1805,20170731,20170728,210124000,3321.0,842,109062,27994240.0,3322.0,14,3321.0,1
rb1805,20170731,20170728,210124500,3321.0,842,109062,27994240.0,3322.0,10,3320.0,19
rb1805,20170731,20170728,210125000,3321.0,842,109062,27994240.0,3322.0,10,3320.0,19
rb1805,20170731,20170728,210125500,3321.0,842,109062,27994240.0,3322.0,38,3320.0,1
rb1805,20170731,20170728,210126000,3320.0,846,109062,28127040.0,3321.0,2,3319.0,21
rb1805,20170731,20170728,210126500,3320.0,846,109062,28127040.0,3321.0,2,3319.0,22
rb1805,20170731,20170728,210127000,3320.0,846,109062,28127040.0,3321.0,2,3319.0,20
rb1805,20170731,20170728,210127500,3320.0,846,109062,28127040.0,3321.0,2,3319.0,21
rb1805,20170731,20170728,210128500,3320.0,846,109062,28127040.0,3321.0,2,3319.0,20
rb1805,20170731,20170728,210129000,3320.0,846,109062,28127040.0,3321.0,2,3319.0,21
rb1805,20170731,20170728,210130000,3320.0,846,109062,28127040.0,3321.0,2,3319.0,23
rb1805,20170731,20170728,210130500,3320.0,846,109062,28127040.0,3320.0,1,3319.0,23
rb1805,20170731,20170728,210131000,3320.0,848,109064,28193440.0,3321.0,2,3320.0,15
rb1805,20170731,20170728,210131500,3320.0,848,109064,28193440.0,3321.0,3,3320.0,13
rb1805,20170731,20170728,210132000,3320.0,848,109064,28193440.0,3321.0,3,3320.0,13
rb1805,20170731,20170728,210133000,3319.0,896,109056,29786820.0,3320.0,3,3319.0,13
rb1805,20170731,20170728,210133500,3320.0,902,109060,29986020.0,3320.0,2,3319.0,12
rb1805,20170731,20170728,210134000,3320.0,906,109064,30118820.0,3321.0,6,3319.0,12
rb1805,20170731,20170728,210134500,3320.0,910,109064,30251600.0,3320.0,176,3319.0,12
rb1805,20170731,20170728,210135000,3320.0,920,109066,30583540.0,3320.0,177,3319.0,8
rb1805,20170731,20170728,210135500,3320.0,920,109066,30583540.0,3320.0,177,3319.0,8
rb1805,20170731,20170728,210136000,3320.0,928,109058,30849140.0,3320.0,173,3319.0,4
rb1805,20170731,20170728,210136500,3320.0,934,109054,31048340.0,3320.0,170,3319.0,35
rb1805,20170731,20170728,210137000,3320.0,940,109050,31247520.0,3320.0,168,3319.0,37
rb1805,20170731,20170728,210137500,3320.0,984,109006,32708320.0,3320.0,146,3319.0,37
rb1805,20170731,20170728,210138000,3320.0,986,109006,32774720.0,3320.0,151,3319.0,36
rb1805,20170731,20170728,210138500,3319.0,1002,109022,33305760.0,3320.0,151,3319.0,28
rb1805,20170731,20170728,210139500,3319.0,1002,109022,33305760.0,3320.0,151,3319.0,29
rb1805,20170731,20170728,210140000,3319.0,1058,109074,35164400.0,3320.0,151,3319.0,1
rb1805,20170731,20170728,210140500,3319.0,1062,109072,35297160.0,3320.0,151,3318.0,3
rb1805,20170731,20170728,210141000,3319.0,1062,109072,35297160.0,3319.0,3,3318.0,3
rb1805,20170731,20170728,210141500,3319.0,1062,109072,35297160.0,3319.0,3,3318.0,3
rb1805,20170731,20170728,210142000,3319.0,1064,109074,35363540.0,3319.0,2,3318.0,6
rb1805,20170731,20170728,210142500,3319.0,1068,109078,35496300.0,3320.0,151,3319.0,2
rb1805,20170731,20170728,210143000,3320.0,1070,109076,35562700.0,3320.0,150,3319.0,1
rb1805,20170731,20170728,210143500,3320.0,1070,109076,35562700.0,3320.0,145,3319.0,1
rb1805,20170731,20170728,210144000,3320.0,1070,109076,35562700.0,3320.0,142,3319.0,1
rb1805,20170731,20170728,210144500,3320.0,1070,109076,35562700.0,3320.0,142,3319.0,4
rb1805,20170731,20170728,210145500,3320.0,1074,109072,35695500.0,3320.0,140,3319.0,4
rb1805,20170731,20170728,210146000,3320.0,1078,109068,35828300.0,3320.0,138,3319.0,5
rb1805,20170731,20170728,210146500,3319.0,1080,109068,35894680.0,3320.0,138,3319.0,4
rb1805,20170731,20170728,210147000,3320.0,1180,108968,39214680.0,3320.0,88,3319.0,1
rb1805,20170731,20170728,210148500,3320.0,1180,108968,39214680.0,3320.0,88,3319.0,1
rb1805,20170731,20170728,210149000,3320.0,1180,108968,39214680.0,3320.0,89,3319.0,1
rb1805,20170731,20170728,210150500,3320.0,1180,108968,39214680.0,3320.0,89,3319.0,1
rb1805,20170731,20170728,210151000,3320.0,1180,108968,39214680.0,3320.0,105,3319.0,1
rb1805,20170731,20170728,210151500,3320.0,1180,108968,39214680.0,3320.0,105,3319.0,2
rb1805,20170731,20170728,210152000,3320.0,1180,108968,39214680.0,3320.0,105,3319.0,2
rb1805,20170731,20170728,210152500,3320.0,1180,108968,39214680.0,3320.0,105,3319.0,2
rb1805,20170731,20170728,210153000,3319.0,1182,108970,39281060.0,3320.0,105,3319.0,1
rb1805,20170731,20170728,210153500,3319.0,1184,108972,39347440.0,3319.0,2,3318.0,7
rb1805,20170731,20170728,210154000,3319.0,1184,108972,39347440.0,3319.0,2,3318.0,12
rb1805,20170731,20170728,210156000,3319.0,1186,108972,39413820.0,3319.0,1,3318.0,12
rb1805,20170731,20170728,210156500,3318.0,1198,108974,39812160.0,3320.0,101,3318.0,11
rb1805,20170731,20170728,210157000,3318.0,1198,108974,39812160.0,3320.0,101,3318.0,8
rb1805,20170731,20170728,210158000,3318.0,1198,108974,39812160.0,3320.0,101,3318.0,3
rb1805,20170731,20170728,210158500,3318.0,1198,108974,39812160.0,3320.0,101,3318.0,8
rb1805,20170731,20170728,210201000,3318.0,1198,108974,39812160.0,3320.0,101,3318.0,8
rb1805,20170731,20170728,210201500,3318.0,1198,108974,39812160.0,3320.0,101,3318.0,8
rb1805,20170731,20170728,210202000,3318.0,1198,108974,39812160.0,3320.0,101,3318.0,8
rb1805,20170731,20170728,210202500,3318.0,1198,108974,39812160.0,3320.0,101,3318.0,8
rb1805,20170731,20170728,210204000,3318.0,1198,108974,39812160.0,3320.0,101,3318.0,8
rb1805,20170731,20170728,210205500,3318.0,1198,108974,39812160.0,3319.0,1,3318.0,8
rb1805,20170731,20170728,210206000,3318.0,1200,108974,39878520.0,3319.0,1,3318.0,10
rb1805,20170731,20170728,210207500,3320.0,1240,108934,41206500.0,3320.0,83,3319.0,6
rb1805,20170731,20170728,210208000,3320.0,1240,108934,41206500.0,3320.0,83,3319.0,6
rb1805,20170731,20170728,210208500,3320.0,1240,108934,41206500.0,3320.0,83,3319.0,7
rb1805,20170731,20170728,210209500,3320.0,1240,108934,41206500.0,3320.0,83,3319.0,7
rb1805,20170731,20170728,210211000,3320.0,1240,108934,41206500.0,3320.0,83,3319.0,7
rb1805,20170731,20170728,210212000,3320.0,1240,108934,41206500.0,3320.0,83,3319.0,7
rb1805,20170731,20170728,210213000,3320.0,1240,108934,41206500.0,3320.0,83,3319.0,8
rb1805,20170731,20170728,210214500,3320.0,1240,108934,41206500.0,3320.0,83,3319.0,8
rb1805,20170731,20170728,210215000,3320.0,1244,108930,41339300.0,3320.0,81,3319.0,16
rb1805,20170731,20170728,210215500,3320.0,1328,108918,44128100.0,3320.0,39,3319.0,21
rb1805,20170731,20170728,210216000,3320.0,1392,108864,46252900.0,3320.0,7,3319.0,24
rb1805,20170731,20170728,210216500,3321.0,1408,108852,46784120.0,3321.0,3,3320.0,10
rb1805,20170731,20170728,210217000,3321.0,1414,108846,46983380.0,3322.0,16,3321.0,3
rb1805,20170731,20170728,210217500,3322.0,1436,108828,47714220.0,3322.0,1,3321.0,8
rb1805,20170731,20170728,210218000,3322.0,1438,108828,47780660.0,3323.0,10,3322.0,3
rb1805,20170731,20170728,210218500,3322.0,1438,108828,47780660.0,3323.0,3,3322.0,5
rb1805,20170731,20170728,210219000,3323.0,1444,108824,47980040.0,3325.0,13,3323.0,3
rb1805,20170731,20170728,210219500,3323.0,1448,108820,48112960.0,3325.0,22,3323.0,1
rb1805,20170731,20170728,210220000,3323.0,1450,108820,48179420.0,3325.0,22,3322.0,2
rb1805,20170731,20170728,210220500,3323.0,1450,108820,48179420.0,3324.0,2,3322.0,7
rb1805,20170731,20170728,210221000,3323.0,1450,108820,48179420.0,3324.0,2,3323.0,2
rb1805,20170731,20170728,210221500,3323.0,1450,108820,48179420.0,3324.0,60,3323.0,2
rb1805,20170731,20170728,210222000,3323.0,1454,108816,48312340.0,3323.0,4,3321.0,9
rb1805,20170731,20170728,210222500,3323.0,1454,108816,48312340.0,3324.0,60,3321.0,8
rb1805,20170731,20170728,210223000,3323.0,1454,108816,48312340.0,3324.0,57,3321.0,9
rb1805,20170731,20170728,210223500,3323.0,1454,108816,48312340.0,3324.0,57,3321.0,5
rb1805,20170731,20170728,210224000,3323.0,1454,108816,48312340.0,3324.0,61,3321.0,5
rb1805,20170731,20170728,210224500,3323.0,1454,108816,48312340.0,3324.0,11,3321.0,5
rb1805,20170731,20170728,210225000,3323.0,1454,108816,48312340.0,3324.0,11,3320.0,37
rb1805,20170731,20170728,210225500,3323.0,1454,108816,48312340.0,3324.0,10,3320.0,40
rb1805,20170731,20170728,210226000,3323.0,1454,108816,48312340.0,3324.0,11,3320.0,37
rb1805,20170731,20170728,210226500,3323.0,1454,108816,48312340.0,3324.0,11,3320.0,37
rb1805,20170731,20170728,210227000,3323.0,1454,108816,48312340.0,3324.0,14,3321.0,1
rb1805,20170731,20170728,210227500,3323.0,1454,108816,48312340.0,3323.0,1,3321.0,1
rb1805,20170731,20170728,210228500,3323.0,1454,108816,48312340.0,3323.0,1,3321.0,7
rb1805,20170731,20170728,210230000,3323.0,1454,108816,48312340.0,3323.0,6,3321.0,9
rb1805,20170731,20170728,210230500,3323.0,1454,108816,48312340.0,3323.0,6,3321.0,9
rb1805,20170731,20170728,210231000,3323.0,1454,108816,48312340.0,3323.0,6,3321.0,9
rb1805,20170731,20170728,210232000,3323.0,1454,108816,48312340.0,3323.0,7,3321.0,9
rb1805,20170731,20170728,210232500,3323.0,1454,108816,48312340.0,3323.0,7,3321.0,9
rb1805,20170731,20170728,210235500,3323.0,1454,108816,48312340.0,3322.0,8,3321.0,4
rb1805,20170731,20170728,210237500,3323.0,1456,108816,48378800.0,3322.0,7,3321.0,4
rb1805,20170731,20170728,210238000,3323.0,1456,108816,48378800.0,3322.0,7,3321.0,4
rb1805,20170731,20170728,210238500,3323.0,1456,108816,48378800.0,3322.0,7,3321.0,4
rb1805,20170731,20170728,210239500,3323.0,1456,108816,48378800.0,3322.0,7,3321.0,4
rb1805,20170731,20170728,210240000,3323.0,1456,108816,48378800.0,3322.0,7,3321.0,4
rb1805,20170731,20170728,210240500,3323.0,1456,108816,48378800.0,3322.0,7,3321.0,4
rb1805,20170731,20170728,210241000,3323.0,1456,108816,48378800.0,3323.0,6,3321.0,4
rb1805,20170731,20170728,210241500,3323.0,1456,108816,48378800.0,3323.0,6,3321.0,4
rb1805,20170731,20170728,210242500,3323.0,1456,108816,48378800.0,3323.0,6,3322.0,1
rb1805,20170731,20170728,210243000,3323.0,1456,108816,48378800.0,3323.0,4,3322.0,1
rb1805,20170731,20170728,210243500,3323.0,1456,108816,48378800.0,3323.0,1,3322.0,1
rb1805,20170731,20170728,210244500,3323.0,1458,108818,48445260.0,3324.0,12,3323.0,4
rb1805,20170731,20170728,210245000,3323.0,1458,108818,48445260.0,3324.0,7,3323.0,4
rb1805,20170731,20170728,210246000,3323.0,1458,108818,48445260.0,3324.0,7,3323.0,9
rb1805,20170731,20170728,210246500,3323.0,1458,108818,48445260.0,3324.0,7,3323.0,9
rb1805,20170731,20170728,210247000,3323.0,1458,108818,48445260.0,3324.0,4,3323.0,4
rb1805,20170731,20170728,210248000,3323.0,1458,108818,48445260.0,3324.0,4,3323.0,4
rb1805,20170731,20170728,210248500,3323.0,1458,108818,48445260.0,3324.0,4,3323.0,4
rb1805,20170731,20170728,210249000,3323.0,1458,108818,48445260.0,3324.0,4,3323.0,4
rb1805,20170731,20170728,210250000,3323.0,1458,108818,48445260.0,3324.0,4,3323.0,6
rb1805,20170731,20170728,210250500,3323.0,1458,108818,48445260.0,3324.0,7,3323.0,6
rb1805,20170731,20170728,210251500,3324.0,1460,108818,48511740.0,3324.0,6,3323.0,6
rb1805,20170731,20170728,210252000,3324.0,1460,108818,48511740.0,3324.0,3,3323.0,6
rb1805,20170731,20170728,210253000,3324.0,1460,108818,48511740.0,3324.0,3,3323.0,8
rb1805,20170731,20170728,210254000,3324.0,1460,108818,48511740.0,3324.0,3,3323.0,13
rb1805,20170731,20170728,210254500,3324.0,1460,108818,48511740.0,3324.0,3,3323.0,13
rb1805,20170731,20170728,210255000,3324.0,1466,108818,48711180.0,3325.0,21,3323.0,13
rb1805,20170731,20170728,210255500,3324.0,1466,108818,48711180.0,3325.0,18,3323.0,13
rb1805,20170731,20170728,210256000,3324.0,1466,108818,48711180.0,3325.0,23,3323.0,13
rb1805,20170731,20170728,210256500,3324.0,1466,108818,48711180.0,3325.0,18,3323.0,13
rb1805,20170731,20170728,210258500,3324.0,1468,108820,48777660.0,3325.0,18,3323.0,13
rb1805,20170731,20170728,210259500,3324.0,1468,108820,48777660.0,3325.0,19,3323.0,13
rb1805,20170731,20170728,210300000,3324.0,1468,108820,48777660.0,3325.0,22,3323.0,13
rb1805,20170731,20170728,210300500,3324.0,1468,108820,48777660.0,3325.0,19,3323.0,13
rb1805,20170731,20170728,210301000,3324.0,1468,108820,48777660.0,3325.0,18,3323.0,13
rb1805,20170731,20170728,210301500,3324.0,1468,108820,48777660.0,3325.0,19,3323.0,11
rb1805,20170731,20170728,210302000,3324.0,1468,108820,48777660.0,3325.0,19,3324.0,2
rb1805,20170731,20170728,210302500,3325.0,1476,108820,49043660.0,3325.0,22,3324.0,2
rb1805,20170731,20170728,210303000,3325.0,1476,108820,49043660.0,3325.0,22,3324.0,2
rb1805,20170731,20170728,210303500,3325.0,1476,108820,49043660.0,3325.0,22,3324.0,2
rb1805,20170731,20170728,210305000,3325.0,1480,108820,49176660.0,3325.0,21,3324.0,2
rb1805,20170731,20170728,210306000,3325.0,1480,108820,49176660.0,3325.0,21,3324.0,2
rb1805,20170731,20170728,210306500,3324.0,1482,108820,49243140.0,3325.0,26,3324.0,1
rb1805,20170731,20170728,210308500,3324.0,1482,108820,49243140.0,3325.0,26,3324.0,1
rb1805,20170731,20170728,210309000,3324.0,1482,108820,49243140.0,3325.0,26,3324.0,1
rb1805,20170731,20170728,210309500,3325.0,1484,108820,49309640.0,3325.0,25,3324.0,1
rb1805,20170731,20170728,210310500,3324.0,1486,108820,49376120.0,3325.0,20,3323.0,10
rb1805,20170731,20170728,210311000,3324.0,1486,108820,49376120.0,3325.0,17,3323.0,9
rb1805,20170731,20170728,210311500,3325.0,1490,108820,49509120.0,3325.0,15,3323.0,9
rb1805,20170731,20170728,210312000,3325.0,1490,108820,49509120.0,3325.0,15,3324.0,1
rb1805,20170731,20170728,210312500,3325.0,1490,108820,49509120.0,3325.0,18,3324.0,1
rb1805,20170731,20170728,210313500,3325.0,1490,108820,49509120.0,3325.0,18,3324.0,1
rb1805,20170731,20170728,210314000,3324.0,1492,108820,49575600.0,3324.0,1,3323.0,9
rb1805,20170731,20170728,210314500,3324.0,1492,108820,49575600.0,3325.0,19,3323.0,4
rb1805,20170731,20170728,210315000,3324.0,1492,108820,49575600.0,3325.0,19,3323.0,5
rb1805,20170731,20170728,210315500,3324.0,1492,108820,49575600.0,3325.0,19,3323.0,4
rb1805,20170731,20170728,210316000,3324.0,1492,108820,49575600.0,3325.0,19,3323.0,10
rb1805,20170731,20170728,210316500,3324.0,1492,108820,49575600.0,3325.0,25,3323.0,13
rb1805,20170731,20170728,210317000,3324.0,1492,108820,49575600.0,3325.0,25,3324.0,1
rb1805,20170731,20170728,210317500,3324.0,1494,108820,49642080.0,3324.0,11,3323.0,9
rb1805,20170731,20170728,210318000,3323.0,1496,108822,49708540.0,3325.0,28,3323.0,6
rb1805,20170731,20170728,210318500,3323.0,1496,108822,49708540.0,3324.0,4,3323.0,3
rb1805,20170731,20170728,210319000,3323.0,1496,108822,49708540.0,3325.0,27,3323.0,3
rb1805,20170731,20170728,210319500,3323.0,1496,108822,49708540.0,3324.0,1,3323.0,3
rb1805,20170731,20170728,210321000,3324.0,1498,108822,49775020.0,3325.0,28,3323.0,3
rb1805,20170731,20170728,210321500,3324.0,1498,108822,49775020.0,3324.0,6,3323.0,3
rb1805,20170731,20170728,210322000,3324.0,1498,108822,49775020.0,3324.0,6,3323.0,12
rb1805,20170731,20170728,210323000,3324.0,1498,108822,49775020.0,3324.0,6,3323.0,7
rb1805,20170731,20170728,210324000,3324.0,1498,108822,49775020.0,3324.0,6,3323.0,7
rb1805,20170731,20170728,210324500,3324.0,1498,108822,49775020.0,3324.0,6,3323.0,4
rb1805,20170731,20170728,210325000,3323.0,1510,108822,50173820.0,3323.0,6,3322.0,12
rb1805,20170731,20170728,210325500,3323.0,1510,108822,50173820.0,3323.0,9,3322.0,15
rb1805,20170731,20170728,210326000,3323.0,1510,108822,50173820.0,3323.0,9,3322.0,15
rb1805,20170731,20170728,210326500,3323.0,1510,108822,50173820.0,3323.0,9,3322.0,15
rb1805,20170731,20170728,210327000,3323.0,1510,108822,50173820.0,3323.0,9,3322.0,15
rb1805,20170731,20170728,210327500,3323.0,1510,108822,50173820.0,3323.0,19,3322.0,15
rb1805,20170731,20170728,210328000,3323.0,1510,108822,50173820.0,3323.0,19,3322.0,15
rb1805,20170731,20170728,210329000,3323.0,1510,108822,50173820.0,3323.0,13,3322.0,15
rb1805,20170731,20170728,210329500,3323.0,1510,108822,50173820.0,3323.0,13,3322.0,12
rb1805,20170731,20170728,210330000,3323.0,1514,108826,50306740.0,3323.0,11,3322.0,16
rb1805,20170731,20170728,210331500,3323.0,1514,108826,50306740.0,3323.0,11,3322.0,19
rb1805,20170731,20170728,210332000,3323.0,1514,108826,50306740.0,3323.0,10,3322.0,19
rb1805,20170731,20170728,210332500,3323.0,1518,108826,50439660.0,3323.0,8,3322.0,19
rb1805,20170731,20170728,210333000,3322.0,1520,108828,50506100.0,3323.0,8,3322.0,18
rb1805,20170731,20170728,210333500,3322.0,1520,108828,50506100.0,3323.0,8,3322.0,12
rb1805,20170731,20170728,210335000,3322.0,1520,108828,50506100.0,3323.0,8,3322.0,15
rb1805,20170731,20170728,210335500,3322.0,1520,108828,50506100.0,3323.0,8,3322.0,18
rb1805,20170731,20170728,210336500,3322.0,1520,108828,50506100.0,3323.0,8,3322.0,18
rb1805,20170731,20170728,210339000,3322.0,1520,108828,50506100.0,3323.0,8,3322.0,18
rb1805,20170731,20170728,210340000,3323.0,1540,108810,51170620.0,3323.0,2,3322.0,14
rb1805,20170731,20170728,210342500,3323.0,1540,108810,51170620.0,3323.0,2,3322.0,14
rb1805,20170731,20170728,210345000,3322.0,1542,108808,51237060.0,3323.0,2,3322.0,13
rb1805,20170731,20170728,210345500,3323.0,1544,108808,51303520.0,3323.0,1,3322.0,13
rb1805,20170731,20170728,210349000,3323.0,1544,108808,51303520.0,3323.0,1,3322.0,7
rb1805,20170731,20170728,210350000,3323.0,1544,108808,51303520.0,3323.0,1,3322.0,7
rb1805,20170731,20170728,210351000,3323.0,1544,108808,51303520.0,3323.0,1,3322.0,7
rb1805,20170731,20170728,210351500,3323.0,1544,108808,51303520.0,3323.0,1,3322.0,7
rb1805,20170731,20170728,210352000,3323.0,1544,108808,51303520.0,3323.0,1,3322.0,7
rb1805,20170731,20170728,210354000,3323.0,1544,108808,51303520.0,3323.0,1,3322.0,7
rb1805,20170731,20170728,210354500,3323.0,1544,108808,51303520.0,3323.0,1,3322.0,7
rb1805,20170731,20170728,210356500,3323.0,1546,108808,51369980.0,3323.0,2,3322.0,10
rb1805,20170731,20170728,210358000,3323.0,1546,108808,51369980.0,3323.0,22,3322.0,10
rb1805,20170731,20170728,210358500,3323.0,1546,108808,51369980.0,3323.0,24,3322.0,7
rb1805,20170731,20170728,210359000,3323.0,1546,108808,51369980.0,3323.0,25,3322.0,7
rb1805,20170731,20170728,210359500,3322.0,1548,108810,51436420.0,3323.0,25,3322.0,6
rb1805,20170731,20170728,210400000,3322.0,1548,108810,51436420.0,3323.0,26,3322.0,6
rb1805,20170731,20170728,210402000,3322.0,1552,108810,51569320.0,3323.0,25,3322.0,10
rb1805,20170731,20170728,210402500,3322.0,1552,108810,51569320.0,3323.0,25,3322.0,10
rb1805,20170731,20170728,210403000,3322.0,1552,108810,51569320.0,3323.0,23,3322.0,10
rb1805,20170731,20170728,210403500,3322.0,1554,108810,51635760.0,3323.0,23,3322.0,9
rb1805,20170731,20170728,210404000,3322.0,1554,108810,51635760.0,3323.0,25,3322.0,9
rb1805,20170731,20170728,210405500,3322.0,1554,108810,51635760.0,3323.0,25,3322.0,9
rb1805,20170731,20170728,210406500,3322.0,1554,108810,51635760.0,3323.0,30,3322.0,4
rb1805,20170731,20170728,210408000,3322.0,1554,108810,51635760.0,3323.0,30,3322.0,4
rb1805,20170731,20170728,210408500,3322.0,1562,108802,51901520.0,3322.0,26,3321.0,2
rb1805,20170731,20170728,210409000,3321.0,1570,108800,52167260.0,3322.0,25,3321.0,1
rb1805,20170731,20170728,210410000,3321.0,1570,108800,52167260.0,3322.0,5,3321.0,1
rb1805,20170731,20170728,210410500,3322.0,1574,108800,52300120.0,3322.0,4,3320.0,9
rb1805,20170731,20170728,210411000,3322.0,1574,108800,52300120.0,3322.0,4,3320.0,12
rb1805,20170731,20170728,210412000,3322.0,1574,108800,52300120.0,3322.0,4,3320.0,12
rb1805,20170731,20170728,210412500,3322.0,1574,108800,52300120.0,3322.0,4,3320.0,12
rb1805,20170731,20170728,210413000,3322.0,1576,108800,52366560.0,3322.0,9,3320.0,7
rb1805,20170731,20170728,210413500,3322.0,1576,108800,52366560.0,3322.0,11,3320.0,4
rb1805,20170731,20170728,210414000,3322.0,1576,108800,52366560.0,3322.0,12,3320.0,4
rb1805,20170731,20170728,210414500,3320.0,1582,108798,52565760.0,3321.0,2,3320.0,1
rb1805,20170731,20170728,210415000,3320.0,1584,108800,52632160.0,3321.0,4,3319.0,8
rb1805,20170731,20170728,210415500,3320.0,1584,108800,52632160.0,3321.0,5,3319.0,5
rb1805,20170731,20170728,210416000,3320.0,1584,108800,52632160.0,3321.0,5,3319.0,5
rb1805,20170731,20170728,210417000,3320.0,1584,108800,52632160.0,3321.0,5,3319.0,5
rb1805,20170731,20170728,210417500,3320.0,1584,108800,52632160.0,3321.0,3,3320.0,1
rb1805,20170731,20170728,210418500,3320.0,1584,108800,52632160.0,3321.0,2,3320.0,1
rb1805,20170731,20170728,210419000,3320.0,1584,108800,52632160.0,3321.0,4,3320.0,1
rb1805,20170731,20170728,210419500,3320.0,1586,108802,52698560.0,3320.0,2,3319.0,13
rb1805,20170731,20170728,210420000,3320.0,1586,108802,52698560.0,3321.0,4,3319.0,8
rb1805,20170731,20170728,210420500,3319.0,1588,108802,52764940.0,3320.0,2,3319.0,4
rb1805,20170731,20170728,210421000,3319.0,1590,108802,52831320.0,3320.0,10,3319.0,3
rb1805,20170731,20170728,210421500,3319.0,1596,108808,53030460.0,3319.0,5,3318.0,16
rb1805,20170731,20170728,210422000,3319.0,1596,108808,53030460.0,3320.0,10,3318.0,16
rb1805,20170731,20170728,210422500,3319.0,1596,108808,53030460.0,3320.0,10,3318.0,13
rb1805,20170731,20170728,210425000,3318.0,1612,108812,53561340.0,3320.0,10,3318.0,11
rb1805,20170731,20170728,210425500,3318.0,1612,108812,53561340.0,3320.0,5,3318.0,14
rb1805,20170731,20170728,210426000,3318.0,1612,108812,53561340.0,3321.0,12,3319.0,4
rb1805,20170731,20170728,210426500,3318.0,1612,108812,53561340.0,3321.0,12,3319.0,9
rb1805,20170731,20170728,210427000,3318.0,1612,108812,53561340.0,3321.0,10,3319.0,12
rb1805,20170731,20170728,210427500,3318.0,1612,108812,53561340.0,3321.0,7,3320.0,4
rb1805,20170731,20170728,210428000,3318.0,1612,108812,53561340.0,3321.0,5,3319.0,15
rb1805,20170731,20170728,210428500,3318.0,1612,108812,53561340.0,3321.0,5,3319.0,15
rb1805,20170731,20170728,210430000,3318.0,1612,108812,53561340.0,3321.0,10,3319.0,15
rb1805,20170731,20170728,210431000,3318.0,1612,108812,53561340.0,3321.0,10,3319.0,16
rb1805,20170731,20170728,210431500,3318.0,1612,108812,53561340.0,3321.0,10,3319.0,13
rb1805,20170731,20170728,210433000,3318.0,1612,108812,53561340.0,3320.0,3,3319.0,8
rb1805,20170731,20170728,210433500,3318.0,1612,108812,53561340.0,3320.0,5,3319.0,8
rb1805,20170731,20170728,210434000,3318.0,1612,108812,53561340.0,3321.0,5,3319.0,5
rb1805,20170731,20170728,210434500,3318.0,1612,108812,53561340.0,3321.0,10,3319.0,5
rb1805,20170731,20170728,210435000,3318.0,1612,108812,53561340.0,3321.0,10,3319.0,5
rb1805,20170731,20170728,210435500,3321.0,1620,108812,53827020.0,3321.0,6,3319.0,5
rb1805,20170731,20170728,210436000,3321.0,1620,108812,53827020.0,3320.0,20,3319.0,5
rb1805,20170731,20170728,210436500,3321.0,1620,108812,53827020.0,3320.0,20,3319.0,5
rb1805,20170731,20170728,210437000,3321.0,1620,108812,53827020.0,3320.0,22,3319.0,5
rb1805,20170731,20170728,210437500,3321.0,1620,108812,53827020.0,3320.0,22,3319.0,5
rb1805,20170731,20170728,210438000,3321.0,1620,108812,53827020.0,3320.0,22,3319.0,5
rb1805,20170731,20170728,210439000,3320.0,1640,108792,54491020.0,3320.0,12,3319.0,5
rb1805,20170731,20170728,210439500,3320.0,1640,108792,54491020.0,3320.0,10,3319.0,5
rb1805,20170731,20170728,210440000,3320.0,1640,108792,54491020.0,3321.0,3,3320.0,3
rb1805,20170731,20170728,210440500,3321.0,1644,108792,54623860.0,3322.0,10,3321.0,2
rb1805,20170731,20170728,210441000,3321.0,1644,108792,54623860.0,3322.0,8,3321.0,2
rb1805,20170731,20170728,210442500,3321.0,1644,108792,54623860.0,3322.0,9,3321.0,2
rb1805,20170731,20170728,210443000,3321.0,1644,108792,54623860.0,3322.0,3,3321.0,7
rb1805,20170731,20170728,210443500,3322.0,1646,108790,54690300.0,3322.0,2,3321.0,12
rb1805,20170731,20170728,210444500,3322.0,1650,108786,54823180.0,3323.0,4,3322.0,4
rb1805,20170731,20170728,210445000,3322.0,1650,108786,54823180.0,3323.0,8,3322.0,4
rb1805,20170731,20170728,210445500,3323.0,1660,108778,55155480.0,3323.0,3,3322.0,7
rb1805,20170731,20170728,210446000,3322.0,1662,108776,55221920.0,3323.0,3,3322.0,3
rb1805,20170731,20170728,210448000,3322.0,1662,108776,55221920.0,3323.0,2,3322.0,3
rb1805,20170731,20170728,210448500,3322.0,1662,108776,55221920.0,3323.0,2,3322.0,6
rb1805,20170731,20170728,210449000,3322.0,1668,108770,55421240.0,3323.0,3,3321.0,10
rb1805,20170731,20170728,210449500,3322.0,1668,108770,55421240.0,3322.0,3,3321.0,2
rb1805,20170731,20170728,210451000,3322.0,1668,108770,55421240.0,3323.0,4,3321.0,2
rb1805,20170731,20170728,210452000,3322.0,1668,108770,55421240.0,3323.0,4,3321.0,10
rb1805,20170731,20170728,210452500,3322.0,1668,108770,55421240.0,3323.0,4,3321.0,13
rb1805,20170731,20170728,210453000,3322.0,1668,108770,55421240.0,3323.0,3,3321.0,13
rb1805,20170731,20170728,210453500,3322.0,1668,108770,55421240.0,3323.0,4,3321.0,11
rb1805,20170731,20170728,210454000,3322.0,1668,108770,55421240.0,3322.0,3,3320.0,3
rb1805,20170731,20170728,210454500,3322.0,1668,108770,55421240.0,3322.0,4,3320.0,3
rb1805,20170731,20170728,210455000,3322.0,1668,108770,55421240.0,3322.0,4,3320.0,6
rb1805,20170731,20170728,210455500,3322.0,1668,108770,55421240.0,3322.0,4,3319.0,10
rb1805,20170731,20170728,210456000,3322.0,1668,108770,55421240.0,3322.0,4,3320.0,1
rb1805,20170731,20170728,210456500,3322.0,1668,108770,55421240.0,3321.0,3,3319.0,13
rb1805,20170731,20170728,210457000,3322.0,1668,108770,55421240.0,3321.0,3,3319.0,14
rb1805,20170731,20170728,210457500,3322.0,1668,108770,55421240.0,3321.0,3,3320.0,8
rb1805,20170731,20170728,210459000,3322.0,1668,108770,55421240.0,3321.0,3,3320.0,8
rb1805,20170731,20170728,210500000,3322.0,1668,108770,55421240.0,3322.0,5,3320.0,8
rb1805,20170731,20170728,210501500,3320.0,1688,108770,56085240.0,3321.0,3,3320.0,11
rb1805,20170731,20170728,210502000,3320.0,1688,108770,56085240.0,3322.0,4,3320.0,12
rb1805,20170731,20170728,210503500,3320.0,1688,108770,56085240.0,3322.0,4,3320.0,15
rb1805,20170731,20170728,210504500,3320.0,1688,108770,56085240.0,3322.0,4,3320.0,17
rb1805,20170731,20170728,210505500,3320.0,1688,108770,56085240.0,3322.0,4,3320.0,19
rb1805,20170731,20170728,210506500,3320.0,1688,108770,56085240.0,3322.0,4,3320.0,19
rb1805,20170731,20170728,210508000,3322.0,1690,108772,56151680.0,3322.0,3,3320.0,19
rb1805,20170731,20170728,210508500,3322.0,1690,108772,56151680.0,3322.0,3,3320.0,19
rb1805,20170731,20170728,210509000,3322.0,1690,108772,56151680.0,3321.0,1,3320.0,19
rb1805,20170731,20170728,210509500,3321.0,1692,108772,56218100.0,3322.0,3,3320.0,19
rb1805,20170731,20170728,210510000,3320.0,1694,108774,56284500.0,3322.0,3,3320.0,18
rb1805,20170731,20170728,210511500,3320.0,1694,108774,56284500.0,3322.0,3,3320.0,18
rb1805,20170731,20170728,210512000,3320.0,1694,108774,56284500.0,3322.0,3,3320.0,18
rb1805,20170731,20170728,210512500,3320.0,1694,108774,56284500.0,3322.0,3,3320.0,18
rb1805,20170731,20170728,210513000,3320.0,1694,108774,56284500.0,3322.0,1,3320.0,27
rb1805,20170731,20170728,210513500,3320.0,1694,108774,56284500.0,3322.0,1,3321.0,3
rb1805,20170731,20170728,210515000,3320.0,1704,108778,56616500.0,3321.0,5,3320.0,25
rb1805,20170731,20170728,210515500,3321.0,1714,108784,56948600.0,3322.0,1,3321.0,1
rb1805,20170731,20170728,210516000,3321.0,1714,108784,56948600.0,3322.0,1,3321.0,1
rb1805,20170731,20170728,210517500,3321.0,1714,108784,56948600.0,3322.0,1,3321.0,2
rb1805,20170731,20170728,210518000,3321.0,1714,108784,56948600.0,3322.0,1,3321.0,4
rb1805,20170731,20170728,210518500,3321.0,1714,108784,56948600.0,3322.0,1,3321.0,4
rb1805,20170731,20170728,210519500,3321.0,1714,108784,56948600.0,3322.0,1,3321.0,3
rb1805,20170731,20170728,210520000,3321.0,1714,108784,56948600.0,3322.0,4,3321.0,3
rb1805,20170731,20170728,210520500,3321.0,1714,108784,56948600.0,3322.0,4,3321.0,3
rb1805,20170731,20170728,210521000,3321.0,1714,108784,56948600.0,3322.0,4,3321.0,3
rb1805,20170731,20170728,210521500,3321.0,1714,108784,56948600.0,3322.0,4,3321.0,3
rb1805,20170731,20170728,210522000,3322.0,1716,108784,57015040.0,3322.0,3,3321.0,3
rb1805,20170731,20170728,210522500,3322.0,1716,108784,57015040.0,3323.0,1,3321.0,3
rb1805,20170731,20170728,210523000,3322.0,1716,108784,57015040.0,3323.0,3,3321.0,4
rb1805,20170731,20170728,210524000,3322.0,1716,108784,57015040.0,3323.0,3,3322.0,2
rb1805,20170731,20170728,210524500,3322.0,1720,108788,57147920.0,3322.0,1,3321.0,4
rb1805,20170731,20170728,210525000,3322.0,1720,108788,57147920.0,3323.0,5,3321.0,4
rb1805,20170731,20170728,210525500,3322.0,1720,108788,57147920.0,3323.0,2,3322.0,2
rb1805,20170731,20170728,210526000,3322.0,1722,108790,57214360.0,3323.0,5,3322.0,1
rb1805,20170731,20170728,210526500,3322.0,1726,108790,57347240.0,3323.0,5,3321.0,6
rb1805,20170731,20170728,210527000,3322.0,1726,108790,57347240.0,3323.0,2,3321.0,6
rb1805,20170731,20170728,210527500,3322.0,1726,108790,57347240.0,3323.0,2,3321.0,6
rb1805,20170731,20170728,210528500,3322.0,1726,108790,57347240.0,3323.0,2,3321.0,6
rb1805,20170731,20170728,210530000,3322.0,1726,108790,57347240.0,3323.0,2,3321.0,10
rb1805,20170731,20170728,210532000,3322.0,1726,108790,57347240.0,3324.0,5,3322.0,1
rb1805,20170731,20170728,210532500,3322.0,1726,108790,57347240.0,3324.0,9,3322.0,1
rb1805,20170731,20170728,210533500,3322.0,1726,108790,57347240.0,3324.0,9,3323.0,1
rb1805,20170731,20170728,210534000,3323.0,1728,108792,57413700.0,3323.0,11,3322.0,1
rb1805,20170731,20170728,210534500,3323.0,1728,108792,57413700.0,3323.0,6,3322.0,1
rb1805,20170731,20170728,210535000,3323.0,1728,108792,57413700.0,3323.0,6,3322.0,1
rb1805,20170731,20170728,210535500,3323.0,1728,108792,57413700.0,3323.0,6,3322.0,1
rb1805,20170731,20170728,210536000,3323.0,1728,108792,57413700.0,3323.0,6,3322.0,1
rb1805,20170731,20170728,210536500,3323.0,1728,108792,57413700.0,3323.0,6,3322.0,1
rb1805,20170731,20170728,210537500,3323.0,1728,108792,57413700.0,3323.0,9,3322.0,1
rb1805,20170731,20170728,210540000,3323.0,1728,108792,57413700.0,3323.0,9,3322.0,1
rb1805,20170731,20170728,210541000,3323.0,1728,108792,57413700.0,3323.0,6,3322.0,1
rb1805,20170731,20170728,210541500,3322.0,1730,108794,57480140.0,3322.0,4,3321.0,8
rb1805,20170731,20170728,210542000,3322.0,1730,108794,57480140.0,3323.0,9,3321.0,8
rb1805,20170731,20170728,210542500,3322.0,1730,108794,57480140.0,3324.0,7,3321.0,8
rb1805,20170731,20170728,210543000,3322.0,1730,108794,57480140.0,3324.0,13,3321.0,8
rb1805,20170731,20170728,210545000,3322.0,1730,108794,57480140.0,3324.0,13,3321.0,8
rb1805,20170731,20170728,210546000,3322.0,1730,108794,57480140.0,3324.0,13,3322.0,3
rb1805,20170731,20170728,210546500,3322.0,1730,108794,57480140.0,3324.0,9,3322.0,7
rb1805,20170731,20170728,210548000,3324.0,1734,108790,57613100.0,3324.0,7,3322.0,7
rb1805,20170731,20170728,210548500,3322.0,1740,108790,57812420.0,3324.0,2,3322.0,8
rb1805,20170731,20170728,210549000,3322.0,1740,108790,57812420.0,3324.0,2,3322.0,8
rb1805,20170731,20170728,210550000,3322.0,1740,108790,57812420.0,3324.0,2,3322.0,8
rb1805,20170731,20170728,210550500,3324.0,1744,108794,57945380.0,3325.0,25,3322.0,8
rb1805,20170731,20170728,210551000,3324.0,1744,108794,57945380.0,3323.0,1,3322.0,10
rb1805,20170731,20170728,210551500,3323.0,1746,108792,58011840.0,3325.0,25,3323.0,4
rb1805,20170731,20170728,210552000,3323.0,1746,108792,58011840.0,3325.0,23,3322.0,10
rb1805,20170731,20170728,210552500,3323.0,1746,108792,58011840.0,3325.0,28,3322.0,10
rb1805,20170731,20170728,210553000,3323.0,1746,108792,58011840.0,3325.0,28,3322.0,10
rb1805,20170731,20170728,210553500,3323.0,1746,108792,58011840.0,3325.0,30,3322.0,10
rb1805,20170731,20170728,210557000,3323.0,1746,108792,58011840.0,3325.0,30,3322.0,10
rb1805,20170731,20170728,210557500,3323.0,1746,108792,58011840.0,3325.0,30,3322.0,10
rb1805,20170731,20170728,210558000,3323.0,1746,108792,58011840.0,3325.0,30,3322.0,10
rb1805,20170731,20170728,210558500,3323.0,1746,108792,58011840.0,3324.0,1,3322.0,11
rb1805,20170731,20170728,210559500,3323.0,1746,108792,58011840.0,3324.0,3,3322.0,12
rb1805,20170731,20170728,210600500,3323.0,1746,108792,58011840.0,3324.0,3,3323.0,4
rb1805,20170731,20170728,210601000,3323.0,1746,108792,58011840.0,3324.0,3,3323.0,6
rb1805,20170731,20170728,210602000,3323.0,1746,108792,58011840.0,3324.0,3,3323.0,6
rb1805,20170731,20170728,210602500,3324.0,1748,108790,58078320.0,3324.0,2,3323.0,7
rb1805,20170731,20170728,210603000,3325.0,1772,108774,58876280.0,3325.0,20,3324.0,2
rb1805,20170731,20170728,210603500,3325.0,1772,108774,58876280.0,3325.0,15,3324.0,2
rb1805,20170731,20170728,210605500,3325.0,1790,108758,59474780.0,3325.0,6,3324.0,2
rb1805,20170731,20170728,210606000,3323.0,1804,108752,59940040.0,3324.0,3,3323.0,6
rb1805,20170731,20170728,210606500,3323.0,1804,108752,59940040.0,3325.0,9,3323.0,2
rb1805,20170731,20170728,210607000,3323.0,1804,108752,59940040.0,3325.0,6,3323.0,5
rb1805,20170731,20170728,210608000,3323.0,1804,108752,59940040.0,3325.0,6,3323.0,9
rb1805,20170731,20170728,210608500,3323.0,1804,108752,59940040.0,3325.0,6,3323.0,9
rb1805,20170731,20170728,210609000,3323.0,1804,108752,59940040.0,3325.0,6,3323.0,9
rb1805,20170731,20170728,210609500,3323.0,1804,108752,59940040.0,3325.0,6,3323.0,9
rb1805,20170731,20170728,210610000,3323.0,1804,108752,59940040.0,3325.0,6,3323.0,14
rb1805,20170731,20170728,210610500,3323.0,1804,108752,59940040.0,3325.0,6,3323.0,15
rb1805,20170731,20170728,210611500,3323.0,1804,108752,59940040.0,3325.0,6,3323.0,15
rb1805,20170731,20170728,210612000,3325.0,1816,108754,60339040.0,3326.0,15,3325.0,4
rb1805,20170731,20170728,210612500,3325.0,1816,108754,60339040.0,3326.0,18,3325.0,5
rb1805,20170731,20170728,210613000,3325.0,1816,108754,60339040.0,3326.0,18,3325.0,5
rb1805,20170731,20170728,210614000,3325.0,1816,108754,60339040.0,3326.0,18,3325.0,5
rb1805,20170731,20170728,210615500,3325.0,1816,108754,60339040.0,3326.0,18,3325.0,5
rb1805,20170731,20170728,210616000,3325.0,1816,108754,60339040.0,3326.0,18,3325.0,5
rb1805,20170731,20170728,210616500,3326.0,1818,108754,60405560.0,3326.0,17,3325.0,5
rb1805,20170731,20170728,210617500,3326.0,1818,108754,60405560.0,3326.0,17,3325.0,5
rb1805,20170731,20170728,210619500,3326.0,1818,108754,60405560.0,3326.0,17,3325.0,5
rb1805,20170731,20170728,210620500,3326.0,1818,108754,60405560.0,3326.0,17,3325.0,5
rb1805,20170731,20170728,210622000,3326.0,1818,108754,60405560.0,3326.0,17,3325.0,5
rb1805,20170731,20170728,210622500,3326.0,1820,108754,60472080.0,3326.0,16,3325.0,5
rb1805,20170731,20170728,210623000,3326.0,1820,108754,60472080.0,3326.0,16,3325.0,6
rb1805,20170731,20170728,210624500,3326.0,1820,108754,60472080.0,3326.0,16,3325.0,6
rb1805,20170731,20170728,210625000,3326.0,1820,108754,60472080.0,3326.0,17,3325.0,6
rb1805,20170731,20170728,210625500,3326.0,1820,108754,60472080.0,3326.0,17,3325.0,6
rb1805,20170731,20170728,210627000,3326.0,1820,108754,60472080.0,3326.0,17,3325.0,6
rb1805,20170731,20170728,210627500,3326.0,1820,108754,60472080.0,3326.0,17,3325.0,6
rb1805,20170731,20170728,210628500,3326.0,1820,108754,60472080.0,3326.0,18,3325.0,10
rb1805,20170731,20170728,210629000,3326.0,1848,108742,61403280.0,3326.0,10,3325.0,6
rb1805,20170731,20170728,210629500,3326.0,1848,108742,61403280.0,3326.0,9,3325.0,6
rb1805,20170731,20170728,210630000,3326.0,1854,108746,61602840.0,3326.0,3,3325.0,6
rb1805,20170731,20170728,210630500,3326.0,1854,108746,61602840.0,3326.0,2,3325.0,6
rb1805,20170731,20170728,210631000,3326.0,1858,108744,61735880.0,3327.0,3,3325.0,6
rb1805,20170731,20170728,210631500,3326.0,1858,108744,61735880.0,3328.0,7,3325.0,6
rb1805,20170731,20170728,210632000,3326.0,1858,108744,61735880.0,3327.0,2,3325.0,6
rb1805,20170731,20170728,210632500,3326.0,1858,108744,61735880.0,3326.0,1,3325.0,6
rb1805,20170731,20170728,210633000,3326.0,1860,108742,61802400.0,3327.0,3,3325.0,6
rb1805,20170731,20170728,210633500,3326.0,1860,108742,61802400.0,3327.0,2,3325.0,6
rb1805,20170731,20170728,210634000,3326.0,1860,108742,61802400.0,3327.0,2,3325.0,6
rb1805,20170731,20170728,210634500,3327.0,1864,108742,61935480.0,3327.0,4,3325.0,6
rb1805,20170731,20170728,210635000,3327.0,1864,108742,61935480.0,3327.0,3,3325.0,6
rb1805,20170731,20170728,210635500,3327.0,1864,108742,61935480.0,3326.0,10,3325.0,6
rb1805,20170731,20170728,210636000,3327.0,1864,108742,61935480.0,3326.0,10,3325.0,2
rb1805,20170731,20170728,210637000,3327.0,1864,108742,61935480.0,3326.0,10,3325.0,2
rb1805,20170731,20170728,210637500,3327.0,1864,108742,61935480.0,3328.0,15,3325.0,2
rb1805,20170731,20170728,210638000,3327.0,1864,108742,61935480.0,3328.0,16,3325.0,6
rb1805,20170731,20170728,210638500,3327.0,1864,108742,61935480.0,3328.0,16,3325.0,5
rb1805,20170731,20170728,210639500,3327.0,1864,108742,61935480.0,3328.0,16,3326.0,2
rb1805,20170731,20170728,210641500,3328.0,1866,108744,62002040.0,3327.0,10,3326.0,2
rb1805,20170731,20170728,210642000,3328.0,1866,108744,62002040.0,3327.0,10,3326.0,2
rb1805,20170731,20170728,210642500,3327.0,1870,108740,62135120.0,3327.0,8,3326.0,2
rb1805,20170731,20170728,210643000,3327.0,1870,108740,62135120.0,3327.0,8,3326.0,2
rb1805,20170731,20170728,210643500,3327.0,1872,108738,62201660.0,3327.0,2,3326.0,2
rb1805,20170731,20170728,210644000,3327.0,1876,108738,62334740.0,3328.0,15,3327.0,4
rb1805,20170731,20170728,210644500,3327.0,1876,108738,62334740.0,3328.0,5,3326.0,3
rb1805,20170731,20170728,210645000,3327.0,1876,108738,62334740.0,3328.0,5,3327.0,1
rb1805,20170731,20170728,210645500,3327.0,1876,108738,62334740.0,3328.0,5,3327.0,5
rb1805,20170731,20170728,210646500,3327.0,1876,108738,62334740.0,3328.0,5,3327.0,5
rb1805,20170731,20170728,210647000,3327.0,1876,108738,62334740.0,3328.0,6,3327.0,5
rb1805,20170731,20170728,210647500,3327.0,1876,108738,62334740.0,3328.0,6,3327.0,5
rb1805,20170731,20170728,210648000,3327.0,1876,108738,62334740.0,3328.0,11,3327.0,5
rb1805,20170731,20170728,210648500,3327.0,1878,108738,62401280.0,3328.0,11,3327.0,4
rb1805,20170731,20170728,210649000,3327.0,1886,108738,62667440.0,3327.0,6,3326.0,12
rb1805,20170731,20170728,210649500,3327.0,1896,108736,63000140.0,3327.0,1,3326.0,12
rb1805,20170731,20170728,210650000,3327.0,1900,108734,63133220.0,3328.0,11,3327.0,2
rb1805,20170731,20170728,210650500,3327.0,1900,108734,63133220.0,3328.0,6,3327.0,2
rb1805,20170731,20170728,210651000,3327.0,1900,108734,63133220.0,3328.0,6,3327.0,2
rb1805,20170731,20170728,210652000,3326.0,1920,108730,63798460.0,3328.0,6,3326.0,7
rb1805,20170731,20170728,210652500,3328.0,1924,108726,63931580.0,3328.0,4,3326.0,8
rb1805,20170731,20170728,210653000,3328.0,1940,108718,64464080.0,3329.0,7,3328.0,2
rb1805,20170731,20170728,210653500,3328.0,1946,108716,64663760.0,3329.0,8,3328.0,1
rb1805,20170731,20170728,210654000,3329.0,1948,108714,64730340.0,3329.0,3,3328.0,2
rb1805,20170731,20170728,210654500,3328.0,1952,108714,64863460.0,3329.0,3,3327.0,2
rb1805,20170731,20170728,210655000,3328.0,1952,108714,64863460.0,3329.0,3,3327.0,5
rb1805,20170731,20170728,210656000,3329.0,1954,108716,64930040.0,3329.0,2,3327.0,5
rb1805,20170731,20170728,210656500,3330.0,1960,108718,65129800.0,3330.0,12,3329.0,7
rb1805,20170731,20170728,210657000,3329.0,1966,108718,65329540.0,3330.0,12,3329.0,6
rb1805,20170731,20170728,210657500,3329.0,1966,108718,65329540.0,3330.0,12,3329.0,6
rb1805,20170731,20170728,210658000,3329.0,1970,108718,65462700.0,3330.0,12,3329.0,4
rb1805,20170731,20170728,210658500,3329.0,1970,108718,65462700.0,3330.0,12,3329.0,2
rb1805,20170731,20170728,210659000,3329.0,1970,108718,65462700.0,3330.0,12,3329.0,2
rb1805,20170731,20170728,210659500,3329.0,1970,108718,65462700.0,3330.0,12,3329.0,2
rb1805,20170731,20170728,210700500,3329.0,1970,108718,65462700.0,3330.0,12,3329.0,5
rb1805,20170731,20170728,210701000,3329.0,1970,108718,65462700.0,3330.0,11,3329.0,6
rb1805,20170731,20170728,210701500,3330.0,1972,108720,65529300.0,3330.0,10,3329.0,6
rb1805,20170731,20170728,210702000,3330.0,1972,108720,65529300.0,3330.0,10,3329.0,7
rb1805,20170731,20170728,210702500,3330.0,1972,108720,65529300.0,3330.0,10,3329.0,7
rb1805,20170731,20170728,210703000,3330.0,1974,108718,65595900.0,3330.0,10,3329.0,4
rb1805,20170731,20170728,210703500,3330.0,1974,108718,65595900.0,3330.0,10,3329.0,7
rb1805,20170731,20170728,210704500,3330.0,1976,108718,65662500.0,3330.0,10,3329.0,8
rb1805,20170731,20170728,210705000,3330.0,1976,108718,65662500.0,3330.0,9,3329.0,7
rb1805,20170731,20170728,210705500,3330.0,1976,108718,65662500.0,3330.0,9,3329.0,7
rb1805,20170731,20170728,210706000,3330.0,1980,108718,65795680.0,3330.0,8,3329.0,6
rb1805,20170731,20170728,210706500,3330.0,1980,108718,65795680.0,3330.0,8,3329.0,7
rb1805,20170731,20170728,210707000,3330.0,1980,108718,65795680.0,3330.0,8,3329.0,10
rb1805,20170731,20170728,210707500,3330.0,1980,108718,65795680.0,3330.0,8,3329.0,10
rb1805,20170731,20170728,210708500,3330.0,1980,108718,65795680.0,3330.0,8,3329.0,7
rb1805,20170731,20170728,210709000,3330.0,1980,108718,65795680.0,3330.0,9,3329.0,7
rb1805,20170731,20170728,210709500,3330.0,1980,108718,65795680.0,3330.0,9,3329.0,7
rb1805,20170731,20170728,210710000,3330.0,1982,108718,65862280.0,3330.0,8,3329.0,7
rb1805,20170731,20170728,210710500,3330.0,1982,108718,65862280.0,3330.0,8,3329.0,9
rb1805,20170731,20170728,210711000,3330.0,1982,108718,65862280.0,3330.0,9,3329.0,9
rb1805,20170731,20170728,210712000,3329.0,1984,108718,65928860.0,3330.0,10,3329.0,8
rb1805,20170731,20170728,210712500,3329.0,1984,108718,65928860.0,3330.0,11,3329.0,8
rb1805,20170731,20170728,210713000,3330.0,1990,108712,66128660.0,3330.0,8,3329.0,9
rb1805,20170731,20170728,210713500,3330.0,1996,108716,66328460.0,3330.0,5,3329.0,9
rb1805,20170731,20170728,210714000,3330.0,1998,108716,66395060.0,3330.0,4,3329.0,9
rb1805,20170731,20170728,210715000,3330.0,1998,108716,66395060.0,3330.0,5,3329.0,10
rb1805,20170731,20170728,210716000,3330.0,1998,108716,66395060.0,3330.0,5,3329.0,10
rb1805,20170731,20170728,210717000,3330.0,2002,108714,66528260.0,3330.0,3,3329.0,10
rb1805,20170731,20170728,210717500,3331.0,2030,108716,67460880.0,3332.0,4,3331.0,1
rb1805,20170731,20170728,210718000,3331.0,2032,108716,67527500.0,3331.0,2,3330.0,3
rb1805,20170731,20170728,210718500,3331.0,2032,108716,67527500.0,3331.0,1,3330.0,4
rb1805,20170731,20170728,210719000,3331.0,2034,108718,67594120.0,3332.0,7,3331.0,5
rb1805,20170731,20170728,210719500,3332.0,2044,108718,67927320.0,3332.0,2,3331.0,5
rb1805,20170731,20170728,210720000,3332.0,2044,108718,67927320.0,3333.0,5,3331.0,5
rb1805,20170731,20170728,210720500,3331.0,2048,108718,68060560.0,3333.0,8,3332.0,1
rb1805,20170731,20170728,210721000,3331.0,2048,108718,68060560.0,3333.0,8,3332.0,1
rb1805,20170731,20170728,210721500,3332.0,2050,108716,68127200.0,3332.0,3,3331.0,3
rb1805,20170731,20170728,210722000,3332.0,2052,108714,68193840.0,3332.0,1,3331.0,3
rb1805,20170731,20170728,210723000,3331.0,2054,108714,68260460.0,3332.0,1,3331.0,2
rb1805,20170731,20170728,210723500,3331.0,2054,108714,68260460.0,3332.0,1,3331.0,2
rb1805,20170731,20170728,210724000,3332.0,2056,108712,68327100.0,3333.0,11,3332.0,1
rb1805,20170731,20170728,210724500,3332.0,2056,108712,68327100.0,3333.0,8,3332.0,2
rb1805,20170731,20170728,210725500,3333.0,2058,108712,68393760.0,3333.0,7,3332.0,2
rb1805,20170731,20170728,210726000,3334.0,2086,108686,69327140.0,3334.0,14,3332.0,2
rb1805,20170731,20170728,210726500,3335.0,2116,108658,70327420.0,3335.0,3,3332.0,2
rb1805,20170731,20170728,210727000,3335.0,2120,108658,70460780.0,3335.0,2,3333.0,1
rb1805,20170731,20170728,210727500,3335.0,2120,108658,70460780.0,3335.0,1,3333.0,1
rb1805,20170731,20170728,210728000,3335.0,2120,108658,70460780.0,3335.0,1,3333.0,1
rb1805,20170731,20170728,210728500,3335.0,2120,108658,70460780.0,3335.0,2,3333.0,1
rb1805,20170731,20170728,210729000,3335.0,2120,108658,70460780.0,3335.0,2,3333.0,1
rb1805,20170731,20170728,210729500,3335.0,2120,108658,70460780.0,3335.0,2,3333.0,2
rb1805,20170731,20170728,210730000,3335.0,2124,108662,70594180.0,3336.0,8,3334.0,9
rb1805,20170731,20170728,210730500,3334.0,2128,108660,70727560.0,3336.0,8,3334.0,2
rb1805,20170731,20170728,210731000,3336.0,2144,108646,71261320.0,3338.0,3,3335.0,8
rb1805,20170731,20170728,210731500,3338.0,2160,108644,71794780.0,3338.0,2,3332.0,3
rb1805,20170731,20170728,210732000,3338.0,2160,108644,71794780.0,3337.0,1,3334.0,3
rb1805,20170731,20170728,210732500,3338.0,2160,108644,71794780.0,3337.0,1,3334.0,3
rb1805,20170731,20170728,210733000,3338.0,2160,108644,71794780.0,3337.0,1,3334.0,3
rb1805,20170731,20170728,210733500,3338.0,2160,108644,71794780.0,3337.0,1,3334.0,3
rb1805,20170731,20170728,210734000,3338.0,2160,108644,71794780.0,3337.0,1,3334.0,3
rb1805,20170731,20170728,210734500,3337.0,2162,108646,71861520.0,3338.0,2,3334.0,3
rb1805,20170731,20170728,210735000,3335.0,2164,108646,71928220.0,3338.0,2,3335.0,2
rb1805,20170731,20170728,210735500,3335.0,2164,108646,71928220.0,3338.0,7,3334.0,23
rb1805,20170731,20170728,210736000,3337.0,2166,108648,71994960.0,3338.0,8,3337.0,9
rb1805,20170731,20170728,210736500,3337.0,2180,108662,72462140.0,3338.0,8,3337.0,2
rb1805,20170731,20170728,210737000,3337.0,2180,108662,72462140.0,3338.0,7,3337.0,2
rb1805,20170731,20170728,210737500,3337.0,2180,108662,72462140.0,3338.0,11,3337.0,2
rb1805,20170731,20170728,210738000,3338.0,2202,108664,73196500.0,3338.0,1,3337.0,2
rb1805,20170731,20170728,210738500,3337.0,2206,108664,73329980.0,3337.0,19,3334.0,20
rb1805,20170731,20170728,210739000,3337.0,2230,108664,74130860.0,3337.0,12,3335.0,3
rb1805,20170731,20170728,210739500,3337.0,2230,108664,74130860.0,3337.0,12,3335.0,3
rb1805,20170731,20170728,210740000,3337.0,2234,108660,74264340.0,3337.0,5,3335.0,8
rb1805,20170731,20170728,210740500,3337.0,2234,108660,74264340.0,3337.0,5,3336.0,3
rb1805,20170731,20170728,210741000,3337.0,2236,108658,74331080.0,3337.0,9,3335.0,3
rb1805,20170731,20170728,210741500,3337.0,2236,108658,74331080.0,3337.0,6,3336.0,3
rb1805,20170731,20170728,210742000,3337.0,2236,108658,74331080.0,3337.0,7,3336.0,5
rb1805,20170731,20170728,210742500,3336.0,2238,108660,74397800.0,3337.0,7,3336.0,4
rb1805,20170731,20170728,210743000,3337.0,2240,108658,74464540.0,3337.0,6,3336.0,4
rb1805,20170731,20170728,210743500,3337.0,2240,108658,74464540.0,3337.0,6,3336.0,7
rb1805,20170731,20170728,210744000,3337.0,2248,108656,74731500.0,3337.0,2,3336.0,7
rb1805,20170731,20170728,210744500,3337.0,2252,108656,74864980.0,3338.0,4,3337.0,4
rb1805,20170731,20170728,210745000,3337.0,2252,108656,74864980.0,3338.0,4,3337.0,2
rb1805,20170731,20170728,210745500,3338.0,2256,108658,74998500.0,3338.0,2,3337.0,2
rb1805,20170731,20170728,210746500,3338.0,2260,108658,75132020.0,3338.0,1,3337.0,2
rb1805,20170731,20170728,210747000,3338.0,2260,108658,75132020.0,3338.0,1,3337.0,2
rb1805,20170731,20170728,210747500,3337.0,2262,108660,75198760.0,3338.0,1,3337.0,1
rb1805,20170731,20170728,210748500,3338.0,2268,108662,75399040.0,3339.0,1,3337.0,1
rb1805,20170731,20170728,210749000,3338.0,2268,108662,75399040.0,3338.0,2,3337.0,1
rb1805,20170731,20170728,210749500,3338.0,2268,108662,75399040.0,3338.0,7,3337.0,4
rb1805,20170731,20170728,210750000,3337.0,2274,108662,75599260.0,3337.0,1,3336.0,4
rb1805,20170731,20170728,210750500,3337.0,2286,108664,75999720.0,3338.0,9,3335.0,25
rb1805,20170731,20170728,210751000,3337.0,2286,108664,75999720.0,3337.0,3,3335.0,30
rb1805,20170731,20170728,210751500,3337.0,2292,108670,76199940.0,3338.0,13,3337.0,2
rb1805,20170731,20170728,210752000,3337.0,2292,108670,76199940.0,3338.0,8,3337.0,2
rb1805,20170731,20170728,210752500,3338.0,2296,108672,76333440.0,3338.0,10,3337.0,1
rb1805,20170731,20170728,210753000,3337.0,2308,108672,76733880.0,3337.0,14,3335.0,25
rb1805,20170731,20170728,210753500,3337.0,2326,108678,77334540.0,3338.0,11,3337.0,2
rb1805,20170731,20170728,210754000,3337.0,2332,108678,77534760.0,3337.0,9,3335.0,40
rb1805,20170731,20170728,210754500,3338.0,2348,108690,78068680.0,3338.0,13,3335.0,47
rb1805,20170731,20170728,210755000,3338.0,2348,108690,78068680.0,3338.0,10,3336.0,22
rb1805,20170731,20170728,210755500,3338.0,2358,108700,78402480.0,3338.0,5,3336.0,29
rb1805,20170731,20170728,210756000,3336.0,2370,108708,78802800.0,3338.0,8,3336.0,23
rb1805,20170731,20170728,210756500,3336.0,2370,108708,78802800.0,3338.0,21,3336.0,23
rb1805,20170731,20170728,210757000,3338.0,2388,108712,79403640.0,3338.0,12,3336.0,26
rb1805,20170731,20170728,210757500,3338.0,2388,108712,79403640.0,3338.0,10,3336.0,32
rb1805,20170731,20170728,210758500,3338.0,2388,108712,79403640.0,3338.0,10,3336.0,26
rb1805,20170731,20170728,210759000,3338.0,2388,108712,79403640.0,3338.0,10,3337.0,6
rb1805,20170731,20170728,210759500,3336.0,2442,108698,81205200.0,3338.0,13,3336.0,2
rb1805,20170731,20170728,210800000,3336.0,2442,108698,81205200.0,3337.0,6,3336.0,3
rb1805,20170731,20170728,210800500,3335.0,2458,108684,81738860.0,3337.0,9,3335.0,42
rb1805,20170731,20170728,210801000,3335.0,2458,108684,81738860.0,3336.0,3,3335.0,42
rb1805,20170731,20170728,210801500,3338.0,2486,108658,82673320.0,3338.0,6,3336.0,7
rb1805,20170731,20170728,210802000,3338.0,2486,108658,82673320.0,3337.0,2,3335.0,42
rb1805,20170731,20170728,210802500,3339.0,2506,108646,83340920.0,3339.0,6,3337.0,4
rb1805,20170731,20170728,210803000,3339.0,2532,108620,84209060.0,3338.0,7,3335.0,44
rb1805,20170731,20170728,210803500,3335.0,2544,108610,84609360.0,3337.0,3,3336.0,3
rb1805,20170731,20170728,210804000,3338.0,2562,108598,85210140.0,3338.0,1,3337.0,2
rb1805,20170731,20170728,210804500,3337.0,2566,108598,85343620.0,3338.0,6,3337.0,1
rb1805,20170731,20170728,210805000,3338.0,2578,108588,85744180.0,3339.0,5,3338.0,2
rb1805,20170731,20170728,210805500,3338.0,2580,108588,85810940.0,3339.0,5,3338.0,1
rb1805,20170731,20170728,210806000,3338.0,2586,108592,86011220.0,3338.0,2,3337.0,1
rb1805,20170731,20170728,210806500,3338.0,2586,108592,86011220.0,3338.0,2,3336.0,2
rb1805,20170731,20170728,210807000,3338.0,2586,108592,86011220.0,3339.0,5,3336.0,11
rb1805,20170731,20170728,210807500,3338.0,2586,108592,86011220.0,3338.0,2,3337.0,2
rb1805,20170731,20170728,210808000,3338.0,2586,108592,86011220.0,3338.0,5,3337.0,2
rb1805,20170731,20170728,210808500,3338.0,2586,108592,86011220.0,3338.0,6,3337.0,2
rb1805,20170731,20170728,210809500,3337.0,2590,108594,86144720.0,3338.0,5,3337.0,1
rb1805,20170731,20170728,210810000,3337.0,2590,108594,86144720.0,3338.0,5,3337.0,6
rb1805,20170731,20170728,210810500,3338.0,2600,108588,86478520.0,3339.0,5,3337.0,4
rb1805,20170731,20170728,210811000,3339.0,2606,108584,86678860.0,3339.0,7,3338.0,3
rb1805,20170731,20170728,210811500,3337.0,2608,108584,86745600.0,3337.0,4,3336.0,2
rb1805,20170731,20170728,210812000,3337.0,2616,108576,87012560.0,3338.0,11,3336.0,6
rb1805,20170731,20170728,210812500,3337.0,2616,108576,87012560.0,3338.0,11,3336.0,6
rb1805,20170731,20170728,210813000,3337.0,2616,108576,87012560.0,3338.0,11,3336.0,11
rb1805,20170731,20170728,210813500,3338.0,2632,108566,87546600.0,3338.0,4,3336.0,10
rb1805,20170731,20170728,210814000,3338.0,2632,108566,87546600.0,3338.0,4,3337.0,12
rb1805,20170731,20170728,210814500,3338.0,2638,108566,87746880.0,3338.0,1,3337.0,9
rb1805,20170731,20170728,210815000,3338.0,2640,108566,87813640.0,3339.0,8,3338.0,8
rb1805,20170731,20170728,210815500,3338.0,2640,108566,87813640.0,3339.0,2,3338.0,10
rb1805,20170731,20170728,210816000,3339.0,2646,108570,88013980.0,3340.0,17,3339.0,6
rb1805,20170731,20170728,210816500,3340.0,2650,108574,88147580.0,3340.0,15,3339.0,8
rb1805,20170731,20170728,210817000,3340.0,2666,108584,88681980.0,3340.0,8,3339.0,8
rb1805,20170731,20170728,210817500,3340.0,2672,108588,88882360.0,3340.0,6,3339.0,7
rb1805,20170731,20170728,210818000,3343.0,2694,108590,89617320.0,3343.0,1,3339.0,17
rb1805,20170731,20170728,210818500,3339.0,2698,108594,89750880.0,3342.0,4,3340.0,2
rb1805,20170731,20170728,210819500,3342.0,2704,108588,89951400.0,3342.0,1,3340.0,2
rb1805,20170731,20170728,210820000,3343.0,2710,108584,90151960.0,3343.0,1,3340.0,2
rb1805,20170731,20170728,210820500,3343.0,2712,108582,90218820.0,3343.0,5,3340.0,2
rb1805,20170731,20170728,210821000,3343.0,2712,108582,90218820.0,3342.0,2,3340.0,2
rb1805,20170731,20170728,210821500,3343.0,2718,108576,90419400.0,3343.0,9,3340.0,3
rb1805,20170731,20170728,210822000,3343.0,2718,108576,90419400.0,3343.0,9,3340.0,3
rb1805,20170731,20170728,210822500,3343.0,2718,108576,90419400.0,3343.0,9,3340.0,3
rb1805,20170731,20170728,210823000,3343.0,2718,108576,90419400.0,3343.0,9,3340.0,3
rb1805,20170731,20170728,210823500,3340.0,2726,108584,90686600.0,3340.0,1,3339.0,5
rb1805,20170731,20170728,210824000,3340.0,2728,108586,90753400.0,3340.0,1,3339.0,5
rb1805,20170731,20170728,210824500,3340.0,2730,108584,90820200.0,3340.0,4,3339.0,5
rb1805,20170731,20170728,210825000,3342.0,2742,108582,91221060.0,3342.0,15,3339.0,5
rb1805,20170731,20170728,210825500,3342.0,2744,108580,91287900.0,3342.0,6,3339.0,5
rb1805,20170731,20170728,210826000,3342.0,2744,108580,91287900.0,3342.0,5,3340.0,2
rb1805,20170731,20170728,210826500,3342.0,2744,108580,91287900.0,3342.0,5,3340.0,2
rb1805,20170731,20170728,210827000,3343.0,2762,108572,91889540.0,3343.0,3,3340.0,2
rb1805,20170731,20170728,210827500,3343.0,2762,108572,91889540.0,3342.0,1,3340.0,4
rb1805,20170731,20170728,210828000,3340.0,2764,108572,91956340.0,3342.0,1,3340.0,3
rb1805,20170731,20170728,210829000,3340.0,2764,108572,91956340.0,3342.0,3,3340.0,6
rb1805,20170731,20170728,210829500,3342.0,2770,108570,92156860.0,3344.0,3,3340.0,6
rb1805,20170731,20170728,210830000,3342.0,2770,108570,92156860.0,3344.0,9,3340.0,6
rb1805,20170731,20170728,210830500,3344.0,2772,108568,92223740.0,3344.0,8,3340.0,6
rb1805,20170731,20170728,210831000,3340.0,2774,108568,92290540.0,3343.0,1,3340.0,5
rb1805,20170731,20170728,210831500,3340.0,2780,108562,92490940.0,3343.0,1,3340.0,5
rb1805,20170731,20170728,210832000,3340.0,2780,108562,92490940.0,3343.0,2,3341.0,3
rb1805,20170731,20170728,210832500,3340.0,2780,108562,92490940.0,3343.0,2,3341.0,5
rb1805,20170731,20170728,210833000,3340.0,2780,108562,92490940.0,3343.0,2,3342.0,3
rb1805,20170731,20170728,210833500,3342.0,2784,108558,92624620.0,3343.0,2,3342.0,3
rb1805,20170731,20170728,210834000,3343.0,2790,108554,92825200.0,3344.0,7,3343.0,1
rb1805,20170731,20170728,210834500,3343.0,2792,108554,92892060.0,3344.0,2,3343.0,2
rb1805,20170731,20170728,210835000,3344.0,2796,108556,93025820.0,3345.0,19,3344.0,1
rb1805,20170731,20170728,210835500,3344.0,2808,108554,93427200.0,3345.0,14,3344.0,2
rb1805,20170731,20170728,210836000,3344.0,2808,108554,93427200.0,3345.0,14,3343.0,2
rb1805,20170731,20170728,210836500,3344.0,2808,108554,93427200.0,3345.0,14,3343.0,2
rb1805,20170731,20170728,210837000,3343.0,2810,108556,93494060.0,3344.0,1,3343.0,1
rb1805,20170731,20170728,210837500,3344.0,2812,108554,93560940.0,3345.0,14,3344.0,5
rb1805,20170731,20170728,210838000,3345.0,2842,108536,94564420.0,3346.0,6,3345.0,1
rb1805,20170731,20170728,210838500,3345.0,2844,108536,94631320.0,3346.0,6,3344.0,1
rb1805,20170731,20170728,210839000,3343.0,2846,108538,94698180.0,3345.0,13,3342.0,2
rb1805,20170731,20170728,210839500,3343.0,2846,108538,94698180.0,3344.0,7,3342.0,2
rb1805,20170731,20170728,210840000,3345.0,2870,108516,95500940.0,3345.0,1,3342.0,2
rb1805,20170731,20170728,210840500,3345.0,2870,108516,95500940.0,3345.0,6,3341.0,10
rb1805,20170731,20170728,210841000,3346.0,2890,108534,96169980.0,3344.0,1,3341.0,15
rb1805,20170731,20170728,210841500,3346.0,2894,108538,96303820.0,3346.0,11,3342.0,1
rb1805,20170731,20170728,210842000,3346.0,2894,108538,96303820.0,3345.0,2,3344.0,6
rb1805,20170731,20170728,210842500,3346.0,2894,108538,96303820.0,3345.0,2,3344.0,6
rb1805,20170731,20170728,210843000,3346.0,2894,108538,96303820.0,3345.0,3,3344.0,6
rb1805,20170731,20170728,210843500,3344.0,2906,108550,96705100.0,3344.0,3,3342.0,5
rb1805,20170731,20170728,210844000,3344.0,2906,108550,96705100.0,3344.0,2,3342.0,6
rb1805,20170731,20170728,210844500,3346.0,2926,108560,97374180.0,3345.0,10,3342.0,6
rb1805,20170731,20170728,210845000,3346.0,2926,108560,97374180.0,3344.0,1,3342.0,1
rb1805,20170731,20170728,210845500,3345.0,2928,108560,97441080.0,3345.0,10,3342.0,2
rb1805,20170731,20170728,210846000,3345.0,2928,108560,97441080.0,3345.0,10,3343.0,3
rb1805,20170731,20170728,210846500,3345.0,2928,108560,97441080.0,3344.0,1,3343.0,4
rb1805,20170731,20170728,210848000,3345.0,2928,108560,97441080.0,3344.0,1,3343.0,4
rb1805,20170731,20170728,210848500,3343.0,2942,108554,97909260.0,3344.0,3,3343.0,1
rb1805,20170731,20170728,210849000,3343.0,2944,108552,97976120.0,3344.0,3,3342.0,6
rb1805,20170731,20170728,210849500,3343.0,2944,108552,97976120.0,3345.0,11,3344.0,1
rb1805,20170731,20170728,210850000,3344.0,2946,108552,98043000.0,3343.0,1,3342.0,3
rb1805,20170731,20170728,210850500,3344.0,2946,108552,98043000.0,3343.0,1,3342.0,1
rb1805,20170731,20170728,210851000,3344.0,2946,108552,98043000.0,3343.0,1,3342.0,1
rb1805,20170731,20170728,210851500,3344.0,2946,108552,98043000.0,3343.0,1,3342.0,1
rb1805,20170731,20170728,210852000,3344.0,2946,108552,98043000.0,3343.0,8,3342.0,7
rb1805,20170731,20170728,210852500,3344.0,2946,108552,98043000.0,3343.0,8,3342.0,6
rb1805,20170731,20170728,210853000,3344.0,2946,108552,98043000.0,3343.0,11,3342.0,1
rb1805,20170731,20170728,210853500,3342.0,2968,108572,98778240.0,3342.0,6,3341.0,15
rb1805,20170731,20170728,210854000,3342.0,2968,108572,98778240.0,3343.0,11,3341.0,16
rb1805,20170731,20170728,210854500,3342.0,2968,108572,98778240.0,3343.0,8,3341.0,16
rb1805,20170731,20170728,210855000,3343.0,2970,108574,98845100.0,3343.0,7,3341.0,15
rb1805,20170731,20170728,210855500,3343.0,2970,108574,98845100.0,3343.0,7,3341.0,16
rb1805,20170731,20170728,210856000,3343.0,2970,108574,98845100.0,3343.0,8,3342.0,3
rb1805,20170731,20170728,210856500,3343.0,2980,108564,99179400.0,3343.0,3,3342.0,3
rb1805,20170731,20170728,210857000,3343.0,2980,108564,99179400.0,3343.0,3,3342.0,3
rb1805,20170731,20170728,210857500,3343.0,2980,108564,99179400.0,3343.0,3,3342.0,3
rb1805,20170731,20170728,210858000,3343.0,2980,108564,99179400.0,3343.0,3,3342.0,3
rb1805,20170731,20170728,210858500,3343.0,2980,108564,99179400.0,3343.0,6,3341.0,15
rb1805,20170731,20170728,210859000,3343.0,2980,108564,99179400.0,3342.0,1,3341.0,16
rb1805,20170731,20170728,210859500,3342.0,2984,108564,99313080.0,3343.0,3,3342.0,3
rb1805,20170731,20170728,210900000,3342.0,2984,108564,99313080.0,3343.0,4,3341.0,14
rb1805,20170731,20170728,210900500,3342.0,2984,108564,99313080.0,3343.0,4,3342.0,1
rb1805,20170731,20170728,210901000,3342.0,2984,108564,99313080.0,3343.0,7,3342.0,1
rb1805,20170731,20170728,210901500,3342.0,2984,108564,99313080.0,3343.0,10,3342.0,2
rb1805,20170731,20170728,210902000,3342.0,2986,108564,99379920.0,3343.0,10,3341.0,5
rb1805,20170731,20170728,210902500,3342.0,2986,108564,99379920.0,3342.0,1,3341.0,6
rb1805,20170731,20170728,210903000,3343.0,3024,108564,100650440.0,3344.0,9,3343.0,5
rb1805,20170731,20170728,210903500,3343.0,3024,108564,100650440.0,3342.0,1,3341.0,6
rb1805,20170731,20170728,210904000,3342.0,3026,108564,100717280.0,3344.0,11,3343.0,2
rb1805,20170731,20170728,210904500,3343.0,3030,108560,100851000.0,3343.0,1,3341.0,9
rb1805,20170731,20170728,210905000,3343.0,3032,108558,100917860.0,3344.0,9,3342.0,4
rb1805,20170731,20170728,210905500,3343.0,3034,108556,100984720.0,3343.0,9,3342.0,9
rb1805,20170731,20170728,210906000,3342.0,3046,108552,101385840.0,3343.0,5,3342.0,11
rb1805,20170731,20170728,210906500,3343.0,3056,108550,101720140.0,3344.0,9,3343.0,6
rb1805,20170731,20170728,210907000,3344.0,3074,108554,102322060.0,3345.0,31,3344.0,3
rb1805,20170731,20170728,210907500,3345.0,3094,108556,102991060.0,3344.0,1,3343.0,8
rb1805,20170731,20170728,210908000,3343.0,3104,108552,103325420.0,3345.0,21,3343.0,6
rb1805,20170731,20170728,210908500,3343.0,3104,108552,103325420.0,3345.0,25,3344.0,3
rb1805,20170731,20170728,210909000,3345.0,3110,108552,103526120.0,3345.0,22,3344.0,8
rb1805,20170731,20170728,210909500,3345.0,3150,108540,104864120.0,3346.0,21,3345.0,11
rb1805,20170731,20170728,210910000,3346.0,3200,108552,106537080.0,3347.0,5,3345.0,22
rb1805,20170731,20170728,210910500,3347.0,3210,108548,106871780.0,3346.0,1,3345.0,29
rb1805,20170731,20170728,210911000,3346.0,3232,108546,107608140.0,3348.0,8,3346.0,5
rb1805,20170731,20170728,210911500,3353.0,3566,108836,118798880.0,3355.0,50,3354.0,53
rb1805,20170731,20170728,210912000,3355.0,3720,108948,123964440.0,3356.0,16,3355.0,83
rb1805,20170731,20170728,210912500,3353.0,3828,109014,127587800.0,3354.0,9,3353.0,1
rb1805,20170731,20170728,210913000,3354.0,3854,109004,128459740.0,3354.0,1,3352.0,3
rb1805,20170731,20170728,210913500,3353.0,3856,109006,128526800.0,3353.0,1,3349.0,18
rb1805,20170731,20170728,210914000,3354.0,3858,109006,128593880.0,3355.0,12,3354.0,2
rb1805,20170731,20170728,210914500,3354.0,3872,109020,129063360.0,3354.0,4,3350.0,2
rb1805,20170731,20170728,210915000,3354.0,3872,109020,129063360.0,3355.0,16,3351.0,19
rb1805,20170731,20170728,210915500,3354.0,3872,109020,129063360.0,3354.0,1,3352.0,1
rb1805,20170731,20170728,210916000,3354.0,3872,109020,129063360.0,3354.0,1,3353.0,20
rb1805,20170731,20170728,210916500,3355.0,3878,109022,129264640.0,3355.0,10,3354.0,25
rb1805,20170731,20170728,210917000,3355.0,3902,109022,130069840.0,3356.0,12,3355.0,7
rb1805,20170731,20170728,210917500,3352.0,3978,108984,132618800.0,3354.0,12,3352.0,1
rb1805,20170731,20170728,210918000,3351.0,4000,108992,133356140.0,3352.0,3,3350.0,5
rb1805,20170731,20170728,210918500,3351.0,4000,108992,133356140.0,3351.0,1,3350.0,7
rb1805,20170731,20170728,210919000,3351.0,4002,108990,133423160.0,3352.0,8,3351.0,7
rb1805,20170731,20170728,210919500,3351.0,4004,108988,133490180.0,3351.0,3,3350.0,5
rb1805,20170731,20170728,210920000,3352.0,4012,108990,133758280.0,3352.0,6,3351.0,7
rb1805,20170731,20170728,210920500,3352.0,4012,108990,133758280.0,3352.0,3,3351.0,2
rb1805,20170731,20170728,210921000,3352.0,4026,108992,134227520.0,3353.0,5,3352.0,1
rb1805,20170731,20170728,210921500,3352.0,4030,108994,134361600.0,3352.0,1,3350.0,5
rb1805,20170731,20170728,210922000,3352.0,4032,108992,134428640.0,3353.0,7,3350.0,2
rb1805,20170731,20170728,210922500,3352.0,4032,108992,134428640.0,3352.0,1,3350.0,2
rb1805,20170731,20170728,210923000,3352.0,4034,108994,134495680.0,3353.0,13,3352.0,8
rb1805,20170731,20170728,210923500,3351.0,4052,108984,135099060.0,3353.0,5,3351.0,1
rb1805,20170731,20170728,210924000,3351.0,4052,108984,135099060.0,3353.0,10,3351.0,1
rb1805,20170731,20170728,210924500,3351.0,4052,108984,135099060.0,3352.0,3,3350.0,15
rb1805,20170731,20170728,210925000,3352.0,4054,108982,135166100.0,3352.0,18,3350.0,12
rb1805,20170731,20170728,210925500,3352.0,4054,108982,135166100.0,3352.0,13,3350.0,12
rb1805,20170731,20170728,210926000,3352.0,4054,108982,135166100.0,3352.0,13,3350.0,12
rb1805,20170731,20170728,210926500,3352.0,4054,108982,135166100.0,3352.0,13,3350.0,15
rb1805,20170731,20170728,210927500,3352.0,4054,108982,135166100.0,3352.0,13,3350.0,13
rb1805,20170731,20170728,210928500,3352.0,4054,108982,135166100.0,3352.0,10,3350.0,14
rb1805,20170731,20170728,210929000,3352.0,4054,108982,135166100.0,3352.0,10,3350.0,15
rb1805,20170731,20170728,210929500,3352.0,4054,108982,135166100.0,3352.0,15,3350.0,15
rb1805,20170731,20170728,210930000,3352.0,4054,108982,135166100.0,3352.0,15,3350.0,14
rb1805,20170731,20170728,210930500,3352.0,4054,108982,135166100.0,3352.0,16,3350.0,14
rb1805,20170731,20170728,210931500,3350.0,4060,108988,135367100.0,3352.0,20,3350.0,11
rb1805,20170731,20170728,210932500,3350.0,4064,108992,135501100.0,3352.0,20,3350.0,9
rb1805,20170731,20170728,210933000,3350.0,4066,108994,135568100.0,3352.0,22,3350.0,8
rb1805,20170731,20170728,210934000,3350.0,4066,108994,135568100.0,3352.0,17,3350.0,8
rb1805,20170731,20170728,210934500,3352.0,4070,108996,135702160.0,3352.0,20,3350.0,8
rb1805,20170731,20170728,210935500,3350.0,4072,108998,135769160.0,3352.0,20,3350.0,7
rb1805,20170731,20170728,210936000,3350.0,4072,108998,135769160.0,3352.0,21,3350.0,7
rb1805,20170731,20170728,210936500,3350.0,4072,108998,135769160.0,3352.0,21,3350.0,10
rb1805,20170731,20170728,210937000,3350.0,4072,108998,135769160.0,3352.0,26,3350.0,7
rb1805,20170731,20170728,210937500,3350.0,4072,108998,135769160.0,3352.0,27,3350.0,7
rb1805,20170731,20170728,210938000,3350.0,4074,108998,135836160.0,3351.0,1,3350.0,6
rb1805,20170731,20170728,210938500,3351.0,4076,109000,135903180.0,3352.0,27,3351.0,7
rb1805,20170731,20170728,210939000,3351.0,4076,109000,135903180.0,3352.0,22,3350.0,22
rb1805,20170731,20170728,210939500,3351.0,4076,109000,135903180.0,3352.0,22,3350.0,16
rb1805,20170731,20170728,210940000,3352.0,4084,109000,136171300.0,3352.0,19,3350.0,16
rb1805,20170731,20170728,210940500,3350.0,4104,109000,136841300.0,3352.0,19,3350.0,8
rb1805,20170731,20170728,210941000,3350.0,4104,109000,136841300.0,3352.0,19,3350.0,8
rb1805,20170731,20170728,210942000,3350.0,4104,109000,136841300.0,3352.0,19,3350.0,8
rb1805,20170731,20170728,210942500,3350.0,4116,109000,137243420.0,3351.0,5,3350.0,6
rb1805,20170731,20170728,210943000,3350.0,4136,108990,137913520.0,3351.0,3,3350.0,2
rb1805,20170731,20170728,210943500,3350.0,4150,108986,138382560.0,3351.0,2,3350.0,2
rb1805,20170731,20170728,210944000,3350.0,4150,108986,138382560.0,3351.0,2,3349.0,4
rb1805,20170731,20170728,210944500,3351.0,4154,108986,138516600.0,3352.0,17,3350.0,8
rb1805,20170731,20170728,210945000,3350.0,4156,108988,138583600.0,3352.0,18,3350.0,6
rb1805,20170731,20170728,210945500,3350.0,4168,108980,138985600.0,3350.0,4,3349.0,4
rb1805,20170731,20170728,210946000,3350.0,4182,108968,139454680.0,3352.0,20,3350.0,5
rb1805,20170731,20170728,210946500,3350.0,4182,108968,139454680.0,3351.0,1,3350.0,5
rb1805,20170731,20170728,210947000,3350.0,4182,108968,139454680.0,3351.0,1,3350.0,5
rb1805,20170731,20170728,210947500,3350.0,4182,108968,139454680.0,3351.0,6,3350.0,5
rb1805,20170731,20170728,210948000,3350.0,4184,108968,139521680.0,3351.0,6,3350.0,4
rb1805,20170731,20170728,210949000,3350.0,4184,108968,139521680.0,3351.0,7,3350.0,4
rb1805,20170731,20170728,210949500,3350.0,4188,108972,139655680.0,3351.0,8,3350.0,2
rb1805,20170731,20170728,210950000,3351.0,4190,108972,139722700.0,3351.0,3,3349.0,4
rb1805,20170731,20170728,210950500,3351.0,4190,108972,139722700.0,3351.0,3,3349.0,4
rb1805,20170731,20170728,210951000,3350.0,4200,108976,140057700.0,3351.0,6,3349.0,4
rb1805,20170731,20170728,210951500,3351.0,4202,108974,140124720.0,3351.0,3,3349.0,4
rb1805,20170731,20170728,210952000,3351.0,4206,108970,140258760.0,3351.0,1,3350.0,4
rb1805,20170731,20170728,210952500,3351.0,4210,108968,140392800.0,3352.0,21,3351.0,4
rb1805,20170731,20170728,210953000,3350.0,4218,108968,140660820.0,3352.0,19,3350.0,1
rb1805,20170731,20170728,210953500,3350.0,4218,108968,140660820.0,3352.0,20,3350.0,1
rb1805,20170731,20170728,210954000,3350.0,4218,108968,140660820.0,3352.0,23,3350.0,3
rb1805,20170731,20170728,210954500,3350.0,4218,108968,140660820.0,3351.0,3,3350.0,7
rb1805,20170731,20170728,210955000,3350.0,4218,108968,140660820.0,3351.0,3,3350.0,5
rb1805,20170731,20170728,210955500,3351.0,4224,108974,140861880.0,3352.0,23,3351.0,5
rb1805,20170731,20170728,210956000,3351.0,4242,108978,141465020.0,3351.0,1,3350.0,2
rb1805,20170731,20170728,210956500,3351.0,4242,108978,141465020.0,3351.0,2,3350.0,12
rb1805,20170731,20170728,210957000,3351.0,4246,108978,141599060.0,3352.0,22,3351.0,5
rb1805,20170731,20170728,210957500,3351.0,4256,108968,141934160.0,3352.0,22,3350.0,15
rb1805,20170731,20170728,210958000,3350.0,4258,108968,142001160.0,3352.0,27,3350.0,11
rb1805,20170731,20170728,210958500,3350.0,4258,108968,142001160.0,3352.0,27,3351.0,7
rb1805,20170731,20170728,210959000,3351.0,4268,108958,142336260.0,3352.0,28,3351.0,2
rb1805,20170731,20170728,210959500,3351.0,4268,108958,142336260.0,3352.0,28,3351.0,2
rb1805,20170731,20170728,211000000,3351.0,4268,108958,142336260.0,3352.0,23,3351.0,2
rb1805,20170731,20170728,211000500,3351.0,4272,108954,142470300.0,3351.0,2,3350.0,11
rb1805,20170731,20170728,211001000,3351.0,4282,108952,142805400.0,3352.0,24,3351.0,9
rb1805,20170731,20170728,211001500,3352.0,4330,108910,144414360.0,3353.0,12,3352.0,6
rb1805,20170731,20170728,211002000,3352.0,4332,108910,144481400.0,3353.0,7,3352.0,5
rb1805,20170731,20170728,211003000,3352.0,4332,108910,144481400.0,3353.0,7,3352.0,6
rb1805,20170731,20170728,211003500,3352.0,4334,108910,144548440.0,3353.0,7,3352.0,4
rb1805,20170731,20170728,211004000,3352.0,4336,108910,144615480.0,3353.0,7,3352.0,3
rb1805,20170731,20170728,211004500,3352.0,4336,108910,144615480.0,3353.0,7,3351.0,12
rb1805,20170731,20170728,211005000,3353.0,4348,108912,145017840.0,3353.0,1,3352.0,1
rb1805,20170731,20170728,211005500,3354.0,4352,108912,145151980.0,3354.0,7,3353.0,8
rb1805,20170731,20170728,211006000,3354.0,4352,108912,145151980.0,3354.0,2,3353.0,8
rb1805,20170731,20170728,211006500,3353.0,4358,108916,145353160.0,3354.0,2,3353.0,5
rb1805,20170731,20170728,211007000,3353.0,4358,108916,145353160.0,3354.0,2,3353.0,5
rb1805,20170731,20170728,211007500,3353.0,4360,108916,145420220.0,3354.0,2,3353.0,4
rb1805,20170731,20170728,211008000,3354.0,4364,108916,145554380.0,3354.0,1,3353.0,4
rb1805,20170731,20170728,211008500,3354.0,4364,108916,145554380.0,3354.0,4,3353.0,5
rb1805,20170731,20170728,211009000,3354.0,4366,108916,145621460.0,3354.0,3,3353.0,4
rb1805,20170731,20170728,211009500,3352.0,4374,108914,145889660.0,3353.0,3,3352.0,7
rb1805,20170731,20170728,211010000,3353.0,4380,108920,146090840.0,3354.0,3,3353.0,1
rb1805,20170731,20170728,211010500,3354.0,4386,108916,146292060.0,3354.0,1,3353.0,4
rb1805,20170731,20170728,211011000,3352.0,4392,108916,146493200.0,3354.0,3,3352.0,7
rb1805,20170731,20170728,211011500,3352.0,4392,108916,146493200.0,3354.0,2,3352.0,8
rb1805,20170731,20170728,211012000,3352.0,4392,108916,146493200.0,3354.0,2,3352.0,8
rb1805,20170731,20170728,211012500,3352.0,4392,108916,146493200.0,3354.0,2,3352.0,8
rb1805,20170731,20170728,211013000,3354.0,4394,108918,146560280.0,3354.0,8,3352.0,5
rb1805,20170731,20170728,211013500,3354.0,4394,108918,146560280.0,3353.0,2,3352.0,5
rb1805,20170731,20170728,211014000,3354.0,4398,108914,146694440.0,3354.0,9,3352.0,8
rb1805,20170731,20170728,211014500,3354.0,4398,108914,146694440.0,3353.0,3,3352.0,5
rb1805,20170731,20170728,211015000,3354.0,4402,108914,146828600.0,3353.0,1,3352.0,5
rb1805,20170731,20170728,211015500,3354.0,4402,108914,146828600.0,3353.0,1,3352.0,5
rb1805,20170731,20170728,211016000,3352.0,4412,108914,147163800.0,3353.0,6,3351.0,12
rb1805,20170731,20170728,211016500,3352.0,4412,108914,147163800.0,3352.0,1,3351.0,7
rb1805,20170731,20170728,211017000,3352.0,4412,108914,147163800.0,3352.0,1,3351.0,7
rb1805,20170731,20170728,211017500,3352.0,4412,108914,147163800.0,3352.0,2,3351.0,7
rb1805,20170731,20170728,211018000,3350.0,4430,108930,147766940.0,3352.0,7,3350.0,16
rb1805,20170731,20170728,211018500,3350.0,4430,108930,147766940.0,3351.0,4,3350.0,16
rb1805,20170731,20170728,211019000,3350.0,4452,108930,148503940.0,3351.0,4,3350.0,5
rb1805,20170731,20170728,211019500,3351.0,4454,108928,148570960.0,3351.0,3,3350.0,5
rb1805,20170731,20170728,211020000,3351.0,4456,108928,148637980.0,3351.0,2,3350.0,5
rb1805,20170731,20170728,211020500,3351.0,4458,108928,148705000.0,3351.0,1,3350.0,8
rb1805,20170731,20170728,211021000,3351.0,4458,108928,148705000.0,3351.0,1,3350.0,8
rb1805,20170731,20170728,211022000,3351.0,4460,108926,148772020.0,3351.0,5,3350.0,8
rb1805,20170731,20170728,211022500,3351.0,4460,108926,148772020.0,3351.0,5,3350.0,5
rb1805,20170731,20170728,211024000,3351.0,4462,108928,148839040.0,3351.0,4,3350.0,5
rb1805,20170731,20170728,211025500,3350.0,4464,108928,148906040.0,3352.0,10,3350.0,15
rb1805,20170731,20170728,211026000,3350.0,4464,108928,148906040.0,3351.0,1,3350.0,18
rb1805,20170731,20170728,211026500,3351.0,4466,108930,148973060.0,3352.0,3,3351.0,6
rb1805,20170731,20170728,211027000,3351.0,4468,108930,149040080.0,3352.0,6,3351.0,5
rb1805,20170731,20170728,211027500,3351.0,4468,108930,149040080.0,3352.0,6,3351.0,5
rb1805,20170731,20170728,211028000,3351.0,4470,108930,149107100.0,3352.0,6,3351.0,4
rb1805,20170731,20170728,211028500,3351.0,4470,108930,149107100.0,3352.0,13,3351.0,1
rb1805,20170731,20170728,211029000,3351.0,4472,108928,149174120.0,3351.0,2,3350.0,19
rb1805,20170731,20170728,211029500,3351.0,4472,108928,149174120.0,3351.0,2,3350.0,22
rb1805,20170731,20170728,211030500,3351.0,4472,108928,149174120.0,3351.0,2,3350.0,22
rb1805,20170731,20170728,211031000,3350.0,4474,108928,149241120.0,3351.0,8,3350.0,21
rb1805,20170731,20170728,211031500,3350.0,4474,108928,149241120.0,3351.0,8,3350.0,22
rb1805,20170731,20170728,211032000,3350.0,4474,108928,149241120.0,3351.0,9,3350.0,23
rb1805,20170731,20170728,211032500,3350.0,4474,108928,149241120.0,3351.0,28,3350.0,23
rb1805,20170731,20170728,211033000,3350.0,4488,108928,149710120.0,3351.0,31,3350.0,16
rb1805,20170731,20170728,211033500,3350.0,4504,108936,150246120.0,3351.0,34,3350.0,9
rb1805,20170731,20170728,211034500,3350.0,4518,108944,150715120.0,3351.0,47,3350.0,2
rb1805,20170731,20170728,211035000,3350.0,4522,108944,150849120.0,3350.0,2,3349.0,7
rb1805,20170731,20170728,211035500,3350.0,4522,108944,150849120.0,3350.0,9,3349.0,5
rb1805,20170731,20170728,211036000,3350.0,4522,108944,150849120.0,3350.0,21,3349.0,5
rb1805,20170731,20170728,211036500,3349.0,4530,108936,151117040.0,3350.0,24,3349.0,2
rb1805,20170731,20170728,211037000,3349.0,4530,108936,151117040.0,3350.0,24,3349.0,2
rb1805,20170731,20170728,211037500,3349.0,4530,108936,151117040.0,3350.0,24,3349.0,2
rb1805,20170731,20170728,211038000,3349.0,4536,108936,151317980.0,3350.0,24,3347.0,6
rb1805,20170731,20170728,211038500,3349.0,4536,108936,151317980.0,3350.0,29,3347.0,2
rb1805,20170731,20170728,211039000,3349.0,4536,108936,151317980.0,3350.0,29,3347.0,2
rb1805,20170731,20170728,211039500,3350.0,4540,108938,151451960.0,3350.0,28,3347.0,3
rb1805,20170731,20170728,211040000,3350.0,4540,108938,151451960.0,3350.0,28,3347.0,8
rb1805,20170731,20170728,211040500,3350.0,4540,108938,151451960.0,3350.0,29,3347.0,8
rb1805,20170731,20170728,211041000,3348.0,4542,108938,151518920.0,3350.0,29,3348.0,1
rb1805,20170731,20170728,211041500,3348.0,4542,108938,151518920.0,3350.0,29,3348.0,1
rb1805,20170731,20170728,211042000,3348.0,4544,108936,151585880.0,3349.0,6,3347.0,8
rb1805,20170731,20170728,211042500,3348.0,4544,108936,151585880.0,3349.0,14,3347.0,8
rb1805,20170731,20170728,211043000,3348.0,4544,108936,151585880.0,3349.0,17,3347.0,3
rb1805,20170731,20170728,211043500,3349.0,4546,108938,151652860.0,3349.0,14,3347.0,4
rb1805,20170731,20170728,211044000,3349.0,4546,108938,151652860.0,3349.0,14,3347.0,4
rb1805,20170731,20170728,211044500,3347.0,4550,108934,151786740.0,3349.0,14,3347.0,2
rb1805,20170731,20170728,211045000,3347.0,4550,108934,151786740.0,3349.0,11,3347.0,3
rb1805,20170731,20170728,211045500,3346.0,4564,108932,152255240.0,3347.0,3,3345.0,16
rb1805,20170731,20170728,211046000,3341.0,4646,108908,154997140.0,3342.0,3,3341.0,16
rb1805,20170731,20170728,211046500,3345.0,4666,108912,155665840.0,3346.0,8,3345.0,4
rb1805,20170731,20170728,211047000,3346.0,4670,108912,155799660.0,3346.0,12,3345.0,3
rb1805,20170731,20170728,211047500,3346.0,4670,108912,155799660.0,3346.0,7,3345.0,3
rb1805,20170731,20170728,211048000,3346.0,4674,108912,155933500.0,3346.0,3,3345.0,5
rb1805,20170731,20170728,211048500,3346.0,4774,108866,159279500.0,3347.0,9,3346.0,4
rb1805,20170731,20170728,211049000,3347.0,4782,108864,159547260.0,3347.0,12,3346.0,4
rb1805,20170731,20170728,211049500,3347.0,4782,108864,159547260.0,3347.0,12,3346.0,4
rb1805,20170731,20170728,211050000,3347.0,4782,108864,159547260.0,3347.0,13,3346.0,4
rb1805,20170731,20170728,211050500,3346.0,4802,108852,160216460.0,3347.0,12,3346.0,4
rb1805,20170731,20170728,211051000,3346.0,4804,108854,160283380.0,3347.0,12,3346.0,3
rb1805,20170731,20170728,211051500,3346.0,4804,108854,160283380.0,3347.0,12,3346.0,4
rb1805,20170731,20170728,211052000,3346.0,4806,108854,160350300.0,3347.0,17,3346.0,1
rb1805,20170731,20170728,211053000,3346.0,4812,108858,160551100.0,3347.0,15,3346.0,1
rb1805,20170731,20170728,211053500,3346.0,4814,108858,160618020.0,3347.0,15,3345.0,9
rb1805,20170731,20170728,211054000,3346.0,4814,108858,160618020.0,3346.0,5,3345.0,9
rb1805,20170731,20170728,211054500,3346.0,4824,108858,160952620.0,3347.0,10,3346.0,11
rb1805,20170731,20170728,211055000,3347.0,4834,108858,161287240.0,3347.0,9,3346.0,3
rb1805,20170731,20170728,211055500,3347.0,4834,108858,161287240.0,3347.0,9,3346.0,3
rb1805,20170731,20170728,211056000,3346.0,4838,108860,161421080.0,3347.0,9,3346.0,4
rb1805,20170731,20170728,211056500,3347.0,4856,108862,162023540.0,3348.0,6,3347.0,1
rb1805,20170731,20170728,211057000,3347.0,4858,108862,162090480.0,3347.0,1,3346.0,3
rb1805,20170731,20170728,211057500,3347.0,4860,108860,162157420.0,3348.0,6,3347.0,1
rb1805,20170731,20170728,211058000,3347.0,4860,108860,162157420.0,3348.0,6,3347.0,2
rb1805,20170731,20170728,211058500,3347.0,4864,108862,162291300.0,3348.0,6,3346.0,3
rb1805,20170731,20170728,211059000,3347.0,4864,108862,162291300.0,3348.0,6,3346.0,3
rb1805,20170731,20170728,211100000,3347.0,4864,108862,162291300.0,3348.0,7,3346.0,3
rb1805,20170731,20170728,211100500,3346.0,4870,108862,162492060.0,3346.0,2,3345.0,11
rb1805,20170731,20170728,211101000,3346.0,4874,108862,162625900.0,3347.0,5,3346.0,8
rb1805,20170731,20170728,211101500,3346.0,4876,108864,162692820.0,3348.0,8,3346.0,2
rb1805,20170731,20170728,211102000,3349.0,4902,108868,163563300.0,3349.0,2,3346.0,1
rb1805,20170731,20170728,211102500,3349.0,4902,108868,163563300.0,3348.0,2,3346.0,3
rb1805,20170731,20170728,211103000,3349.0,4902,108868,163563300.0,3348.0,3,3346.0,3
rb1805,20170731,20170728,211103500,3349.0,4902,108868,163563300.0,3348.0,3,3346.0,5
rb1805,20170731,20170728,211104000,3349.0,4902,108868,163563300.0,3347.0,5,3346.0,5
rb1805,20170731,20170728,211104500,3349.0,4902,108868,163563300.0,3348.0,3,3347.0,4
rb1805,20170731,20170728,211105000,3349.0,4902,108868,163563300.0,3348.0,6,3346.0,9
rb1805,20170731,20170728,211105500,3349.0,4902,108868,163563300.0,3348.0,6,3346.0,7
rb1805,20170731,20170728,211106000,3346.0,4906,108864,163697140.0,3348.0,3,3346.0,9
rb1805,20170731,20170728,211106500,3346.0,4906,108864,163697140.0,3348.0,3,3347.0,6
rb1805,20170731,20170728,211107000,3346.0,4906,108864,163697140.0,3348.0,3,3347.0,2
rb1805,20170731,20170728,211107500,3348.0,4908,108864,163764100.0,3348.0,2,3347.0,2
rb1805,20170731,20170728,211108000,3348.0,4910,108864,163831060.0,3348.0,1,3347.0,6
rb1805,20170731,20170728,211108500,3348.0,4916,108864,164031940.0,3349.0,5,3347.0,6
rb1805,20170731,20170728,211109000,3347.0,4918,108866,164098880.0,3348.0,3,3347.0,6
rb1805,20170731,20170728,211109500,3347.0,4918,108866,164098880.0,3349.0,3,3347.0,6
rb1805,20170731,20170728,211110000,3347.0,4918,108866,164098880.0,3350.0,4,3348.0,3
rb1805,20170731,20170728,211110500,3347.0,4918,108866,164098880.0,3350.0,7,3348.0,3
rb1805,20170731,20170728,211111000,3347.0,4918,108866,164098880.0,3350.0,7,3348.0,3
rb1805,20170731,20170728,211111500,3347.0,4918,108866,164098880.0,3350.0,7,3348.0,7
rb1805,20170731,20170728,211112000,3348.0,4924,108866,164299760.0,3350.0,3,3348.0,7
rb1805,20170731,20170728,211112500,3348.0,4928,108866,164433720.0,3350.0,2,3348.0,6
rb1805,20170731,20170728,211113000,3348.0,4928,108866,164433720.0,3350.0,8,3348.0,6
rb1805,20170731,20170728,211113500,3348.0,4928,108866,164433720.0,3350.0,8,3348.0,2
rb1805,20170731,20170728,211114000,3348.0,4928,108866,164433720.0,3350.0,8,3348.0,2
rb1805,20170731,20170728,211114500,3348.0,4928,108866,164433720.0,3349.0,3,3348.0,2
rb1805,20170731,20170728,211115000,3349.0,4934,108866,164634660.0,3350.0,8,3348.0,2
rb1805,20170731,20170728,211116000,3350.0,4938,108866,164768660.0,3350.0,6,3348.0,2
rb1805,20170731,20170728,211116500,3348.0,4942,108866,164902580.0,3348.0,9,3347.0,16
rb1805,20170731,20170728,211117000,3348.0,4960,108854,165505220.0,3349.0,3,3347.0,13
rb1805,20170731,20170728,211117500,3348.0,4960,108854,165505220.0,3350.0,8,3347.0,13
rb1805,20170731,20170728,211118000,3348.0,4960,108854,165505220.0,3350.0,8,3348.0,1
rb1805,20170731,20170728,211118500,3348.0,4960,108854,165505220.0,3350.0,9,3348.0,1
rb1805,20170731,20170728,211119000,3348.0,4960,108854,165505220.0,3350.0,9,3348.0,1
rb1805,20170731,20170728,211119500,3348.0,4960,108854,165505220.0,3350.0,12,3348.0,1
rb1805,20170731,20170728,211120000,3348.0,4960,108854,165505220.0,3350.0,15,3348.0,1
rb1805,20170731,20170728,211120500,3348.0,4964,108858,165639140.0,3348.0,8,3347.0,16
rb1805,20170731,20170728,211121000,3348.0,4980,108874,166174820.0,3350.0,17,3348.0,3
rb1805,20170731,20170728,211121500,3348.0,4988,108874,166442680.0,3348.0,9,3347.0,12
rb1805,20170731,20170728,211122000,3348.0,4988,108874,166442680.0,3348.0,9,3347.0,12
rb1805,20170731,20170728,211122500,3348.0,4988,108874,166442680.0,3348.0,9,3347.0,12
rb1805,20170731,20170728,211123000,3348.0,4988,108874,166442680.0,3348.0,9,3347.0,12
rb1805,20170731,20170728,211123500,3348.0,4988,108874,166442680.0,3348.0,9,3347.0,12
rb1805,20170731,20170728,211124500,3348.0,4988,108874,166442680.0,3348.0,9,3347.0,12
rb1805,20170731,20170728,211125000,3348.0,4998,108874,166777480.0,3348.0,4,3347.0,12
rb1805,20170731,20170728,211125500,3348.0,4998,108874,166777480.0,3348.0,4,3347.0,12
rb1805,20170731,20170728,211126000,3348.0,5004,108874,166978360.0,3348.0,1,3347.0,12
rb1805,20170731,20170728,211126500,3348.0,5004,108874,166978360.0,3348.0,1,3347.0,12
rb1805,20170731,20170728,211127500,3348.0,5006,108874,167045320.0,3349.0,10,3347.0,12
rb1805,20170731,20170728,211128000,3348.0,5006,108874,167045320.0,3348.0,1,3347.0,11
rb1805,20170731,20170728,211128500,3348.0,5006,108874,167045320.0,3348.0,1,3347.0,11
rb1805,20170731,20170728,211129000,3348.0,5008,108874,167112280.0,3349.0,8,3348.0,2
rb1805,20170731,20170728,211129500,3348.0,5012,108872,167246200.0,3348.0,3,3347.0,15
rb1805,20170731,20170728,211130000,3348.0,5018,108878,167447080.0,3349.0,2,3348.0,3
rb1805,20170731,20170728,211130500,3349.0,5022,108878,167581000.0,3349.0,4,3347.0,10
rb1805,20170731,20170728,211131000,3349.0,5030,108876,167848920.0,3350.0,16,3347.0,10
rb1805,20170731,20170728,211131500,3350.0,5060,108888,168853920.0,3350.0,5,3347.0,15
rb1805,20170731,20170728,211132000,3350.0,5060,108888,168853920.0,3350.0,5,3347.0,15
rb1805,20170731,20170728,211132500,3350.0,5060,108888,168853920.0,3350.0,5,3349.0,9
rb1805,20170731,20170728,211133000,3349.0,5064,108884,168987880.0,3350.0,7,3349.0,10
rb1805,20170731,20170728,211133500,3350.0,5066,108884,169054880.0,3350.0,6,3349.0,10
rb1805,20170731,20170728,211134000,3350.0,5066,108884,169054880.0,3350.0,6,3349.0,10
rb1805,20170731,20170728,211134500,3350.0,5066,108884,169054880.0,3350.0,6,3349.0,15
rb1805,20170731,20170728,211135000,3350.0,5066,108884,169054880.0,3351.0,16,3349.0,18
rb1805,20170731,20170728,211135500,3350.0,5066,108884,169054880.0,3351.0,19,3350.0,1
rb1805,20170731,20170728,211136000,3350.0,5066,108884,169054880.0,3351.0,21,3350.0,1
rb1805,20170731,20170728,211137000,3350.0,5068,108884,169121880.0,3350.0,1,3349.0,15
rb1805,20170731,20170728,211137500,3350.0,5068,108884,169121880.0,3350.0,1,3349.0,18
rb1805,20170731,20170728,211138500,3350.0,5070,108884,169188880.0,3351.0,21,3349.0,18
rb1805,20170731,20170728,211139000,3349.0,5080,108874,169523780.0,3351.0,18,3349.0,13
rb1805,20170731,20170728,211139500,3349.0,5086,108872,169724760.0,3350.0,4,3349.0,4
rb1805,20170731,20170728,211140000,3350.0,5088,108872,169791760.0,3350.0,6,3349.0,4
rb1805,20170731,20170728,211140500,3350.0,5088,108872,169791760.0,3350.0,6,3349.0,4
rb1805,20170731,20170728,211141000,3350.0,5088,108872,169791760.0,3350.0,7,3349.0,9
rb1805,20170731,20170728,211141500,3350.0,5088,108872,169791760.0,3350.0,4,3349.0,12
rb1805,20170731,20170728,211142000,3350.0,5088,108872,169791760.0,3350.0,1,3349.0,12
rb1805,20170731,20170728,211142500,3350.0,5088,108872,169791760.0,3350.0,2,3349.0,7
rb1805,20170731,20170728,211143500,3350.0,5090,108870,169858760.0,3350.0,1,3349.0,7
rb1805,20170731,20170728,211144000,3350.0,5090,108870,169858760.0,3350.0,1,3349.0,7
rb1805,20170731,20170728,211144500,3350.0,5090,108870,169858760.0,3350.0,1,3349.0,7
rb1805,20170731,20170728,211145500,3349.0,5092,108870,169925740.0,3350.0,2,3349.0,6
rb1805,20170731,20170728,211146000,3349.0,5092,108870,169925740.0,3350.0,2,3349.0,3
rb1805,20170731,20170728,211146500,3349.0,5092,108870,169925740.0,3350.0,9,3349.0,3
rb1805,20170731,20170728,211147000,3349.0,5092,108870,169925740.0,3350.0,9,3349.0,3
rb1805,20170731,20170728,211147500,3349.0,5092,108870,169925740.0,3350.0,8,3349.0,3
rb1805,20170731,20170728,211148000,3349.0,5092,108870,169925740.0,3350.0,8,3349.0,3
rb1805,20170731,20170728,211148500,3349.0,5094,108868,169992720.0,3350.0,8,3349.0,2
rb1805,20170731,20170728,211149000,3349.0,5094,108868,169992720.0,3350.0,8,3349.0,7
rb1805,20170731,20170728,211149500,3349.0,5094,108868,169992720.0,3350.0,5,3349.0,10
rb1805,20170731,20170728,211150000,3349.0,5094,108868,169992720.0,3350.0,5,3349.0,10
rb1805,20170731,20170728,211150500,3350.0,5102,108868,170260720.0,3351.0,23,3349.0,10
rb1805,20170731,20170728,211151000,3350.0,5102,108868,170260720.0,3351.0,18,3349.0,10
rb1805,20170731,20170728,211151500,3350.0,5102,108868,170260720.0,3351.0,18,3350.0,1
rb1805,20170731,20170728,211152000,3350.0,5102,108868,170260720.0,3351.0,21,3350.0,1
rb1805,20170731,20170728,211152500,3350.0,5104,108868,170327720.0,3350.0,2,3349.0,10
rb1805,20170731,20170728,211153000,3350.0,5120,108868,170863720.0,3351.0,21,3350.0,1
rb1805,20170731,20170728,211153500,3351.0,5122,108870,170930740.0,3351.0,20,3350.0,1
rb1805,20170731,20170728,211154000,3351.0,5122,108870,170930740.0,3351.0,17,3350.0,1
rb1805,20170731,20170728,211155000,3351.0,5122,108870,170930740.0,3351.0,14,3350.0,2
rb1805,20170731,20170728,211156000,3350.0,5138,108864,171466740.0,3350.0,2,3349.0,10
rb1805,20170731,20170728,211156500,3350.0,5142,108864,171600740.0,3350.0,1,3349.0,10
rb1805,20170731,20170728,211157000,3350.0,5144,108864,171667740.0,3350.0,1,3349.0,10
rb1805,20170731,20170728,211157500,3350.0,5146,108864,171734740.0,3351.0,14,3350.0,1
rb1805,20170731,20170728,211158000,3351.0,5150,108864,171868780.0,3351.0,12,3349.0,11
rb1805,20170731,20170728,211158500,3351.0,5150,108864,171868780.0,3351.0,12,3350.0,2
rb1805,20170731,20170728,211159000,3351.0,5154,108864,172002820.0,3351.0,10,3350.0,4
rb1805,20170731,20170728,211159500,3351.0,5166,108864,172404940.0,3351.0,4,3350.0,4
rb1805,20170731,20170728,211200000,3351.0,5170,108868,172538980.0,3351.0,2,3350.0,4
rb1805,20170731,20170728,211200500,3351.0,5174,108872,172673020.0,3352.0,27,3350.0,4
rb1805,20170731,20170728,211201000,3350.0,5186,108872,173075020.0,3350.0,4,3349.0,11
rb1805,20170731,20170728,211201500,3351.0,5198,108874,173477060.0,3352.0,27,3350.0,2
rb1805,20170731,20170728,211202000,3350.0,5200,108874,173544060.0,3352.0,28,3351.0,2
rb1805,20170731,20170728,211202500,3351.0,5212,108874,173946180.0,3351.0,4,3350.0,5
rb1805,20170731,20170728,211203000,3351.0,5212,108874,173946180.0,3351.0,4,3350.0,5
rb1805,20170731,20170728,211203500,3351.0,5216,108874,174080220.0,3351.0,2,3350.0,5
rb1805,20170731,20170728,211204000,3350.0,5226,108880,174415220.0,3351.0,7,3349.0,11
rb1805,20170731,20170728,211204500,3350.0,5226,108880,174415220.0,3351.0,13,3350.0,4
rb1805,20170731,20170728,211205000,3350.0,5230,108884,174549220.0,3351.0,13,3350.0,4
rb1805,20170731,20170728,211205500,3349.0,5242,108884,174951180.0,3350.0,3,3349.0,2
rb1805,20170731,20170728,211206000,3349.0,5244,108886,175018160.0,3350.0,6,3349.0,1
rb1805,20170731,20170728,211206500,3350.0,5246,108886,175085160.0,3350.0,10,3349.0,1
rb1805,20170731,20170728,211207000,3350.0,5266,108892,175755160.0,3351.0,13,3350.0,12
rb1805,20170731,20170728,211207500,3350.0,5290,108898,176559160.0,3350.0,11,3349.0,1
rb1805,20170731,20170728,211208000,3350.0,5290,108898,176559160.0,3350.0,7,3349.0,1
rb1805,20170731,20170728,211208500,3349.0,5296,108896,176760140.0,3350.0,9,3348.0,10
rb1805,20170731,20170728,211209000,3349.0,5296,108896,176760140.0,3350.0,5,3348.0,18
rb1805,20170731,20170728,211209500,3349.0,5296,108896,176760140.0,3350.0,2,3348.0,20
rb1805,20170731,20170728,211210500,3349.0,5296,108896,176760140.0,3350.0,2,3349.0,2
rb1805,20170731,20170728,211211000,3349.0,5296,108896,176760140.0,3350.0,8,3349.0,3
rb1805,20170731,20170728,211211500,3349.0,5296,108896,176760140.0,3350.0,13,3349.0,3
rb1805,20170731,20170728,211212000,3349.0,5296,108896,176760140.0,3350.0,13,3349.0,3
