instrument,tradingday,calendarday,time,lastp,volume,openinterest,turnover,ask1,asksz1,bid1,bidsz1
rb1805,20171012,20171011,183103500,3376.0,0,604512,0.0,0.0,0,0.0,0
rb1805,20171012,20171011,205900500,3374.0,618,604554,20851320.0,3374.0,9,3373.0,7
rb1805,20171012,20171011,210000500,3373.0,1124,604720,37920760.0,3378.0,84,3373.0,6
rb1805,20171012,20171011,210001000,3373.0,1768,604958,59647240.0,3373.0,1,3372.0,34
rb1805,20171012,20171011,210001500,3372.0,2004,604920,67605080.0,3372.0,109,3371.0,153
rb1805,20171012,20171011,210002000,3371.0,2548,605138,85943520.0,3371.0,81,3370.0,438
rb1805,20171012,20171011,210002500,3373.0,3284,605468,110752540.0,3373.0,56,3370.0,211
rb1805,20171012,20171011,210003000,3370.0,3834,605602,129288920.0,3370.0,22,3369.0,79
rb1805,20171012,20171011,210003500,3369.0,4472,605538,150793060.0,3371.0,1,3369.0,15
rb1805,20171012,20171011,210004000,3371.0,4840,605404,163199480.0,3371.0,6,3370.0,21
rb1805,20171012,20171011,210004500,3370.0,4910,605384,165558880.0,3372.0,14,3370.0,11
rb1805,20171012,20171011,210005000,3370.0,5028,605468,169536680.0,3372.0,13,3370.0,34
rb1805,20171012,20171011,210005500,3371.0,5244,605546,176817480.0,3373.0,46,3371.0,11
rb1805,20171012,20171011,210006000,3370.0,5324,605588,179514280.0,3371.0,2,3370.0,25
rb1805,20171012,20171011,210006500,3372.0,5452,605588,183829720.0,3373.0,46,3372.0,12
rb1805,20171012,20171011,210007000,3373.0,5640,605550,190171180.0,3374.0,18,3373.0,58
rb1805,20171012,20171011,210007500,3375.0,5804,605502,195706280.0,3377.0,35,3374.0,219
rb1805,20171012,20171011,210008000,3377.0,5918,605558,199553540.0,3377.0,32,3374.0,230
rb1805,20171012,20171011,210008500,3377.0,5972,605546,201376500.0,3377.0,46,3375.0,8
rb1805,20171012,20171011,210009000,3377.0,6096,605554,205563380.0,3377.0,9,3375.0,27
rb1805,20171012,20171011,210009500,3375.0,6180,605526,208399620.0,3377.0,3,3375.0,31
rb1805,20171012,20171011,210010000,3377.0,6420,605488,216503740.0,3378.0,64,3375.0,23
rb1805,20171012,20171011,210010500,3375.0,6692,605508,225688960.0,3377.0,27,3375.0,17
rb1805,20171012,20171011,210011000,3377.0,6768,605536,228254660.0,3377.0,36,3375.0,4
rb1805,20171012,20171011,210011500,3375.0,6790,605546,228997300.0,3375.0,12,3374.0,244
rb1805,20171012,20171011,210012000,3375.0,6842,605576,230752240.0,3376.0,2,3375.0,26
rb1805,20171012,20171011,210012500,3379.0,7078,605490,238721020.0,3379.0,87,3376.0,1
rb1805,20171012,20171011,210013000,3375.0,7230,605524,243852500.0,3375.0,2,3374.0,215
rb1805,20171012,20171011,210013500,3379.0,7452,605456,251348200.0,3378.0,5,3377.0,3
rb1805,20171012,20171011,210014000,3378.0,7594,605482,256144280.0,3379.0,88,3378.0,9
rb1805,20171012,20171011,210014500,3377.0,7796,605622,262963080.0,3376.0,1,3375.0,5
rb1805,20171012,20171011,210015000,3376.0,7818,605620,263705840.0,3377.0,10,3376.0,8
rb1805,20171012,20171011,210015500,3376.0,7856,605606,264988840.0,3376.0,4,3375.0,14
rb1805,20171012,20171011,210016000,3376.0,7888,605616,266068960.0,3376.0,5,3375.0,52
rb1805,20171012,20171011,210016500,3376.0,7952,605626,268229020.0,3376.0,5,3375.0,24
rb1805,20171012,20171011,210017000,3378.0,8062,605574,271942920.0,3378.0,63,3376.0,2
rb1805,20171012,20171011,210017500,3376.0,8114,605580,273698520.0,3376.0,12,3375.0,29
rb1805,20171012,20171011,210018000,3376.0,8130,605582,274238600.0,3376.0,11,3375.0,12
rb1805,20171012,20171011,210018500,3376.0,8196,605554,276466500.0,3377.0,13,3376.0,3
rb1805,20171012,20171011,210019000,3376.0,8234,605546,277749720.0,3377.0,15,3376.0,4
rb1805,20171012,20171011,210019500,3375.0,8254,605542,278424900.0,3377.0,16,3375.0,16
rb1805,20171012,20171011,210020000,3376.0,8278,605530,279235180.0,3377.0,15,3376.0,13
rb1805,20171012,20171011,210020500,3376.0,8468,605582,285650740.0,3376.0,23,3375.0,40
rb1805,20171012,20171011,210021000,3376.0,8478,605586,285988300.0,3376.0,24,3375.0,40
rb1805,20171012,20171011,210021500,3376.0,8556,605608,288621560.0,3377.0,12,3376.0,13
rb1805,20171012,20171011,210022000,3376.0,8680,605632,292808060.0,3376.0,41,3375.0,54
rb1805,20171012,20171011,210022500,3376.0,8802,605730,296926920.0,3378.0,68,3376.0,116
rb1805,20171012,20171011,210023000,3377.0,8808,605730,297129540.0,3378.0,82,3377.0,1
rb1805,20171012,20171011,210023500,3378.0,8832,605728,297940060.0,3378.0,76,3376.0,97
rb1805,20171012,20171011,210024000,3377.0,8958,605724,302196320.0,3378.0,24,3377.0,4
rb1805,20171012,20171011,210024500,3378.0,8996,605744,303479780.0,3378.0,24,3376.0,101
rb1805,20171012,20171011,210025000,3379.0,9106,605768,307196180.0,3379.0,112,3378.0,46
rb1805,20171012,20171011,210025500,3378.0,9490,605612,320171540.0,3380.0,80,3379.0,3
rb1805,20171012,20171011,210026000,3378.0,9512,605600,320914760.0,3379.0,15,3378.0,62
rb1805,20171012,20171011,210026500,3378.0,9616,605600,324428800.0,3380.0,84,3379.0,4
rb1805,20171012,20171011,210027000,3379.0,9676,605620,326455760.0,3379.0,13,3378.0,50
rb1805,20171012,20171011,210027500,3379.0,9700,605644,327266700.0,3379.0,5,3378.0,59
rb1805,20171012,20171011,210028000,3379.0,9744,605646,328753460.0,3380.0,84,3379.0,17
rb1805,20171012,20171011,210028500,3380.0,9764,605662,329429440.0,3380.0,73,3379.0,38
rb1805,20171012,20171011,210029000,3380.0,9858,605716,332606480.0,3380.0,45,3379.0,38
rb1805,20171012,20171011,210029500,3380.0,10060,605822,339433020.0,3381.0,8,3380.0,48
rb1805,20171012,20171011,210030000,3381.0,10108,605826,341055700.0,3382.0,27,3381.0,10
rb1805,20171012,20171011,210030500,3381.0,10168,605852,343084800.0,3382.0,2,3381.0,16
rb1805,20171012,20171011,210031000,3381.0,10270,605802,346534200.0,3383.0,19,3382.0,1
rb1805,20171012,20171011,210031500,3381.0,10292,605800,347278060.0,3382.0,3,3381.0,12
rb1805,20171012,20171011,210032000,3383.0,10314,605780,348022180.0,3383.0,26,3382.0,14
rb1805,20171012,20171011,210032500,3382.0,10414,605738,351404120.0,3382.0,52,3381.0,16
rb1805,20171012,20171011,210033000,3382.0,10488,605744,353906720.0,3382.0,44,3381.0,24
rb1805,20171012,20171011,210033500,3382.0,10592,605734,357423940.0,3383.0,58,3382.0,1
rb1805,20171012,20171011,210034000,3382.0,10702,605658,361145080.0,3383.0,13,3382.0,18
rb1805,20171012,20171011,210034500,3382.0,10776,605690,363647860.0,3383.0,8,3381.0,19
rb1805,20171012,20171011,210035000,3383.0,10806,605684,364662600.0,3384.0,81,3383.0,140
rb1805,20171012,20171011,210035500,3383.0,10962,605776,369940100.0,3384.0,85,3383.0,63
rb1805,20171012,20171011,210036000,3383.0,11172,605866,377044020.0,3383.0,8,3382.0,19
rb1805,20171012,20171011,210036500,3384.0,11222,605854,378735560.0,3384.0,109,3383.0,71
rb1805,20171012,20171011,210037000,3383.0,11428,605836,385704480.0,3383.0,2,3382.0,16
rb1805,20171012,20171011,210037500,3382.0,11562,605904,390238480.0,3383.0,1,3382.0,13
rb1805,20171012,20171011,210038000,3383.0,11736,606026,396122120.0,3383.0,9,3382.0,35
rb1805,20171012,20171011,210038500,3382.0,11842,606100,399707080.0,3382.0,8,3381.0,2
rb1805,20171012,20171011,210039000,3382.0,11874,606122,400789380.0,3383.0,21,3382.0,9
rb1805,20171012,20171011,210039500,3383.0,11968,606150,403968160.0,3383.0,39,3382.0,3
rb1805,20171012,20171011,210040000,3383.0,12020,606144,405727080.0,3383.0,26,3380.0,52
rb1805,20171012,20171011,210040500,3380.0,12056,606150,406944520.0,3383.0,42,3380.0,49
rb1805,20171012,20171011,210041000,3383.0,12074,606156,407553120.0,3383.0,36,3381.0,1
rb1805,20171012,20171011,210041500,3381.0,12110,606154,408770620.0,3382.0,18,3380.0,52
rb1805,20171012,20171011,210042000,3382.0,12228,606216,412759740.0,3382.0,17,3380.0,27
rb1805,20171012,20171011,210042500,3382.0,12234,606216,412962640.0,3382.0,30,3380.0,34
rb1805,20171012,20171011,210043000,3382.0,12294,606220,414991840.0,3382.0,2,3381.0,2
rb1805,20171012,20171011,210043500,3381.0,12300,606222,415194700.0,3382.0,5,3381.0,1
rb1805,20171012,20171011,210044000,3382.0,12338,606220,416479800.0,3382.0,5,3381.0,30
rb1805,20171012,20171011,210044500,3382.0,12354,606228,417020880.0,3383.0,47,3382.0,2
rb1805,20171012,20171011,210045000,3382.0,12458,606300,420536200.0,3382.0,33,3380.0,1
rb1805,20171012,20171011,210045500,3382.0,12534,606320,423106440.0,3383.0,51,3382.0,2
rb1805,20171012,20171011,210046000,3382.0,12638,606372,426624620.0,3384.0,68,3382.0,32
rb1805,20171012,20171011,210046500,3382.0,12682,606358,428112700.0,3384.0,68,3383.0,5
rb1805,20171012,20171011,210047000,3383.0,12696,606352,428586300.0,3384.0,69,3382.0,158
rb1805,20171012,20171011,210047500,3382.0,12706,606354,428924540.0,3384.0,48,3383.0,1
rb1805,20171012,20171011,210048000,3383.0,12818,606430,432714460.0,3383.0,11,3382.0,171
rb1805,20171012,20171011,210048500,3383.0,12862,606452,434203000.0,3384.0,18,3383.0,47
rb1805,20171012,20171011,210049000,3383.0,12908,606440,435759180.0,3384.0,24,3383.0,2
rb1805,20171012,20171011,210049500,3383.0,12914,606438,435962160.0,3384.0,47,3383.0,10
rb1805,20171012,20171011,210050000,3382.0,12964,606400,437653620.0,3383.0,4,3382.0,187
rb1805,20171012,20171011,210050500,3383.0,12980,606414,438194760.0,3383.0,29,3382.0,152
rb1805,20171012,20171011,210051000,3383.0,12982,606416,438262420.0,3383.0,28,3382.0,152
rb1805,20171012,20171011,210051500,3383.0,13002,606414,438939000.0,3383.0,19,3382.0,155
rb1805,20171012,20171011,210052000,3383.0,13066,606424,441104120.0,3384.0,73,3383.0,134
rb1805,20171012,20171011,210052500,3384.0,13248,606446,447263000.0,3385.0,78,3384.0,17
rb1805,20171012,20171011,210053000,3383.0,13262,606448,447736740.0,3385.0,77,3383.0,150
rb1805,20171012,20171011,210053500,3385.0,13342,606508,450443420.0,3385.0,73,3383.0,132
rb1805,20171012,20171011,210054000,3384.0,13392,606512,452135700.0,3385.0,60,3384.0,1
rb1805,20171012,20171011,210054500,3384.0,13518,606498,456399620.0,3384.0,5,3383.0,110
rb1805,20171012,20171011,210055000,3384.0,13560,606518,457820640.0,3384.0,14,3383.0,109
rb1805,20171012,20171011,210055500,3384.0,13612,606498,459580260.0,3384.0,7,3383.0,107
rb1805,20171012,20171011,210056000,3384.0,13628,606484,460121700.0,3385.0,77,3384.0,20
rb1805,20171012,20171011,210056500,3384.0,13688,606454,462152140.0,3385.0,78,3384.0,3
rb1805,20171012,20171011,210057000,3384.0,13716,606446,463099700.0,3385.0,77,3384.0,15
rb1805,20171012,20171011,210057500,3384.0,13724,606440,463370420.0,3385.0,77,3384.0,147
rb1805,20171012,20171011,210058000,3384.0,13782,606458,465333260.0,3385.0,77,3384.0,126
rb1805,20171012,20171011,210058500,3385.0,13854,606518,467769840.0,3385.0,75,3384.0,97
rb1805,20171012,20171011,210059000,3385.0,13922,606492,470071600.0,3385.0,56,3384.0,125
rb1805,20171012,20171011,210059500,3385.0,13942,606492,470748560.0,3385.0,49,3384.0,123
rb1805,20171012,20171011,210100000,3384.0,13980,606502,472034780.0,3385.0,36,3384.0,120
rb1805,20171012,20171011,210100500,3385.0,14180,606386,478805900.0,3386.0,12,3385.0,30
rb1805,20171012,20171011,210101000,3385.0,14396,606368,486118340.0,3385.0,9,3384.0,71
rb1805,20171012,20171011,210101500,3385.0,14494,606340,489437260.0,3388.0,70,3386.0,1
rb1805,20171012,20171011,210102000,3386.0,14528,606324,490588420.0,3386.0,11,3385.0,80
rb1805,20171012,20171011,210102500,3386.0,15358,605868,518700540.0,3388.0,1,3386.0,5
rb1805,20171012,20171011,210103000,3385.0,15404,605848,520257920.0,3386.0,11,3385.0,19
rb1805,20171012,20171011,210103500,3385.0,15488,605824,523101600.0,3385.0,1,3384.0,79
rb1805,20171012,20171011,210104000,3386.0,15540,605822,524862240.0,3386.0,24,3385.0,23
rb1805,20171012,20171011,210104500,3385.0,15548,605822,525133060.0,3386.0,28,3385.0,21
rb1805,20171012,20171011,210105000,3385.0,15564,605830,525674740.0,3386.0,35,3385.0,39
rb1805,20171012,20171011,210105500,3386.0,15576,605840,526081020.0,3386.0,31,3385.0,42
rb1805,20171012,20171011,210106000,3385.0,15644,605810,528383460.0,3386.0,15,3385.0,49
rb1805,20171012,20171011,210106500,3385.0,15908,605978,537318360.0,3385.0,41,3384.0,4
rb1805,20171012,20171011,210107000,3385.0,15932,605970,538130560.0,3385.0,50,3383.0,92
rb1805,20171012,20171011,210107500,3385.0,15952,605960,538807560.0,3385.0,44,3384.0,1
rb1805,20171012,20171011,210108000,3385.0,15972,605956,539484540.0,3385.0,37,3384.0,1
rb1805,20171012,20171011,210108500,3385.0,15976,605958,539619920.0,3385.0,36,3384.0,1
rb1805,20171012,20171011,210109000,3384.0,15984,605956,539890620.0,3384.0,11,3383.0,82
rb1805,20171012,20171011,210109500,3383.0,16004,605944,540567380.0,3384.0,45,3383.0,80
rb1805,20171012,20171011,210110000,3383.0,16012,605944,540838020.0,3384.0,70,3383.0,84
rb1805,20171012,20171011,210110500,3383.0,16054,605962,542258940.0,3384.0,72,3383.0,68
rb1805,20171012,20171011,210111000,3385.0,16230,605956,548214700.0,3385.0,44,3384.0,118
rb1805,20171012,20171011,210111500,3385.0,16266,605956,549433220.0,3385.0,31,3384.0,123
rb1805,20171012,20171011,210112000,3385.0,16280,605956,549907060.0,3385.0,25,3384.0,120
rb1805,20171012,20171011,210112500,3384.0,16314,605932,551057620.0,3385.0,90,3384.0,105
rb1805,20171012,20171011,210113000,3384.0,16534,605872,558502440.0,3384.0,1,3383.0,113
rb1805,20171012,20171011,210113500,3384.0,16596,605872,560600520.0,3384.0,34,3383.0,113
rb1805,20171012,20171011,210114000,3384.0,16612,605888,561141860.0,3384.0,37,3383.0,108
rb1805,20171012,20171011,210114500,3383.0,16656,605930,562630400.0,3384.0,68,3383.0,87
rb1805,20171012,20171011,210115000,3383.0,16678,605942,563374680.0,3384.0,71,3383.0,78
rb1805,20171012,20171011,210115500,3383.0,16710,605952,564457320.0,3384.0,67,3383.0,67
rb1805,20171012,20171011,210116000,3383.0,16774,605950,566622520.0,3384.0,63,3383.0,50
rb1805,20171012,20171011,210116500,3384.0,16822,605910,568246400.0,3384.0,62,3383.0,28
rb1805,20171012,20171011,210117000,3383.0,16892,605932,570614500.0,3384.0,64,3383.0,3
rb1805,20171012,20171011,210117500,3383.0,16900,605932,570885160.0,3383.0,1,3382.0,295
rb1805,20171012,20171011,210118000,3383.0,16918,605932,571494100.0,3384.0,62,3382.0,300
rb1805,20171012,20171011,210118500,3383.0,16928,605940,571832400.0,3383.0,11,3382.0,599
rb1805,20171012,20171011,210119000,3384.0,16994,605938,574065100.0,3384.0,60,3383.0,1
rb1805,20171012,20171011,210119500,3383.0,17026,605952,575147560.0,3383.0,1,3382.0,585
rb1805,20171012,20171011,210120000,3384.0,17060,605970,576297800.0,3384.0,73,3383.0,21
rb1805,20171012,20171011,210120500,3382.0,17102,605932,577718640.0,3383.0,88,3382.0,592
rb1805,20171012,20171011,210121000,3382.0,17198,605936,580965820.0,3383.0,66,3382.0,568
rb1805,20171012,20171011,210121500,3383.0,17286,605968,583942860.0,3383.0,25,3382.0,568
rb1805,20171012,20171011,210122000,3383.0,17288,605966,584010520.0,3383.0,69,3382.0,560
rb1805,20171012,20171011,210122500,3381.0,18510,606682,625337620.0,3381.0,103,3380.0,55
rb1805,20171012,20171011,210123000,3380.0,18640,606722,629731840.0,3381.0,92,3380.0,7
rb1805,20171012,20171011,210123500,3379.0,18678,606716,631016140.0,3380.0,1,3379.0,174
rb1805,20171012,20171011,210124000,3380.0,18746,606770,633314580.0,3381.0,90,3380.0,14
rb1805,20171012,20171011,210124500,3380.0,18756,606778,633652660.0,3381.0,88,3380.0,48
rb1805,20171012,20171011,210125000,3380.0,18768,606778,634058320.0,3381.0,85,3380.0,60
rb1805,20171012,20171011,210125500,3381.0,18828,606838,636086920.0,3381.0,56,3380.0,68
rb1805,20171012,20171011,210126000,3381.0,18968,606858,640820320.0,3382.0,30,3381.0,29
rb1805,20171012,20171011,210126500,3381.0,18980,606870,641226040.0,3382.0,30,3381.0,15
rb1805,20171012,20171011,210127000,3383.0,19054,606874,643728660.0,3383.0,52,3382.0,20
rb1805,20171012,20171011,210127500,3382.0,19098,606912,645216740.0,3383.0,64,3382.0,4
rb1805,20171012,20171011,210128000,3382.0,19110,606918,645622540.0,3382.0,2,3381.0,60
rb1805,20171012,20171011,210128500,3382.0,19132,606916,646366580.0,3383.0,64,3382.0,2
rb1805,20171012,20171011,210129000,3381.0,19174,606930,647786700.0,3382.0,2,3381.0,46
rb1805,20171012,20171011,210129500,3381.0,19218,606890,649274460.0,3383.0,68,3381.0,31
rb1805,20171012,20171011,210130000,3383.0,19224,606892,649477400.0,3383.0,68,3381.0,47
rb1805,20171012,20171011,210130500,3381.0,19242,606890,650085980.0,3382.0,1,3381.0,38
rb1805,20171012,20171011,210131000,3381.0,19250,606892,650356520.0,3383.0,72,3381.0,63
rb1805,20171012,20171011,210131500,3381.0,19260,606884,650694620.0,3383.0,73,3381.0,53
rb1805,20171012,20171011,210132000,3381.0,19264,606880,650829860.0,3383.0,73,3381.0,52
rb1805,20171012,20171011,210132500,3382.0,19462,606816,657527660.0,3384.0,75,3383.0,6
rb1805,20171012,20171011,210133000,3382.0,19478,606808,658068900.0,3383.0,10,3382.0,43
rb1805,20171012,20171011,210133500,3382.0,19554,606814,660639220.0,3383.0,21,3382.0,5
rb1805,20171012,20171011,210134000,3382.0,19578,606828,661450900.0,3383.0,27,3381.0,79
rb1805,20171012,20171011,210134500,3382.0,19578,606828,661450900.0,3383.0,28,3382.0,10
rb1805,20171012,20171011,210135000,3382.0,19584,606828,661653820.0,3383.0,24,3382.0,13
rb1805,20171012,20171011,210135500,3383.0,19614,606848,662668720.0,3383.0,10,3382.0,44
rb1805,20171012,20171011,210136000,3382.0,19624,606850,663006960.0,3383.0,8,3382.0,57
rb1805,20171012,20171011,210136500,3382.0,19652,606838,663954100.0,3384.0,64,3383.0,2
rb1805,20171012,20171011,210137000,3383.0,19658,606844,664157080.0,3383.0,3,3382.0,53
rb1805,20171012,20171011,210137500,3383.0,19658,606844,664157080.0,3383.0,44,3382.0,53
rb1805,20171012,20171011,210138000,3382.0,19660,606846,664224720.0,3383.0,46,3382.0,50
rb1805,20171012,20171011,210138500,3382.0,19672,606858,664630560.0,3383.0,46,3382.0,45
rb1805,20171012,20171011,210139000,3382.0,19674,606860,664698200.0,3383.0,46,3382.0,44
rb1805,20171012,20171011,210139500,3383.0,19746,606842,667133960.0,3383.0,10,3382.0,44
rb1805,20171012,20171011,210140000,3383.0,19768,606838,667878200.0,3384.0,57,3383.0,14
rb1805,20171012,20171011,210140500,3383.0,19796,606810,668825440.0,3383.0,29,3382.0,49
rb1805,20171012,20171011,210141000,3383.0,19796,606810,668825440.0,3383.0,53,3382.0,49
rb1805,20171012,20171011,210141500,3382.0,19800,606814,668960720.0,3383.0,53,3382.0,47
rb1805,20171012,20171011,210142000,3383.0,19804,606818,669096040.0,3383.0,56,3382.0,39
rb1805,20171012,20171011,210142500,3383.0,19808,606822,669231360.0,3383.0,62,3382.0,39
rb1805,20171012,20171011,210143000,3382.0,19830,606824,669975540.0,3383.0,57,3382.0,35
rb1805,20171012,20171011,210143500,3382.0,19830,606824,669975540.0,3383.0,57,3382.0,35
rb1805,20171012,20171011,210144000,3382.0,19854,606820,670787220.0,3383.0,57,3382.0,133
rb1805,20171012,20171011,210144500,3383.0,19876,606832,671531440.0,3383.0,56,3382.0,131
rb1805,20171012,20171011,210145000,3382.0,19900,606844,672343220.0,3383.0,53,3382.0,134
rb1805,20171012,20171011,210145500,3383.0,20112,606980,679513080.0,3383.0,52,3382.0,29
rb1805,20171012,20171011,210146000,3382.0,20176,607028,681677560.0,3382.0,53,3381.0,55
rb1805,20171012,20171011,210146500,3382.0,20176,607028,681677560.0,3382.0,507,3381.0,50
rb1805,20171012,20171011,210147000,3381.0,20288,607020,685464260.0,3381.0,188,3380.0,101
rb1805,20171012,20171011,210147500,3381.0,20288,607020,685464260.0,3381.0,88,3380.0,101
rb1805,20171012,20171011,210148000,3381.0,20296,607018,685734720.0,3381.0,35,3380.0,99
rb1805,20171012,20171011,210148500,3381.0,20298,607016,685802340.0,3381.0,46,3380.0,99
rb1805,20171012,20171011,210149000,3381.0,20298,607016,685802340.0,3381.0,47,3380.0,99
rb1805,20171012,20171011,210149500,3381.0,20300,607014,685869960.0,3381.0,55,3380.0,102
rb1805,20171012,20171011,210150000,3381.0,20324,607010,686681400.0,3381.0,43,3380.0,103
rb1805,20171012,20171011,210150500,3381.0,20326,607010,686749020.0,3381.0,43,3380.0,108
rb1805,20171012,20171011,210151000,3381.0,20414,606926,689724280.0,3382.0,517,3381.0,7
rb1805,20171012,20171011,210151500,3380.0,20646,607046,697566040.0,3380.0,392,3379.0,200
rb1805,20171012,20171011,210152000,3380.0,20654,607052,697836440.0,3380.0,388,3379.0,200
rb1805,20171012,20171011,210152500,3380.0,20750,607084,701081100.0,3380.0,358,3379.0,193
rb1805,20171012,20171011,210153000,3380.0,20766,607094,701621780.0,3380.0,357,3379.0,187
rb1805,20171012,20171011,210153500,3380.0,20806,607106,702973680.0,3380.0,332,3379.0,182
rb1805,20171012,20171011,210154000,3379.0,20848,607128,704392880.0,3380.0,331,3379.0,162
rb1805,20171012,20171011,210154500,3380.0,21026,607220,710407560.0,3380.0,329,3379.0,76
rb1805,20171012,20171011,210155000,3379.0,21188,607302,715881540.0,3379.0,24,3378.0,144
rb1805,20171012,20171011,210155500,3379.0,21192,607306,716016680.0,3379.0,23,3378.0,166
rb1805,20171012,20171011,210156000,3378.0,21266,607326,718516720.0,3379.0,14,3378.0,135
rb1805,20171012,20171011,210156500,3378.0,21288,607330,719260040.0,3379.0,10,3378.0,143
rb1805,20171012,20171011,210157000,3379.0,21310,607342,720003420.0,3380.0,341,3379.0,1
rb1805,20171012,20171011,210157500,3379.0,21318,607338,720273740.0,3380.0,341,3379.0,11
rb1805,20171012,20171011,210158000,3379.0,21368,607340,721963520.0,3380.0,327,3379.0,11
rb1805,20171012,20171011,210158500,3379.0,21382,607342,722436600.0,3380.0,326,3379.0,58
rb1805,20171012,20171011,210159000,3380.0,21650,607492,731494920.0,3380.0,198,3379.0,54
rb1805,20171012,20171011,210159500,3380.0,22122,607864,747448940.0,3382.0,22,3380.0,57
rb1805,20171012,20171011,210200000,3380.0,22186,607864,749612180.0,3381.0,5,3380.0,51
rb1805,20171012,20171011,210200500,3381.0,22392,608010,756574040.0,3381.0,18,3379.0,18
rb1805,20171012,20171011,210201000,3380.0,22432,608010,757925900.0,3380.0,1,3379.0,10
rb1805,20171012,20171011,210201500,3380.0,22436,608008,758061080.0,3380.0,6,3379.0,16
rb1805,20171012,20171011,210202000,3380.0,22442,608002,758263880.0,3380.0,3,3379.0,15
rb1805,20171012,20171011,210202500,3380.0,22446,608000,758399080.0,3381.0,59,3379.0,27
rb1805,20171012,20171011,210203000,3379.0,22456,607994,758736980.0,3381.0,59,3379.0,23
rb1805,20171012,20171011,210203500,3380.0,22458,607996,758804580.0,3381.0,60,3380.0,2
rb1805,20171012,20171011,210204000,3380.0,22468,607996,759142580.0,3381.0,60,3380.0,96
rb1805,20171012,20171011,210204500,3380.0,22474,607994,759345380.0,3381.0,15,3380.0,96
rb1805,20171012,20171011,210205000,3381.0,22672,607830,766037800.0,3381.0,59,3379.0,41
rb1805,20171012,20171011,210205500,3381.0,22686,607842,766511140.0,3380.0,18,3379.0,36
rb1805,20171012,20171011,210206000,3380.0,22712,607842,767389740.0,3380.0,22,3379.0,31
rb1805,20171012,20171011,210206500,3380.0,22716,607842,767524940.0,3380.0,36,3379.0,33
rb1805,20171012,20171011,210207000,3380.0,22756,607882,768876940.0,3380.0,17,3379.0,33
rb1805,20171012,20171011,210207500,3380.0,22794,607872,770161340.0,3381.0,57,3380.0,40
rb1805,20171012,20171011,210208000,3380.0,22888,607898,773338540.0,3380.0,16,3379.0,41
rb1805,20171012,20171011,210208500,3380.0,22932,607940,774825740.0,3381.0,57,3380.0,133
rb1805,20171012,20171011,210209000,3380.0,22934,607942,774893340.0,3381.0,16,3380.0,142
rb1805,20171012,20171011,210209500,3380.0,22934,607942,774893340.0,3381.0,12,3380.0,154
rb1805,20171012,20171011,210210000,3381.0,22970,607940,776110500.0,3382.0,78,3381.0,62
rb1805,20171012,20171011,210210500,3382.0,23008,607944,777395600.0,3382.0,62,3381.0,31
rb1805,20171012,20171011,210211000,3381.0,23024,607960,777936600.0,3382.0,60,3381.0,7
rb1805,20171012,20171011,210211500,3380.0,23044,607962,778612780.0,3381.0,43,3380.0,151
rb1805,20171012,20171011,210212000,3380.0,23050,607966,778815600.0,3381.0,6,3380.0,141
rb1805,20171012,20171011,210212500,3381.0,23056,607968,779018460.0,3381.0,10,3380.0,143
rb1805,20171012,20171011,210213000,3381.0,23060,607972,779153700.0,3381.0,95,3380.0,147
rb1805,20171012,20171011,210213500,3380.0,23066,607974,779356540.0,3381.0,96,3380.0,146
rb1805,20171012,20171011,210214000,3380.0,23296,608202,787130540.0,3381.0,102,3380.0,30
rb1805,20171012,20171011,210214500,3380.0,23374,608232,789766840.0,3380.0,15,3379.0,90
rb1805,20171012,20171011,210215000,3380.0,23402,608236,790713220.0,3380.0,15,3379.0,82
rb1805,20171012,20171011,210215500,3380.0,23412,608234,791051220.0,3380.0,19,3379.0,82
rb1805,20171012,20171011,210216000,3379.0,23490,608226,793686860.0,3380.0,24,3379.0,46
rb1805,20171012,20171011,210216500,3380.0,23502,608236,794092460.0,3380.0,61,3379.0,47
rb1805,20171012,20171011,210217000,3379.0,23506,608240,794227620.0,3380.0,76,3379.0,55
rb1805,20171012,20171011,210217500,3379.0,23650,608338,799093380.0,3380.0,76,3379.0,5
rb1805,20171012,20171011,210218000,3379.0,23666,608354,799634020.0,3379.0,21,3378.0,169
rb1805,20171012,20171011,210218500,3379.0,23720,608360,801458580.0,3380.0,93,3378.0,165
rb1805,20171012,20171011,210219000,3380.0,23786,608416,803688180.0,3380.0,91,3378.0,135
rb1805,20171012,20171011,210219500,3380.0,23790,608418,803823380.0,3380.0,90,3378.0,143
rb1805,20171012,20171011,210220000,3380.0,23790,608418,803823380.0,3380.0,93,3378.0,151
rb1805,20171012,20171011,210220500,3380.0,23854,608422,805986540.0,3380.0,63,3379.0,1
rb1805,20171012,20171011,210221000,3379.0,23856,608424,806054120.0,3380.0,59,3379.0,20
rb1805,20171012,20171011,210221500,3380.0,23890,608414,807203220.0,3380.0,46,3379.0,16
rb1805,20171012,20171011,210222000,3380.0,23958,608440,809501580.0,3380.0,15,3379.0,20
rb1805,20171012,20171011,210222500,3379.0,24006,608406,811123580.0,3380.0,14,3379.0,4
rb1805,20171012,20171011,210223000,3379.0,24026,608404,811799460.0,3380.0,50,3379.0,5
rb1805,20171012,20171011,210223500,3379.0,24038,608406,812205020.0,3380.0,48,3379.0,9
rb1805,20171012,20171011,210224000,3378.0,24060,608408,812948380.0,3379.0,102,3378.0,157
rb1805,20171012,20171011,210224500,3378.0,24094,608412,814096940.0,3379.0,104,3378.0,137
rb1805,20171012,20171011,210225000,3378.0,24114,608420,814772580.0,3379.0,133,3378.0,124
rb1805,20171012,20171011,210225500,3378.0,24180,608478,817002240.0,3379.0,128,3378.0,115
rb1805,20171012,20171011,210226000,3379.0,24200,608480,817677860.0,3379.0,127,3378.0,120
rb1805,20171012,20171011,210226500,3378.0,24228,608490,818623700.0,3379.0,128,3378.0,88
rb1805,20171012,20171011,210227000,3379.0,24234,608492,818826420.0,3379.0,120,3378.0,109
rb1805,20171012,20171011,210227500,3378.0,24286,608532,820583020.0,3379.0,117,3378.0,67
rb1805,20171012,20171011,210228000,3379.0,24288,608534,820650600.0,3379.0,116,3378.0,67
rb1805,20171012,20171011,210228500,3378.0,24352,608558,822812760.0,3379.0,83,3378.0,48
rb1805,20171012,20171011,210229000,3379.0,24522,608698,828557060.0,3380.0,61,3379.0,3
rb1805,20171012,20171011,210229500,3379.0,24524,608700,828624640.0,3380.0,59,3379.0,3
rb1805,20171012,20171011,210230000,3380.0,24540,608702,829165320.0,3380.0,57,3379.0,3
rb1805,20171012,20171011,210230500,3378.0,24552,608700,829570780.0,3379.0,1,3378.0,70
rb1805,20171012,20171011,210231000,3378.0,24564,608708,829976140.0,3379.0,17,3378.0,50
rb1805,20171012,20171011,210231500,3378.0,24580,608714,830516720.0,3379.0,24,3378.0,49
rb1805,20171012,20171011,210232000,3378.0,24586,608716,830719440.0,3379.0,28,3378.0,46
rb1805,20171012,20171011,210232500,3378.0,24644,608718,832678740.0,3379.0,26,3378.0,20
rb1805,20171012,20171011,210233000,3379.0,24656,608730,833084120.0,3379.0,29,3378.0,16
rb1805,20171012,20171011,210233500,3378.0,24724,608758,835380960.0,3378.0,24,3377.0,12
rb1805,20171012,20171011,210234000,3378.0,25194,609220,851257560.0,3378.0,17,3377.0,29
rb1805,20171012,20171011,210234500,3378.0,25264,609186,853621580.0,3378.0,45,3377.0,8
rb1805,20171012,20171011,210235000,3378.0,25276,609186,854026940.0,3377.0,99,3376.0,90
rb1805,20171012,20171011,210235500,3377.0,25294,609188,854634780.0,3377.0,96,3376.0,115
rb1805,20171012,20171011,210236000,3377.0,25374,609134,857335660.0,3377.0,96,3376.0,80
rb1805,20171012,20171011,210236500,3376.0,25392,609136,857943440.0,3377.0,91,3376.0,75
rb1805,20171012,20171011,210237000,3376.0,25432,609120,859293840.0,3377.0,96,3376.0,56
rb1805,20171012,20171011,210237500,3377.0,25500,609130,861589640.0,3377.0,92,3376.0,37
rb1805,20171012,20171011,210238000,3376.0,25578,609100,864222920.0,3376.0,13,3375.0,52
rb1805,20171012,20171011,210238500,3376.0,25620,609116,865640640.0,3376.0,65,3375.0,41
rb1805,20171012,20171011,210239000,3376.0,25640,609118,866315680.0,3376.0,46,3375.0,36
rb1805,20171012,20171011,210239500,3376.0,25678,609118,867598560.0,3376.0,35,3375.0,57
rb1805,20171012,20171011,210240000,3375.0,25688,609126,867936060.0,3376.0,34,3375.0,60
rb1805,20171012,20171011,210240500,3375.0,25720,609126,869016060.0,3376.0,39,3375.0,45
rb1805,20171012,20171011,210241000,3375.0,25740,609116,869691080.0,3376.0,34,3375.0,45
rb1805,20171012,20171011,210241500,3375.0,25846,609148,873268560.0,3376.0,32,3375.0,1
rb1805,20171012,20171011,210242000,3375.0,25938,609174,876372720.0,3375.0,47,3374.0,37
rb1805,20171012,20171011,210242500,3375.0,26048,609176,880084980.0,3375.0,34,3374.0,35
rb1805,20171012,20171011,210243000,3375.0,26080,609158,881164780.0,3375.0,22,3374.0,27
rb1805,20171012,20171011,210243500,3375.0,26144,609156,883324580.0,3375.0,4,3374.0,17
rb1805,20171012,20171011,210244000,3376.0,26174,609156,884337160.0,3376.0,52,3375.0,5
rb1805,20171012,20171011,210244500,3375.0,26232,609124,886294480.0,3375.0,11,3373.0,28
rb1805,20171012,20171011,210245000,3373.0,26242,609130,886631780.0,3375.0,58,3374.0,2
rb1805,20171012,20171011,210245500,3374.0,26290,609132,888251020.0,3374.0,87,3373.0,5
rb1805,20171012,20171011,210246000,3373.0,26386,609160,891489660.0,3373.0,190,3372.0,77
rb1805,20171012,20171011,210246500,3372.0,26440,609182,893310840.0,3373.0,177,3372.0,71
rb1805,20171012,20171011,210247000,3372.0,26492,609184,895064360.0,3373.0,180,3372.0,52
rb1805,20171012,20171011,210247500,3373.0,26544,609186,896818260.0,3373.0,157,3372.0,49
rb1805,20171012,20171011,210248000,3372.0,26574,609182,897829900.0,3373.0,160,3372.0,36
rb1805,20171012,20171011,210248500,3371.0,26626,609208,899583280.0,3372.0,10,3371.0,39
rb1805,20171012,20171011,210249000,3372.0,26640,609212,900055340.0,3372.0,18,3371.0,45
rb1805,20171012,20171011,210249500,3371.0,26772,609174,904506700.0,3372.0,1,3371.0,35
rb1805,20171012,20171011,210250000,3372.0,26844,609184,906933840.0,3372.0,8,3371.0,1
rb1805,20171012,20171011,210250500,3371.0,26898,609222,908754100.0,3371.0,107,3370.0,69
rb1805,20171012,20171011,210251000,3369.0,27118,609280,916167180.0,3369.0,11,3368.0,96
rb1805,20171012,20171011,210251500,3369.0,27288,609234,921894600.0,3370.0,48,3369.0,25
rb1805,20171012,20171011,210252000,3369.0,27394,609154,925465680.0,3369.0,18,3368.0,111
rb1805,20171012,20171011,210252500,3369.0,27456,609154,927554480.0,3370.0,150,3369.0,74
rb1805,20171012,20171011,210253000,3370.0,27482,609158,928430500.0,3370.0,146,3369.0,72
rb1805,20171012,20171011,210253500,3369.0,27900,608968,942515760.0,3371.0,173,3369.0,35
rb1805,20171012,20171011,210254000,3369.0,28258,609162,954574680.0,3369.0,111,3368.0,22
rb1805,20171012,20171011,210254500,3368.0,28328,609138,956932280.0,3368.0,19,3367.0,41
rb1805,20171012,20171011,210255000,3370.0,28656,609134,967982980.0,3370.0,30,3368.0,51
rb1805,20171012,20171011,210255500,3368.0,28692,609146,969195500.0,3369.0,3,3368.0,25
rb1805,20171012,20171011,210256000,3369.0,28740,609170,970812640.0,3370.0,33,3369.0,15
rb1805,20171012,20171011,210256500,3369.0,28796,609188,972699500.0,3370.0,13,3369.0,6
rb1805,20171012,20171011,210257000,3369.0,28858,609166,974788820.0,3371.0,164,3370.0,3
rb1805,20171012,20171011,210257500,3368.0,29074,609108,982066280.0,3369.0,2,3368.0,9
rb1805,20171012,20171011,210258000,3369.0,29114,609096,983414080.0,3370.0,33,3369.0,35
rb1805,20171012,20171011,210258500,3369.0,29208,609058,986581840.0,3370.0,6,3369.0,42
rb1805,20171012,20171011,210259000,3370.0,29280,609130,989008260.0,3371.0,168,3370.0,24
rb1805,20171012,20171011,210259500,3371.0,29402,609148,993120180.0,3371.0,141,3370.0,77
rb1805,20171012,20171011,210300000,3370.0,29424,609148,993861680.0,3371.0,138,3370.0,90
rb1805,20171012,20171011,210300500,3370.0,29856,609092,1008422560.0,3371.0,14,3369.0,53
rb1805,20171012,20171011,210301000,3371.0,29902,609090,1009972760.0,3371.0,14,3369.0,46
rb1805,20171012,20171011,210301500,3371.0,29936,609084,1011118600.0,3371.0,17,3370.0,28
rb1805,20171012,20171011,210302000,3370.0,30040,609136,1014624420.0,3371.0,1,3370.0,38
rb1805,20171012,20171011,210302500,3371.0,30056,609136,1015163780.0,3372.0,59,3371.0,3
rb1805,20171012,20171011,210303000,3371.0,30142,609178,1018062140.0,3371.0,114,3369.0,44
rb1805,20171012,20171011,210303500,3370.0,30264,609230,1022174540.0,3370.0,8,3369.0,43
rb1805,20171012,20171011,210304000,3371.0,30312,609224,1023792140.0,3371.0,23,3370.0,11
rb1805,20171012,20171011,210304500,3370.0,30352,609258,1025140100.0,3370.0,11,3369.0,45
rb1805,20171012,20171011,210305000,3369.0,30380,609280,1026083540.0,3370.0,9,3369.0,42
rb1805,20171012,20171011,210305500,3370.0,30396,609290,1026622740.0,3370.0,12,3369.0,64
rb1805,20171012,20171011,210306000,3369.0,30416,609296,1027296600.0,3370.0,511,3369.0,57
rb1805,20171012,20171011,210306500,3369.0,30480,609320,1029452780.0,3370.0,514,3369.0,28
rb1805,20171012,20171011,210307000,3369.0,30560,609356,1032148000.0,3369.0,12,3368.0,107
rb1805,20171012,20171011,210307500,3368.0,30568,609352,1032417460.0,3369.0,59,3368.0,114
rb1805,20171012,20171011,210308000,3368.0,30650,609400,1035179900.0,3369.0,26,3368.0,60
rb1805,20171012,20171011,210308500,3369.0,30710,609414,1037200720.0,3369.0,18,3368.0,32
rb1805,20171012,20171011,210309000,3368.0,30792,609450,1039962780.0,3369.0,12,3368.0,6
rb1805,20171012,20171011,210309500,3367.0,30830,609438,1041242720.0,3368.0,16,3367.0,61
rb1805,20171012,20171011,210310000,3366.0,31024,609538,1047774480.0,3367.0,2,3366.0,81
rb1805,20171012,20171011,210310500,3367.0,31182,609620,1053093180.0,3367.0,12,3366.0,17
rb1805,20171012,20171011,210311000,3365.0,31244,609602,1055180100.0,3366.0,9,3365.0,177
rb1805,20171012,20171011,210311500,3365.0,31422,609582,1061170040.0,3366.0,1,3365.0,125
rb1805,20171012,20171011,210312000,3369.0,31814,609864,1074370480.0,3370.0,631,3369.0,38
rb1805,20171012,20171011,210312500,3366.0,31984,609962,1080095920.0,3368.0,95,3367.0,5
rb1805,20171012,20171011,210313000,3367.0,32056,609946,1082519840.0,3367.0,11,3365.0,110
rb1805,20171012,20171011,210313500,3367.0,32110,609938,1084337480.0,3367.0,10,3365.0,111
rb1805,20171012,20171011,210314000,3365.0,32174,609950,1086491220.0,3367.0,55,3365.0,98
rb1805,20171012,20171011,210314500,3365.0,32472,610120,1096518920.0,3365.0,48,3364.0,77
rb1805,20171012,20171011,210315000,3363.0,32674,610176,1103314180.0,3364.0,104,3363.0,46
rb1805,20171012,20171011,210315500,3363.0,32870,610140,1109906160.0,3363.0,91,3362.0,42
rb1805,20171012,20171011,210316000,3362.0,33054,610132,1116092400.0,3363.0,111,3362.0,25
rb1805,20171012,20171011,210316500,3362.0,33328,610102,1125305280.0,3363.0,49,3362.0,12
rb1805,20171012,20171011,210317000,3363.0,33394,610080,1127524460.0,3363.0,36,3362.0,9
rb1805,20171012,20171011,210317500,3363.0,33496,610130,1130954820.0,3364.0,55,3363.0,84
rb1805,20171012,20171011,210318000,3363.0,33648,610196,1136067440.0,3365.0,42,3363.0,45
rb1805,20171012,20171011,210318500,3364.0,33684,610198,1137278460.0,3365.0,1,3364.0,2
rb1805,20171012,20171011,210319000,3364.0,33784,610186,1140642720.0,3365.0,25,3364.0,40
rb1805,20171012,20171011,210319500,3365.0,33858,610182,1143132820.0,3366.0,81,3365.0,24
rb1805,20171012,20171011,210320000,3365.0,33884,610180,1144007760.0,3366.0,77,3365.0,67
rb1805,20171012,20171011,210320500,3365.0,34046,610302,1149460620.0,3367.0,76,3366.0,1
rb1805,20171012,20171011,210321000,3364.0,34348,610180,1159620980.0,3364.0,64,3363.0,84
rb1805,20171012,20171011,210321500,3366.0,34502,610172,1164801680.0,3366.0,37,3363.0,76
rb1805,20171012,20171011,210322000,3366.0,34608,610140,1168369540.0,3367.0,45,3366.0,6
rb1805,20171012,20171011,210322500,3366.0,34644,610128,1169581220.0,3367.0,53,3365.0,17
rb1805,20171012,20171011,210323000,3366.0,34668,610126,1170388960.0,3366.0,24,3365.0,10
rb1805,20171012,20171011,210323500,3366.0,34706,610118,1171667920.0,3366.0,11,3365.0,1
rb1805,20171012,20171011,210324000,3364.0,34720,610110,1172138900.0,3365.0,40,3364.0,73
rb1805,20171012,20171011,210324500,3365.0,34774,610064,1173956000.0,3365.0,34,3364.0,87
rb1805,20171012,20171011,210325000,3364.0,34808,610062,1175099900.0,3365.0,82,3364.0,88
rb1805,20171012,20171011,210325500,3365.0,34854,610042,1176647580.0,3365.0,70,3364.0,79
rb1805,20171012,20171011,210326000,3364.0,34936,610060,1179406200.0,3365.0,63,3364.0,42
rb1805,20171012,20171011,210326500,3365.0,34984,610074,1181020980.0,3365.0,64,3364.0,25
rb1805,20171012,20171011,210327000,3365.0,34988,610078,1181155580.0,3365.0,63,3364.0,27
rb1805,20171012,20171011,210327500,3364.0,35002,610084,1181626540.0,3365.0,63,3364.0,21
rb1805,20171012,20171011,210328000,3364.0,35084,610130,1184384980.0,3364.0,56,3363.0,111
rb1805,20171012,20171011,210328500,3364.0,35132,610148,1185999700.0,3364.0,25,3363.0,106
rb1805,20171012,20171011,210329000,3363.0,35194,610174,1188085140.0,3364.0,5,3363.0,94
rb1805,20171012,20171011,210329500,3363.0,35220,610186,1188959740.0,3365.0,171,3363.0,90
rb1805,20171012,20171011,210330000,3363.0,35486,610304,1197905660.0,3363.0,4,3362.0,64
rb1805,20171012,20171011,210330500,3363.0,35510,610306,1198712880.0,3364.0,19,3363.0,19
rb1805,20171012,20171011,210331000,3363.0,35574,610280,1200865100.0,3363.0,12,3362.0,58
rb1805,20171012,20171011,210331500,3362.0,35622,610260,1202479180.0,3363.0,8,3362.0,56
rb1805,20171012,20171011,210332000,3362.0,35682,610266,1204496700.0,3363.0,10,3362.0,39
rb1805,20171012,20171011,210332500,3364.0,35844,610214,1209944640.0,3364.0,53,3363.0,6
rb1805,20171012,20171011,210333000,3363.0,35956,610174,1213711960.0,3364.0,19,3363.0,13
rb1805,20171012,20171011,210333500,3363.0,36064,610184,1217343700.0,3363.0,43,3362.0,20
rb1805,20171012,20171011,210334000,3363.0,36252,610246,1223665260.0,3364.0,81,3363.0,2
rb1805,20171012,20171011,210334500,3364.0,36304,610276,1225414000.0,3364.0,52,3363.0,1
rb1805,20171012,20171011,210335000,3364.0,36354,610312,1227095960.0,3364.0,37,3363.0,1
rb1805,20171012,20171011,210335500,3362.0,36384,610316,1228104640.0,3363.0,17,3362.0,50
rb1805,20171012,20171011,210336000,3362.0,36436,610342,1229853280.0,3363.0,7,3362.0,51
rb1805,20171012,20171011,210336500,3363.0,36458,610348,1230593080.0,3363.0,5,3362.0,52
rb1805,20171012,20171011,210337000,3362.0,36526,610352,1232879720.0,3364.0,64,3362.0,44
rb1805,20171012,20171011,210337500,3362.0,36672,610374,1237789280.0,3363.0,21,3362.0,22
rb1805,20171012,20171011,210338000,3363.0,36730,610384,1239739680.0,3364.0,69,3363.0,1
rb1805,20171012,20171011,210338500,3363.0,36836,610398,1243304560.0,3364.0,70,3363.0,11
rb1805,20171012,20171011,210339000,3363.0,36924,610432,1246263720.0,3364.0,69,3363.0,5
rb1805,20171012,20171011,210339500,3363.0,36960,610414,1247474300.0,3363.0,2,3361.0,139
rb1805,20171012,20171011,210340000,3363.0,36990,610398,1248483160.0,3364.0,59,3363.0,40
rb1805,20171012,20171011,210340500,3363.0,37120,610424,1252854520.0,3363.0,21,3361.0,137
rb1805,20171012,20171011,210341000,3363.0,37194,610484,1255343200.0,3364.0,25,3363.0,11
rb1805,20171012,20171011,210341500,3363.0,37200,610484,1255544980.0,3364.0,48,3363.0,15
rb1805,20171012,20171011,210342000,3362.0,37246,610500,1257091940.0,3364.0,26,3362.0,53
rb1805,20171012,20171011,210342500,3362.0,37324,610428,1259714340.0,3363.0,1,3362.0,21
rb1805,20171012,20171011,210343000,3363.0,37332,610430,1259983360.0,3363.0,4,3362.0,21
rb1805,20171012,20171011,210343500,3363.0,37360,610442,1260925000.0,3364.0,27,3363.0,7
rb1805,20171012,20171011,210344000,3363.0,37396,610460,1262135480.0,3363.0,62,3362.0,16
rb1805,20171012,20171011,210344500,3361.0,37440,610496,1263614700.0,3362.0,5,3361.0,228
rb1805,20171012,20171011,210345000,3363.0,37474,610502,1264757880.0,3363.0,55,3362.0,20
rb1805,20171012,20171011,210345500,3361.0,37518,610530,1266237140.0,3362.0,22,3361.0,235
rb1805,20171012,20171011,210346000,3363.0,37592,610542,1268725180.0,3363.0,66,3362.0,13
rb1805,20171012,20171011,210346500,3362.0,37654,610512,1270809740.0,3362.0,51,3361.0,235
rb1805,20171012,20171011,210347000,3362.0,37730,610470,1273364840.0,3362.0,14,3361.0,234
rb1805,20171012,20171011,210347500,3361.0,37776,610474,1274911260.0,3362.0,13,3361.0,230
rb1805,20171012,20171011,210348000,3362.0,37822,610454,1276457880.0,3363.0,42,3362.0,3
rb1805,20171012,20171011,210348500,3361.0,37930,610422,1280087860.0,3362.0,27,3361.0,183
rb1805,20171012,20171011,210349000,3362.0,37954,610438,1280894620.0,3362.0,22,3361.0,177
rb1805,20171012,20171011,210349500,3361.0,38128,610516,1286742780.0,3362.0,55,3361.0,92
rb1805,20171012,20171011,210350000,3362.0,38138,610518,1287078980.0,3362.0,63,3361.0,143
rb1805,20171012,20171011,210350500,3362.0,38196,610494,1289028420.0,3362.0,81,3361.0,118
rb1805,20171012,20171011,210351000,3362.0,38224,610498,1289969540.0,3362.0,83,3361.0,106
rb1805,20171012,20171011,210351500,3362.0,38266,610526,1291381500.0,3362.0,66,3361.0,54
rb1805,20171012,20171011,210352000,3361.0,38316,610532,1293062160.0,3362.0,73,3361.0,37
rb1805,20171012,20171011,210352500,3361.0,38398,610570,1295818220.0,3361.0,91,3360.0,561
rb1805,20171012,20171011,210353000,3361.0,38440,610568,1297229540.0,3361.0,114,3360.0,547
rb1805,20171012,20171011,210353500,3360.0,38696,610526,1305833560.0,3361.0,47,3360.0,539
rb1805,20171012,20171011,210354000,3361.0,38968,610534,1314975780.0,3362.0,96,3361.0,26
rb1805,20171012,20171011,210354500,3361.0,39036,610588,1317261300.0,3362.0,108,3361.0,4
rb1805,20171012,20171011,210355000,3361.0,39066,610594,1318269660.0,3362.0,105,3361.0,54
rb1805,20171012,20171011,210355500,3361.0,39076,610598,1318605800.0,3362.0,90,3361.0,57
rb1805,20171012,20171011,210356000,3361.0,39162,610652,1321496940.0,3362.0,57,3361.0,71
rb1805,20171012,20171011,210356500,3361.0,39186,610668,1322303620.0,3362.0,69,3361.0,134
rb1805,20171012,20171011,210357000,3361.0,39514,610586,1333327700.0,3361.0,148,3360.0,541
rb1805,20171012,20171011,210357500,3361.0,39676,610480,1338772520.0,3361.0,71,3360.0,541
rb1805,20171012,20171011,210358000,3361.0,39822,610352,1343679580.0,3362.0,58,3361.0,25
rb1805,20171012,20171011,210358500,3362.0,39884,610378,1345763460.0,3362.0,45,3360.0,534
rb1805,20171012,20171011,210359000,3362.0,39928,610384,1347242340.0,3362.0,94,3361.0,2
rb1805,20171012,20171011,210359500,3360.0,39942,610382,1347712840.0,3361.0,19,3360.0,534
rb1805,20171012,20171011,210400000,3361.0,40010,610340,1349998560.0,3362.0,71,3361.0,4
rb1805,20171012,20171011,210400500,3361.0,40036,610338,1350872460.0,3361.0,6,3360.0,538
rb1805,20171012,20171011,210401000,3361.0,40058,610344,1351611820.0,3361.0,308,3360.0,543
rb1805,20171012,20171011,210401500,3360.0,40116,610356,1353560800.0,3361.0,312,3360.0,525
rb1805,20171012,20171011,210402000,3361.0,40680,610356,1372515300.0,3361.0,96,3360.0,449
rb1805,20171012,20171011,210402500,3361.0,40806,610420,1376749020.0,3361.0,90,3360.0,392
rb1805,20171012,20171011,210403000,3360.0,40824,610414,1377353920.0,3361.0,89,3360.0,394
rb1805,20171012,20171011,210403500,3361.0,40834,610406,1377690020.0,3361.0,116,3360.0,395
rb1805,20171012,20171011,210404000,3360.0,40864,610392,1378698180.0,3361.0,118,3360.0,391
rb1805,20171012,20171011,210404500,3361.0,40896,610368,1379773660.0,3361.0,109,3360.0,389
rb1805,20171012,20171011,210405000,3361.0,40928,610362,1380849100.0,3361.0,100,3360.0,385
rb1805,20171012,20171011,210405500,3361.0,40940,610356,1381252360.0,3361.0,96,3360.0,386
rb1805,20171012,20171011,210406000,3360.0,41026,610294,1384142760.0,3361.0,57,3360.0,384
rb1805,20171012,20171011,210406500,3361.0,41068,610264,1385554060.0,3361.0,52,3360.0,372
rb1805,20171012,20171011,210407000,3361.0,41364,610126,1395500520.0,3362.0,92,3361.0,18
rb1805,20171012,20171011,210407500,3361.0,41530,610174,1401079460.0,3361.0,101,3360.0,251
rb1805,20171012,20171011,210408000,3361.0,41634,610218,1404574360.0,3361.0,84,3360.0,232
rb1805,20171012,20171011,210408500,3361.0,41676,610206,1405985960.0,3361.0,55,3360.0,231
rb1805,20171012,20171011,210409000,3361.0,41726,610216,1407666160.0,3361.0,56,3360.0,207
rb1805,20171012,20171011,210409500,3361.0,41736,610214,1408002200.0,3361.0,91,3360.0,204
rb1805,20171012,20171011,210410000,3361.0,41750,610218,1408472700.0,3361.0,86,3360.0,205
rb1805,20171012,20171011,210410500,3361.0,41802,610236,1410220280.0,3361.0,100,3360.0,204
rb1805,20171012,20171011,210411000,3360.0,41904,610196,1413648440.0,3361.0,55,3360.0,202
rb1805,20171012,20171011,210411500,3360.0,42352,610416,1428701440.0,3360.0,290,3359.0,252
rb1805,20171012,20171011,210412000,3360.0,42476,610528,1432867800.0,3360.0,234,3359.0,254
rb1805,20171012,20171011,210412500,3361.0,42952,610806,1448861440.0,3361.0,39,3360.0,22
rb1805,20171012,20171011,210413000,3360.0,43012,610802,1450877640.0,3361.0,36,3360.0,58
rb1805,20171012,20171011,210413500,3361.0,43082,610858,1453230240.0,3361.0,6,3360.0,85
rb1805,20171012,20171011,210414000,3361.0,43098,610846,1453768000.0,3362.0,58,3361.0,32
rb1805,20171012,20171011,210414500,3361.0,43200,610860,1457195560.0,3361.0,4,3360.0,88
rb1805,20171012,20171011,210415000,3361.0,43350,610874,1462237340.0,3362.0,45,3361.0,143
rb1805,20171012,20171011,210415500,3362.0,43446,610822,1465464740.0,3362.0,3,3361.0,140
rb1805,20171012,20171011,210416000,3362.0,43500,610794,1467280660.0,3363.0,57,3362.0,46
rb1805,20171012,20171011,210416500,3363.0,43638,610844,1471921520.0,3364.0,40,3363.0,2
rb1805,20171012,20171011,210417000,3364.0,43696,610810,1473872140.0,3364.0,35,3363.0,52
rb1805,20171012,20171011,210417500,3364.0,43772,610822,1476428700.0,3364.0,5,3363.0,61
rb1805,20171012,20171011,210418000,3364.0,43854,610790,1479186640.0,3365.0,263,3364.0,23
rb1805,20171012,20171011,210418500,3364.0,43944,610722,1482214260.0,3364.0,17,3363.0,66
rb1805,20171012,20171011,210419000,3364.0,43978,610710,1483357980.0,3364.0,4,3363.0,112
rb1805,20171012,20171011,210419500,3364.0,44070,610662,1486452240.0,3365.0,293,3364.0,10
rb1805,20171012,20171011,210420000,3364.0,44098,610642,1487394160.0,3364.0,152,3363.0,83
rb1805,20171012,20171011,210420500,3363.0,45112,610060,1521475400.0,3363.0,1,3361.0,1
rb1805,20171012,20171011,210421000,3364.0,45128,610060,1522013580.0,3364.0,153,3362.0,3
rb1805,20171012,20171011,210421500,3364.0,45156,610060,1522955380.0,3364.0,124,3363.0,9
rb1805,20171012,20171011,210422000,3363.0,45184,610052,1523897020.0,3363.0,23,3362.0,65
rb1805,20171012,20171011,210422500,3363.0,45238,610074,1525712800.0,3363.0,29,3362.0,16
rb1805,20171012,20171011,210423000,3363.0,45306,610090,1527999040.0,3363.0,38,3361.0,52
rb1805,20171012,20171011,210423500,3363.0,45320,610102,1528469860.0,3363.0,53,3362.0,4
rb1805,20171012,20171011,210424000,3363.0,45328,610098,1528738900.0,3363.0,41,3362.0,4
rb1805,20171012,20171011,210424500,3363.0,45406,610150,1531361000.0,3363.0,35,3362.0,2
rb1805,20171012,20171011,210425000,3363.0,45454,610160,1532975240.0,3363.0,13,3362.0,10
rb1805,20171012,20171011,210425500,3363.0,45496,610128,1534387700.0,3364.0,140,3363.0,56
rb1805,20171012,20171011,210426000,3364.0,45560,610136,1536540440.0,3364.0,108,3363.0,50
rb1805,20171012,20171011,210426500,3363.0,45594,610108,1537683940.0,3364.0,105,3363.0,42
rb1805,20171012,20171011,210427000,3364.0,45614,610098,1538356720.0,3364.0,96,3363.0,52
rb1805,20171012,20171011,210427500,3364.0,45654,610066,1539702280.0,3364.0,69,3363.0,51
rb1805,20171012,20171011,210428000,3364.0,45794,610136,1544411880.0,3365.0,314,3364.0,7
rb1805,20171012,20171011,210428500,3365.0,45800,610138,1544613760.0,3365.0,323,3364.0,53
rb1805,20171012,20171011,210429000,3364.0,45874,610152,1547103780.0,3365.0,290,3364.0,55
rb1805,20171012,20171011,210429500,3366.0,46524,610370,1568976880.0,3366.0,98,3365.0,65
rb1805,20171012,20171011,210430000,3366.0,46782,610368,1577660540.0,3367.0,80,3366.0,4
rb1805,20171012,20171011,210430500,3366.0,46806,610356,1578468260.0,3366.0,2,3365.0,50
rb1805,20171012,20171011,210431000,3367.0,46832,610342,1579343480.0,3366.0,5,3365.0,54
rb1805,20171012,20171011,210431500,3366.0,46906,610350,1581834460.0,3366.0,1,3365.0,61
rb1805,20171012,20171011,210432000,3367.0,46942,610346,1583046440.0,3367.0,116,3366.0,1
rb1805,20171012,20171011,210432500,3366.0,46982,610334,1584392880.0,3367.0,114,3366.0,51
rb1805,20171012,20171011,210433000,3367.0,47130,610314,1589375480.0,3367.0,71,3366.0,18
rb1805,20171012,20171011,210433500,3366.0,47182,610318,1591126020.0,3367.0,61,3366.0,4
rb1805,20171012,20171011,210434000,3366.0,47190,610318,1591395340.0,3367.0,60,3366.0,10
rb1805,20171012,20171011,210434500,3368.0,47416,610252,1599005820.0,3369.0,118,3368.0,188
rb1805,20171012,20171011,210435000,3368.0,47562,610198,1603923340.0,3369.0,71,3368.0,128
rb1805,20171012,20171011,210435500,3368.0,47684,610134,1608033180.0,3369.0,28,3368.0,117
rb1805,20171012,20171011,210436000,3368.0,47772,610094,1610997340.0,3369.0,73,3368.0,90
rb1805,20171012,20171011,210436500,3368.0,47880,610028,1614635040.0,3369.0,57,3368.0,49
rb1805,20171012,20171011,210437000,3369.0,47932,610000,1616386580.0,3369.0,56,3368.0,33
rb1805,20171012,20171011,210437500,3369.0,47954,609990,1617127580.0,3369.0,74,3368.0,34
rb1805,20171012,20171011,210438000,3368.0,48118,609994,1622651060.0,3368.0,29,3367.0,62
rb1805,20171012,20171011,210438500,3368.0,48132,609982,1623122620.0,3369.0,75,3368.0,13
rb1805,20171012,20171011,210439000,3368.0,48226,609992,1626289080.0,3368.0,4,3367.0,43
rb1805,20171012,20171011,210439500,3368.0,48264,609974,1627568960.0,3369.0,48,3368.0,73
rb1805,20171012,20171011,210440000,3368.0,48300,609952,1628781660.0,3369.0,41,3368.0,63
rb1805,20171012,20171011,210440500,3369.0,48332,609960,1629859720.0,3369.0,27,3368.0,63
rb1805,20171012,20171011,210441000,3369.0,48408,609958,1632419420.0,3369.0,38,3368.0,26
rb1805,20171012,20171011,210441500,3368.0,48414,609956,1632621520.0,3369.0,51,3368.0,25
rb1805,20171012,20171011,210442000,3368.0,48474,609960,1634642360.0,3368.0,2,3367.0,51
rb1805,20171012,20171011,210442500,3368.0,48488,609958,1635113780.0,3368.0,3,3367.0,47
rb1805,20171012,20171011,210443000,3367.0,48522,609960,1636258820.0,3368.0,1,3367.0,44
rb1805,20171012,20171011,210443500,3367.0,48522,609960,1636258820.0,3368.0,2,3367.0,43
rb1805,20171012,20171011,210444000,3367.0,48618,609946,1639491140.0,3367.0,79,3366.0,22
rb1805,20171012,20171011,210444500,3367.0,48660,609926,1640905040.0,3367.0,70,3365.0,72
rb1805,20171012,20171011,210445000,3367.0,48660,609926,1640905040.0,3366.0,14,3365.0,74
rb1805,20171012,20171011,210445500,3366.0,48670,609920,1641241700.0,3366.0,20,3365.0,74
rb1805,20171012,20171011,210446000,3366.0,48710,609906,1642588100.0,3366.0,4,3365.0,75
rb1805,20171012,20171011,210446500,3367.0,48724,609914,1643059400.0,3367.0,69,3366.0,24
rb1805,20171012,20171011,210447000,3367.0,48748,609896,1643867440.0,3367.0,60,3366.0,21
rb1805,20171012,20171011,210447500,3366.0,48774,609874,1644742820.0,3367.0,49,3366.0,38
rb1805,20171012,20171011,210448000,3367.0,48818,609862,1646224160.0,3367.0,34,3366.0,34
rb1805,20171012,20171011,210448500,3366.0,48834,609858,1646762800.0,3367.0,31,3366.0,30
rb1805,20171012,20171011,210449000,3366.0,48834,609858,1646762800.0,3367.0,31,3366.0,79
rb1805,20171012,20171011,210449500,3367.0,48848,609854,1647234160.0,3367.0,25,3366.0,82
rb1805,20171012,20171011,210450000,3366.0,49010,609864,1652687080.0,3366.0,99,3365.0,78
rb1805,20171012,20171011,210450500,3366.0,49080,609858,1655042640.0,3366.0,103,3365.0,5
rb1805,20171012,20171011,210451000,3366.0,49132,609844,1656792780.0,3366.0,86,3365.0,3
rb1805,20171012,20171011,210451500,3365.0,49172,609852,1658138780.0,3366.0,92,3365.0,14
rb1805,20171012,20171011,210452000,3366.0,49196,609846,1658946520.0,3366.0,85,3365.0,14
rb1805,20171012,20171011,210452500,3366.0,49260,609832,1661100280.0,3366.0,78,3365.0,6
rb1805,20171012,20171011,210453000,3366.0,49268,609828,1661369560.0,3366.0,74,3365.0,7
rb1805,20171012,20171011,210453500,3365.0,49288,609824,1662042580.0,3366.0,78,3365.0,1
rb1805,20171012,20171011,210454000,3365.0,49292,609822,1662177180.0,3365.0,6,3364.0,33
rb1805,20171012,20171011,210454500,3364.0,49474,609934,1668300780.0,3365.0,10,3363.0,58
rb1805,20171012,20171011,210455000,3365.0,49476,609932,1668368080.0,3365.0,16,3364.0,1
rb1805,20171012,20171011,210455500,3365.0,49506,609934,1669377540.0,3365.0,8,3364.0,1
rb1805,20171012,20171011,210456000,3365.0,49534,609940,1670319700.0,3364.0,2,3363.0,51
rb1805,20171012,20171011,210456500,3364.0,49584,609982,1672001740.0,3365.0,40,3363.0,60
rb1805,20171012,20171011,210457000,3363.0,49604,609998,1672674560.0,3365.0,540,3363.0,57
rb1805,20171012,20171011,210457500,3363.0,49614,610000,1673010920.0,3365.0,539,3363.0,56
rb1805,20171012,20171011,210458000,3364.0,49618,610004,1673145500.0,3365.0,569,3363.0,56
rb1805,20171012,20171011,210458500,3365.0,49632,610012,1673616460.0,3365.0,567,3364.0,4
rb1805,20171012,20171011,210459000,3364.0,49642,610018,1673952860.0,3364.0,3,3363.0,74
rb1805,20171012,20171011,210459500,3364.0,49690,610024,1675567520.0,3364.0,32,3363.0,71
rb1805,20171012,20171011,210500000,3364.0,49720,610032,1676576720.0,3364.0,23,3363.0,86
rb1805,20171012,20171011,210500500,3363.0,49754,610050,1677720340.0,3364.0,56,3363.0,79
rb1805,20171012,20171011,210501000,3363.0,49776,610046,1678460240.0,3364.0,70,3363.0,58
rb1805,20171012,20171011,210501500,3362.0,49940,610056,1683975540.0,3363.0,34,3362.0,52
rb1805,20171012,20171011,210502000,3362.0,49950,610058,1684311800.0,3363.0,47,3362.0,48
rb1805,20171012,20171011,210502500,3362.0,49980,610048,1685320480.0,3363.0,535,3362.0,38
rb1805,20171012,20171011,210503000,3363.0,50004,610052,1686127500.0,3363.0,533,3362.0,53
rb1805,20171012,20171011,210503500,3362.0,50278,610092,1695341440.0,3363.0,417,3362.0,29
rb1805,20171012,20171011,210504000,3362.0,50338,610092,1697358640.0,3362.0,4,3361.0,46
rb1805,20171012,20171011,210504500,3362.0,50362,610094,1698165520.0,3363.0,421,3362.0,62
rb1805,20171012,20171011,210505000,3362.0,50404,610096,1699577660.0,3363.0,418,3362.0,82
rb1805,20171012,20171011,210505500,3363.0,50406,610096,1699644920.0,3363.0,416,3362.0,84
rb1805,20171012,20171011,210506000,3362.0,50422,610092,1700182840.0,3363.0,430,3362.0,80
rb1805,20171012,20171011,210506500,3362.0,50472,610136,1701864280.0,3363.0,408,3362.0,57
rb1805,20171012,20171011,210507000,3362.0,50522,610160,1703545760.0,3363.0,386,3362.0,64
rb1805,20171012,20171011,210507500,3363.0,50728,610160,1710473480.0,3363.0,287,3362.0,64
rb1805,20171012,20171011,210508000,3363.0,50790,610164,1712558440.0,3363.0,261,3362.0,66
rb1805,20171012,20171011,210508500,3362.0,50864,610170,1715046420.0,3363.0,256,3362.0,42
rb1805,20171012,20171011,210509000,3363.0,50918,610146,1716862060.0,3363.0,248,3362.0,60
rb1805,20171012,20171011,210509500,3362.0,51050,610144,1721299900.0,3362.0,16,3361.0,87
rb1805,20171012,20171011,210510000,3362.0,51092,610178,1722712000.0,3363.0,245,3362.0,39
rb1805,20171012,20171011,210510500,3362.0,51156,610206,1724863960.0,3363.0,227,3362.0,2
rb1805,20171012,20171011,210511000,3362.0,51412,610254,1733472260.0,3362.0,1,3361.0,66
rb1805,20171012,20171011,210511500,3362.0,51414,610252,1733539500.0,3362.0,5,3361.0,67
rb1805,20171012,20171011,210512000,3362.0,51424,610256,1733875700.0,3362.0,9,3361.0,67
rb1805,20171012,20171011,210512500,3362.0,51486,610246,1735960060.0,3362.0,41,3361.0,59
rb1805,20171012,20171011,210513000,3362.0,51574,610192,1738918620.0,3363.0,124,3362.0,111
rb1805,20171012,20171011,210513500,3362.0,51708,610212,1743423740.0,3363.0,123,3362.0,47
rb1805,20171012,20171011,210514000,3362.0,51710,610214,1743490980.0,3363.0,123,3362.0,59
rb1805,20171012,20171011,210514500,3362.0,51830,610306,1747525380.0,3363.0,132,3362.0,6
rb1805,20171012,20171011,210515000,3362.0,51846,610296,1748063300.0,3362.0,9,3361.0,62
rb1805,20171012,20171011,210515500,3362.0,51870,610296,1748870180.0,3363.0,136,3362.0,3
rb1805,20171012,20171011,210516000,3363.0,51910,610300,1750215340.0,3363.0,114,3362.0,41
rb1805,20171012,20171011,210516500,3362.0,51970,610328,1752232940.0,3363.0,90,3362.0,39
rb1805,20171012,20171011,210517000,3363.0,52072,610328,1755663200.0,3363.0,39,3362.0,39
rb1805,20171012,20171011,210517500,3363.0,52094,610336,1756403060.0,3363.0,53,3362.0,39
rb1805,20171012,20171011,210518000,3363.0,52130,610336,1757613740.0,3363.0,35,3362.0,39
rb1805,20171012,20171011,210518500,3363.0,52202,610338,1760035100.0,3364.0,19,3363.0,40
rb1805,20171012,20171011,210519000,3364.0,52242,610326,1761380700.0,3365.0,69,3364.0,2
rb1805,20171012,20171011,210519500,3365.0,52246,610326,1761515300.0,3365.0,76,3363.0,64
rb1805,20171012,20171011,210520000,3364.0,52250,610330,1761649860.0,3365.0,78,3364.0,3
rb1805,20171012,20171011,210520500,3365.0,52254,610334,1761784460.0,3365.0,76,3364.0,3
rb1805,20171012,20171011,210521000,3364.0,52268,610334,1762255420.0,3364.0,13,3363.0,52
rb1805,20171012,20171011,210521500,3364.0,52426,610408,1767568580.0,3364.0,10,3363.0,1
rb1805,20171012,20171011,210522000,3364.0,52436,610408,1767904960.0,3364.0,14,3362.0,69
rb1805,20171012,20171011,210522500,3364.0,52444,610404,1768174080.0,3364.0,12,3363.0,1
rb1805,20171012,20171011,210523000,3363.0,52452,610406,1768443180.0,3363.0,1,3362.0,70
rb1805,20171012,20171011,210523500,3364.0,52500,610402,1770057880.0,3364.0,10,3362.0,70
rb1805,20171012,20171011,210524000,3363.0,52510,610404,1770394140.0,3363.0,6,3362.0,69
rb1805,20171012,20171011,210524500,3363.0,52516,610404,1770595920.0,3363.0,5,3362.0,68
rb1805,20171012,20171011,210525000,3363.0,52520,610408,1770730440.0,3363.0,3,3362.0,39
rb1805,20171012,20171011,210525500,3364.0,52530,610416,1771066780.0,3363.0,5,3362.0,40
rb1805,20171012,20171011,210526000,3364.0,52534,610416,1771201340.0,3363.0,3,3362.0,49
rb1805,20171012,20171011,210526500,3363.0,52540,610416,1771403120.0,3364.0,10,3363.0,23
rb1805,20171012,20171011,210527000,3363.0,52540,610416,1771403120.0,3364.0,26,3363.0,27
rb1805,20171012,20171011,210527500,3363.0,52548,610424,1771672160.0,3364.0,26,3363.0,31
rb1805,20171012,20171011,210528000,3363.0,52616,610480,1773959000.0,3363.0,36,3362.0,53
rb1805,20171012,20171011,210528500,3363.0,52632,610484,1774497060.0,3363.0,17,3362.0,53
rb1805,20171012,20171011,210529000,3363.0,52652,610488,1775169620.0,3363.0,9,3362.0,102
rb1805,20171012,20171011,210529500,3363.0,52656,610492,1775304140.0,3363.0,7,3362.0,107
rb1805,20171012,20171011,210530000,3363.0,52690,610512,1776447560.0,3364.0,52,3363.0,190
rb1805,20171012,20171011,210530500,3363.0,52694,610516,1776582080.0,3364.0,40,3363.0,191
rb1805,20171012,20171011,210531000,3363.0,52704,610518,1776918380.0,3364.0,23,3363.0,186
rb1805,20171012,20171011,210531500,3363.0,52704,610518,1776918380.0,3364.0,23,3363.0,192
rb1805,20171012,20171011,210532000,3363.0,52720,610534,1777456560.0,3364.0,22,3363.0,190
rb1805,20171012,20171011,210532500,3363.0,52724,610538,1777591100.0,3364.0,29,3363.0,195
rb1805,20171012,20171011,210533000,3364.0,52784,610576,1779609480.0,3365.0,112,3364.0,21
rb1805,20171012,20171011,210533500,3364.0,52842,610576,1781560520.0,3364.0,44,3363.0,189
rb1805,20171012,20171011,210534000,3363.0,53236,610938,1794810820.0,3363.0,351,3362.0,119
rb1805,20171012,20171011,210534500,3362.0,53252,610940,1795348740.0,3363.0,351,3362.0,106
rb1805,20171012,20171011,210535000,3362.0,53402,611056,1800391940.0,3363.0,343,3362.0,41
rb1805,20171012,20171011,210535500,3362.0,53492,611116,1803417840.0,3363.0,339,3362.0,1
rb1805,20171012,20171011,210536000,3361.0,53500,611118,1803686780.0,3362.0,8,3361.0,127
rb1805,20171012,20171011,210536500,3362.0,53522,611112,1804426420.0,3362.0,23,3361.0,127
rb1805,20171012,20171011,210537000,3361.0,53546,611122,1805233100.0,3362.0,24,3361.0,116
rb1805,20171012,20171011,210537500,3361.0,53562,611128,1805770900.0,3362.0,31,3361.0,111
rb1805,20171012,20171011,210538000,3362.0,53586,611142,1806577740.0,3362.0,21,3361.0,108
rb1805,20171012,20171011,210538500,3362.0,53590,611140,1806712200.0,3362.0,19,3361.0,108
rb1805,20171012,20171011,210539000,3361.0,53596,611136,1806913900.0,3362.0,25,3361.0,107
rb1805,20171012,20171011,210539500,3362.0,53600,611136,1807048360.0,3362.0,24,3361.0,106
rb1805,20171012,20171011,210540000,3362.0,53628,611130,1807989660.0,3362.0,10,3361.0,106
rb1805,20171012,20171011,210540500,3361.0,53864,611128,1815924720.0,3363.0,291,3361.0,94
rb1805,20171012,20171011,210541000,3361.0,53868,611130,1816059160.0,3363.0,291,3362.0,4
rb1805,20171012,20171011,210541500,3361.0,53880,611130,1816462560.0,3362.0,1,3361.0,90
rb1805,20171012,20171011,210542000,3361.0,53886,611124,1816664240.0,3363.0,291,3361.0,88
rb1805,20171012,20171011,210542500,3363.0,53896,611134,1817000540.0,3363.0,286,3361.0,88
rb1805,20171012,20171011,210543000,3363.0,53896,611134,1817000540.0,3363.0,287,3362.0,3
rb1805,20171012,20171011,210543500,3362.0,53918,611136,1817740080.0,3362.0,37,3361.0,88
rb1805,20171012,20171011,210544000,3361.0,54094,611262,1823655540.0,3361.0,67,3360.0,121
rb1805,20171012,20171011,210544500,3361.0,54100,611264,1823857200.0,3361.0,64,3360.0,121
rb1805,20171012,20171011,210545000,3361.0,54100,611264,1823857200.0,3361.0,66,3360.0,121
rb1805,20171012,20171011,210545500,3360.0,54344,611472,1832055600.0,3360.0,2,3359.0,201
rb1805,20171012,20171011,210546000,3360.0,54370,611476,1832929280.0,3361.0,62,3360.0,1
rb1805,20171012,20171011,210546500,3361.0,54568,611472,1839583960.0,3362.0,47,3361.0,5
rb1805,20171012,20171011,210547000,3360.0,54604,611466,1840793880.0,3361.0,4,3359.0,204
rb1805,20171012,20171011,210547500,3359.0,54654,611458,1842473700.0,3361.0,6,3360.0,2
rb1805,20171012,20171011,210548000,3359.0,54772,611544,1846438420.0,3362.0,63,3359.0,174
rb1805,20171012,20171011,210548500,3360.0,54796,611548,1847244820.0,3361.0,67,3360.0,64
rb1805,20171012,20171011,210549000,3361.0,54942,611548,1852151880.0,3362.0,65,3361.0,29
rb1805,20171012,20171011,210549500,3361.0,54986,611544,1853630720.0,3362.0,76,3361.0,16
rb1805,20171012,20171011,210550000,3361.0,55000,611544,1854101260.0,3362.0,76,3361.0,15
rb1805,20171012,20171011,210550500,3362.0,55048,611538,1855714460.0,3362.0,80,3361.0,10
rb1805,20171012,20171011,210551000,3362.0,55050,611540,1855781700.0,3362.0,76,3361.0,30
rb1805,20171012,20171011,210551500,3361.0,55064,611540,1856252240.0,3362.0,62,3361.0,26
rb1805,20171012,20171011,210552000,3361.0,55068,611540,1856386700.0,3362.0,61,3361.0,26
rb1805,20171012,20171011,210552500,3361.0,55088,611540,1857058900.0,3362.0,64,3361.0,17
rb1805,20171012,20171011,210553000,3361.0,55116,611552,1858000020.0,3362.0,63,3361.0,9
rb1805,20171012,20171011,210553500,3361.0,55132,611560,1858537820.0,3362.0,62,3361.0,3
rb1805,20171012,20171011,210554000,3362.0,55198,611564,1860756740.0,3362.0,30,3361.0,5
rb1805,20171012,20171011,210554500,3362.0,55248,611562,1862437680.0,3362.0,8,3361.0,8
rb1805,20171012,20171011,210555000,3361.0,55250,611564,1862504900.0,3362.0,12,3361.0,13
rb1805,20171012,20171011,210555500,3361.0,55252,611564,1862572120.0,3362.0,15,3361.0,14
rb1805,20171012,20171011,210556000,3361.0,55260,611562,1862841000.0,3362.0,15,3361.0,11
rb1805,20171012,20171011,210556500,3361.0,55268,611560,1863109900.0,3362.0,18,3361.0,11
rb1805,20171012,20171011,210557000,3362.0,55300,611580,1864185720.0,3362.0,5,3361.0,19
rb1805,20171012,20171011,210557500,3363.0,55356,611618,1866068900.0,3363.0,273,3361.0,24
rb1805,20171012,20171011,210558000,3361.0,55380,611628,1866875700.0,3362.0,1,3361.0,21
rb1805,20171012,20171011,210558500,3361.0,55422,611616,1868287320.0,3361.0,8,3360.0,176
rb1805,20171012,20171011,210559000,3360.0,55502,611616,1870975320.0,3361.0,6,3360.0,134
rb1805,20171012,20171011,210559500,3361.0,55516,611614,1871445800.0,3361.0,3,3360.0,131
rb1805,20171012,20171011,210600000,3361.0,55518,611616,1871513020.0,3361.0,1,3360.0,132
rb1805,20171012,20171011,210600500,3360.0,55538,611622,1872185100.0,3362.0,24,3360.0,122
rb1805,20171012,20171011,210601000,3361.0,55550,611624,1872588320.0,3361.0,14,3360.0,118
rb1805,20171012,20171011,210601500,3361.0,55586,611654,1873798260.0,3362.0,27,3361.0,10
rb1805,20171012,20171011,210602000,3361.0,55606,611658,1874470460.0,3361.0,9,3360.0,107
rb1805,20171012,20171011,210602500,3361.0,55610,611662,1874604900.0,3361.0,7,3360.0,109
rb1805,20171012,20171011,210603000,3361.0,55610,611662,1874604900.0,3361.0,7,3360.0,110
rb1805,20171012,20171011,210603500,3361.0,55612,611664,1874672120.0,3361.0,6,3360.0,111
rb1805,20171012,20171011,210604000,3361.0,55636,611658,1875478760.0,3362.0,45,3361.0,5
rb1805,20171012,20171011,210604500,3361.0,55638,611658,1875545980.0,3362.0,45,3361.0,5
rb1805,20171012,20171011,210605000,3361.0,55646,611654,1875814860.0,3362.0,49,3361.0,16
rb1805,20171012,20171011,210605500,3362.0,55666,611664,1876487220.0,3362.0,38,3361.0,19
rb1805,20171012,20171011,210606000,3362.0,55668,611666,1876554460.0,3362.0,34,3361.0,85
rb1805,20171012,20171011,210606500,3362.0,55680,611666,1876957800.0,3362.0,32,3361.0,132
rb1805,20171012,20171011,210607000,3362.0,55730,611666,1878638720.0,3362.0,10,3361.0,136
rb1805,20171012,20171011,210607500,3362.0,55750,611662,1879311120.0,3363.0,269,3362.0,5
rb1805,20171012,20171011,210608000,3361.0,55778,611666,1880252420.0,3362.0,20,3361.0,141
rb1805,20171012,20171011,210608500,3362.0,56070,611832,1890066580.0,3362.0,12,3361.0,15
rb1805,20171012,20171011,210609000,3360.0,56108,611822,1891343740.0,3361.0,30,3360.0,111
rb1805,20171012,20171011,210609500,3361.0,56160,611784,1893090960.0,3361.0,43,3360.0,88
rb1805,20171012,20171011,210610000,3360.0,56184,611804,1893897380.0,3361.0,41,3360.0,82
rb1805,20171012,20171011,210610500,3361.0,56274,611822,1896922280.0,3362.0,23,3361.0,6
rb1805,20171012,20171011,210611000,3361.0,56472,611954,1903575380.0,3361.0,23,3360.0,1
rb1805,20171012,20171011,210611500,3360.0,56482,611954,1903911420.0,3360.0,3,3359.0,210
rb1805,20171012,20171011,210612000,3360.0,56490,611954,1904180220.0,3361.0,26,3360.0,40
rb1805,20171012,20171011,210612500,3360.0,56526,611926,1905389860.0,3361.0,84,3360.0,8
rb1805,20171012,20171011,210613000,3360.0,56596,611910,1907741840.0,3360.0,10,3359.0,206
rb1805,20171012,20171011,210613500,3360.0,56616,611894,1908413840.0,3361.0,84,3360.0,71
rb1805,20171012,20171011,210614000,3361.0,56854,611890,1916411980.0,3361.0,10,3360.0,4
rb1805,20171012,20171011,210614500,3360.0,56896,611870,1917823440.0,3361.0,9,3360.0,7
rb1805,20171012,20171011,210615000,3360.0,56920,611884,1918630020.0,3362.0,20,3360.0,5
rb1805,20171012,20171011,210615500,3361.0,56930,611878,1918966120.0,3362.0,21,3361.0,1
rb1805,20171012,20171011,210616000,3360.0,56938,611882,1919234940.0,3361.0,1,3360.0,13
rb1805,20171012,20171011,210616500,3361.0,56944,611880,1919436620.0,3362.0,35,3361.0,6
rb1805,20171012,20171011,210617000,3361.0,56962,611886,1920041580.0,3361.0,29,3360.0,27
rb1805,20171012,20171011,210617500,3361.0,56962,611886,1920041580.0,3361.0,26,3360.0,26
rb1805,20171012,20171011,210618000,3361.0,57002,611918,1921385640.0,3361.0,20,3360.0,18
rb1805,20171012,20171011,210618500,3361.0,57004,611920,1921452860.0,3361.0,21,3360.0,26
rb1805,20171012,20171011,210619000,3361.0,57024,611926,1922125060.0,3361.0,3,3360.0,47
rb1805,20171012,20171011,210619500,3362.0,57034,611928,1922461200.0,3362.0,41,3361.0,13
rb1805,20171012,20171011,210620000,3361.0,57068,611918,1923603920.0,3362.0,38,3360.0,52
rb1805,20171012,20171011,210620500,3361.0,57086,611936,1924208800.0,3362.0,40,3361.0,4
rb1805,20171012,20171011,210621000,3361.0,57104,611944,1924813780.0,3361.0,4,3360.0,106
rb1805,20171012,20171011,210621500,3361.0,57214,611952,1928510200.0,3362.0,41,3361.0,81
rb1805,20171012,20171011,210622000,3361.0,57382,612110,1934156660.0,3361.0,95,3360.0,69
rb1805,20171012,20171011,210622500,3361.0,57416,612106,1935299180.0,3361.0,62,3360.0,60
rb1805,20171012,20171011,210623000,3359.0,57640,612198,1942824540.0,3360.0,1,3359.0,156
rb1805,20171012,20171011,210623500,3362.0,57898,612328,1951496760.0,3363.0,296,3362.0,10
rb1805,20171012,20171011,210624000,3360.0,57946,612350,1953109980.0,3361.0,16,3360.0,63
rb1805,20171012,20171011,210624500,3360.0,58008,612320,1955193560.0,3361.0,20,3360.0,36
rb1805,20171012,20171011,210625000,3360.0,58064,612330,1957075340.0,3361.0,18,3360.0,11
rb1805,20171012,20171011,210625500,3360.0,58108,612348,1958553740.0,3360.0,28,3359.0,153
rb1805,20171012,20171011,210626000,3360.0,58164,612316,1960435340.0,3360.0,10,3359.0,154
rb1805,20171012,20171011,210626500,3361.0,58192,612314,1961376220.0,3361.0,10,3360.0,90
rb1805,20171012,20171011,210627000,3361.0,58204,612322,1961779500.0,3361.0,6,3360.0,70
rb1805,20171012,20171011,210627500,3361.0,58228,612328,1962586140.0,3362.0,59,3361.0,17
rb1805,20171012,20171011,210628000,3361.0,58262,612326,1963728860.0,3361.0,34,3360.0,89
rb1805,20171012,20171011,210628500,3361.0,58342,612366,1966417660.0,3362.0,49,3361.0,11
rb1805,20171012,20171011,210629000,3362.0,58352,612370,1966753820.0,3362.0,46,3361.0,15
rb1805,20171012,20171011,210629500,3362.0,58362,612376,1967090020.0,3362.0,41,3361.0,16
rb1805,20171012,20171011,210630000,3361.0,58406,612382,1968568860.0,3362.0,37,3361.0,19
rb1805,20171012,20171011,210630500,3361.0,58412,612382,1968770520.0,3362.0,42,3361.0,21
rb1805,20171012,20171011,210631000,3358.0,59214,612154,1995710260.0,3361.0,1,3360.0,61
rb1805,20171012,20171011,210631500,3360.0,59504,612234,2005456280.0,3362.0,26,3361.0,102
rb1805,20171012,20171011,210632000,3361.0,59510,612238,2005657940.0,3362.0,26,3361.0,101
rb1805,20171012,20171011,210632500,3361.0,59528,612242,2006263020.0,3362.0,21,3361.0,97
rb1805,20171012,20171011,210633000,3361.0,59536,612248,2006531920.0,3362.0,31,3361.0,100
rb1805,20171012,20171011,210633500,3362.0,59554,612260,2007136960.0,3362.0,36,3361.0,94
rb1805,20171012,20171011,210634000,3361.0,59640,612270,2010027440.0,3362.0,35,3361.0,52
rb1805,20171012,20171011,210634500,3362.0,59668,612280,2010968760.0,3362.0,25,3361.0,50
rb1805,20171012,20171011,210635000,3361.0,60198,612780,2028770760.0,3362.0,19,3361.0,12
rb1805,20171012,20171011,210635500,3362.0,60268,612728,2031124140.0,3363.0,22,3362.0,51
rb1805,20171012,20171011,210636000,3362.0,60314,612714,2032671020.0,3363.0,6,3362.0,34
rb1805,20171012,20171011,210636500,3363.0,60332,612708,2033276360.0,3364.0,78,3362.0,41
rb1805,20171012,20171011,210637000,3362.0,60346,612704,2033747160.0,3364.0,76,3362.0,48
rb1805,20171012,20171011,210637500,3362.0,60452,612706,2037310880.0,3364.0,76,3363.0,5
rb1805,20171012,20171011,210638000,3362.0,60468,612716,2037848800.0,3364.0,77,3363.0,1
rb1805,20171012,20171011,210638500,3363.0,60496,612722,2038790440.0,3364.0,57,3363.0,2
rb1805,20171012,20171011,210639000,3363.0,60508,612726,2039194000.0,3363.0,5,3362.0,3
rb1805,20171012,20171011,210639500,3362.0,60524,612726,2039732040.0,3363.0,4,3362.0,3
rb1805,20171012,20171011,210640000,3364.0,60614,612774,2042759500.0,3364.0,29,3363.0,13
rb1805,20171012,20171011,210640500,3364.0,60822,612788,2049757960.0,3364.0,2,3363.0,23
rb1805,20171012,20171011,210641000,3364.0,60952,612794,2054132560.0,3366.0,70,3364.0,43
rb1805,20171012,20171011,210641500,3364.0,60972,612788,2054805420.0,3365.0,15,3364.0,36
rb1805,20171012,20171011,210642000,3364.0,61006,612786,2055949520.0,3365.0,2,3364.0,35
rb1805,20171012,20171011,210642500,3364.0,61014,612786,2056218700.0,3366.0,73,3364.0,36
rb1805,20171012,20171011,210643000,3364.0,61024,612782,2056555160.0,3365.0,11,3364.0,34
rb1805,20171012,20171011,210643500,3365.0,61050,612786,2057430020.0,3365.0,2,3364.0,38
rb1805,20171012,20171011,210644000,3364.0,61094,612756,2058910500.0,3365.0,46,3364.0,32
rb1805,20171012,20171011,210644500,3365.0,61108,612748,2059381600.0,3365.0,62,3364.0,33
rb1805,20171012,20171011,210645000,3365.0,61132,612744,2060189200.0,3365.0,51,3364.0,35
rb1805,20171012,20171011,210645500,3365.0,61172,612724,2061535180.0,3365.0,35,3364.0,52
rb1805,20171012,20171011,210646000,3364.0,61178,612722,2061737040.0,3365.0,34,3364.0,50
rb1805,20171012,20171011,210646500,3365.0,61204,612732,2062611940.0,3365.0,21,3364.0,40
rb1805,20171012,20171011,210647000,3365.0,61252,612760,2064227100.0,3366.0,92,3365.0,2
rb1805,20171012,20171011,210647500,3366.0,61266,612758,2064698240.0,3366.0,90,3364.0,38
rb1805,20171012,20171011,210648000,3366.0,61300,612758,2065842560.0,3366.0,114,3365.0,4
rb1805,20171012,20171011,210648500,3366.0,61310,612750,2066179160.0,3366.0,89,3365.0,5
rb1805,20171012,20171011,210649000,3366.0,61328,612744,2066785000.0,3366.0,85,3365.0,4
rb1805,20171012,20171011,210649500,3365.0,61362,612736,2067929300.0,3365.0,6,3364.0,34
rb1805,20171012,20171011,210650000,3367.0,61536,612614,2073786140.0,3367.0,49,3366.0,9
rb1805,20171012,20171011,210650500,3366.0,61558,612620,2074526740.0,3367.0,46,3366.0,7
rb1805,20171012,20171011,210651000,3366.0,61586,612620,2075469160.0,3366.0,2,3365.0,27
rb1805,20171012,20171011,210651500,3365.0,61614,612626,2076411560.0,3366.0,7,3365.0,26
rb1805,20171012,20171011,210652000,3366.0,61618,612626,2076546200.0,3366.0,7,3365.0,27
rb1805,20171012,20171011,210652500,3366.0,61646,612636,2077488640.0,3366.0,35,3365.0,35
rb1805,20171012,20171011,210653000,3366.0,61652,612638,2077690600.0,3366.0,36,3365.0,35
rb1805,20171012,20171011,210653500,3366.0,61664,612634,2078094460.0,3366.0,39,3365.0,40
rb1805,20171012,20171011,210654000,3366.0,61674,612634,2078431060.0,3366.0,35,3365.0,54
rb1805,20171012,20171011,210654500,3366.0,61716,612656,2079844380.0,3366.0,36,3365.0,34
rb1805,20171012,20171011,210655000,3365.0,61722,612652,2080046280.0,3366.0,38,3365.0,29
rb1805,20171012,20171011,210655500,3366.0,61726,612652,2080180900.0,3366.0,38,3365.0,38
rb1805,20171012,20171011,210656000,3366.0,61740,612646,2080652100.0,3366.0,40,3365.0,36
rb1805,20171012,20171011,210656500,3366.0,61762,612668,2081392620.0,3366.0,32,3365.0,37
rb1805,20171012,20171011,210657000,3366.0,61766,612672,2081527260.0,3366.0,31,3365.0,37
rb1805,20171012,20171011,210657500,3366.0,61772,612670,2081729200.0,3366.0,34,3365.0,37
rb1805,20171012,20171011,210658000,3365.0,61778,612668,2081931120.0,3366.0,38,3365.0,36
rb1805,20171012,20171011,210658500,3367.0,61882,612700,2085431960.0,3367.0,89,3365.0,37
rb1805,20171012,20171011,210659000,3367.0,61958,612700,2087990880.0,3367.0,52,3366.0,4
rb1805,20171012,20171011,210659500,3366.0,61966,612696,2088260200.0,3367.0,50,3366.0,20
rb1805,20171012,20171011,210700000,3367.0,61972,612692,2088462200.0,3367.0,48,3366.0,35
rb1805,20171012,20171011,210700500,3367.0,61980,612688,2088731520.0,3367.0,46,3366.0,33
rb1805,20171012,20171011,210701000,3366.0,62034,612706,2090549160.0,3367.0,49,3366.0,7
rb1805,20171012,20171011,210701500,3366.0,62042,612708,2090818480.0,3367.0,47,3366.0,5
rb1805,20171012,20171011,210702000,3367.0,62048,612714,2091020460.0,3367.0,47,3366.0,6
rb1805,20171012,20171011,210702500,3366.0,62064,612718,2091559020.0,3367.0,47,3366.0,17
rb1805,20171012,20171011,210703000,3367.0,62166,612782,2094993240.0,3367.0,4,3366.0,13
rb1805,20171012,20171011,210703500,3367.0,62280,612872,2098832660.0,3368.0,48,3367.0,1
rb1805,20171012,20171011,210704000,3368.0,62304,612876,2099640780.0,3368.0,63,3366.0,17
rb1805,20171012,20171011,210704500,3366.0,62366,612888,2101728460.0,3368.0,64,3366.0,13
rb1805,20171012,20171011,210705000,3367.0,62368,612890,2101795800.0,3367.0,4,3366.0,10
rb1805,20171012,20171011,210705500,3366.0,62372,612894,2101930460.0,3367.0,12,3366.0,19
rb1805,20171012,20171011,210706000,3366.0,62372,612894,2101930460.0,3367.0,17,3366.0,19
rb1805,20171012,20171011,210706500,3366.0,62376,612898,2102065100.0,3367.0,35,3366.0,119
rb1805,20171012,20171011,210707000,3367.0,62378,612898,2102132440.0,3367.0,51,3366.0,122
rb1805,20171012,20171011,210707500,3367.0,62386,612900,2102401780.0,3367.0,72,3366.0,121
rb1805,20171012,20171011,210708000,3367.0,62390,612896,2102536460.0,3367.0,77,3366.0,127
rb1805,20171012,20171011,210708500,3367.0,62402,612906,2102940500.0,3367.0,72,3366.0,127
rb1805,20171012,20171011,210709000,3366.0,62404,612908,2103007820.0,3367.0,96,3366.0,127
rb1805,20171012,20171011,210709500,3367.0,62448,612920,2104489100.0,3367.0,86,3366.0,117
rb1805,20171012,20171011,210710000,3366.0,62452,612918,2104623760.0,3367.0,82,3366.0,118
rb1805,20171012,20171011,210710500,3366.0,62454,612920,2104691080.0,3367.0,82,3366.0,117
rb1805,20171012,20171011,210711000,3367.0,62482,612922,2105633820.0,3367.0,71,3366.0,116
rb1805,20171012,20171011,210711500,3367.0,62508,612926,2106509200.0,3367.0,60,3366.0,114
rb1805,20171012,20171011,210712000,3366.0,62610,613026,2109942520.0,3367.0,68,3366.0,63
rb1805,20171012,20171011,210712500,3366.0,62610,613026,2109942520.0,3367.0,68,3366.0,63
rb1805,20171012,20171011,210713000,3367.0,62824,613070,2117148260.0,3368.0,49,3367.0,15
rb1805,20171012,20171011,210713500,3367.0,62828,613070,2117282940.0,3368.0,50,3367.0,15
rb1805,20171012,20171011,210714000,3367.0,62852,613094,2118091020.0,3368.0,52,3367.0,8
rb1805,20171012,20171011,210714500,3366.0,62904,613092,2119841780.0,3367.0,14,3366.0,57
rb1805,20171012,20171011,210715000,3366.0,62904,613092,2119841780.0,3367.0,15,3366.0,59
rb1805,20171012,20171011,210715500,3367.0,62906,613092,2119909120.0,3367.0,26,3366.0,59
rb1805,20171012,20171011,210716000,3367.0,62906,613092,2119909120.0,3367.0,31,3366.0,63
rb1805,20171012,20171011,210716500,3366.0,62916,613096,2120245760.0,3367.0,52,3366.0,62
rb1805,20171012,20171011,210717000,3367.0,62950,613098,2121390480.0,3367.0,39,3366.0,60
rb1805,20171012,20171011,210717500,3367.0,62950,613098,2121390480.0,3367.0,42,3366.0,61
rb1805,20171012,20171011,210718000,3367.0,62956,613096,2121592500.0,3367.0,41,3366.0,62
rb1805,20171012,20171011,210718500,3367.0,62956,613096,2121592500.0,3367.0,49,3366.0,62
rb1805,20171012,20171011,210719000,3367.0,62960,613092,2121727180.0,3367.0,49,3366.0,62
rb1805,20171012,20171011,210719500,3367.0,62972,613094,2122131220.0,3367.0,43,3366.0,62
rb1805,20171012,20171011,210720000,3367.0,62974,613092,2122198560.0,3367.0,52,3366.0,63
rb1805,20171012,20171011,210720500,3366.0,62978,613094,2122333220.0,3367.0,50,3366.0,67
rb1805,20171012,20171011,210721000,3366.0,62984,613096,2122535200.0,3367.0,49,3366.0,72
rb1805,20171012,20171011,210721500,3366.0,62988,613100,2122669840.0,3367.0,49,3366.0,70
rb1805,20171012,20171011,210722000,3367.0,62990,613102,2122737180.0,3367.0,49,3366.0,72
rb1805,20171012,20171011,210722500,3367.0,62992,613102,2122804520.0,3367.0,48,3366.0,89
rb1805,20171012,20171011,210723000,3367.0,62992,613102,2122804520.0,3367.0,48,3366.0,108
rb1805,20171012,20171011,210723500,3367.0,63012,613082,2123477920.0,3367.0,39,3366.0,108
rb1805,20171012,20171011,210724000,3367.0,63092,613052,2126171520.0,3368.0,87,3367.0,17
rb1805,20171012,20171011,210724500,3368.0,63262,613144,2131897080.0,3368.0,6,3367.0,11
rb1805,20171012,20171011,210725000,3367.0,63272,613148,2132233840.0,3368.0,3,3367.0,31
rb1805,20171012,20171011,210725500,3368.0,63290,613158,2132839920.0,3368.0,12,3367.0,25
rb1805,20171012,20171011,210726000,3368.0,63302,613166,2133244060.0,3368.0,9,3367.0,24
rb1805,20171012,20171011,210726500,3367.0,63304,613168,2133311400.0,3368.0,17,3367.0,23
rb1805,20171012,20171011,210727000,3368.0,63316,613170,2133715560.0,3368.0,15,3367.0,23
rb1805,20171012,20171011,210727500,3368.0,63346,613164,2134725960.0,3369.0,130,3368.0,2
rb1805,20171012,20171011,210728000,3369.0,63378,613138,2135803760.0,3369.0,127,3368.0,17
rb1805,20171012,20171011,210728500,3368.0,63444,613122,2138027280.0,3369.0,104,3368.0,48
rb1805,20171012,20171011,210729000,3368.0,63462,613122,2138633520.0,3369.0,108,3368.0,39
rb1805,20171012,20171011,210729500,3369.0,63464,613120,2138700900.0,3369.0,107,3368.0,30
rb1805,20171012,20171011,210730000,3368.0,63504,613126,2140048460.0,3369.0,89,3368.0,32
rb1805,20171012,20171011,210730500,3369.0,63506,613126,2140115840.0,3369.0,88,3368.0,33
rb1805,20171012,20171011,210731000,3369.0,63516,613126,2140452740.0,3369.0,83,3368.0,34
rb1805,20171012,20171011,210731500,3369.0,63528,613126,2140857000.0,3369.0,74,3368.0,34
rb1805,20171012,20171011,210732000,3368.0,63554,613122,2141732720.0,3369.0,78,3368.0,22
rb1805,20171012,20171011,210732500,3368.0,63580,613126,2142608460.0,3369.0,86,3368.0,12
rb1805,20171012,20171011,210733000,3367.0,63628,613132,2144225000.0,3369.0,83,3367.0,69
rb1805,20171012,20171011,210733500,3369.0,63672,613142,2145707280.0,3369.0,66,3367.0,75
rb1805,20171012,20171011,210734000,3369.0,63674,613140,2145774660.0,3369.0,67,3368.0,2
rb1805,20171012,20171011,210734500,3369.0,63682,613136,2146044160.0,3369.0,66,3368.0,1
rb1805,20171012,20171011,210735000,3369.0,63722,613102,2147391480.0,3369.0,60,3368.0,3
rb1805,20171012,20171011,210735500,3368.0,63752,613078,2148401880.0,3368.0,20,3367.0,80
rb1805,20171012,20171011,210736000,3368.0,63754,613078,2148469240.0,3368.0,42,3367.0,67
rb1805,20171012,20171011,210736500,3368.0,63756,613076,2148536600.0,3368.0,37,3367.0,7
rb1805,20171012,20171011,210737000,3368.0,63756,613076,2148536600.0,3368.0,37,3367.0,7
rb1805,20171012,20171011,210737500,3367.0,63770,613082,2149007980.0,3367.0,1,3366.0,161
rb1805,20171012,20171011,210738000,3368.0,63780,613082,2149344760.0,3368.0,30,3366.0,164
rb1805,20171012,20171011,210738500,3367.0,63886,613180,2152912900.0,3367.0,9,3366.0,55
rb1805,20171012,20171011,210739000,3366.0,63892,613180,2153114860.0,3367.0,9,3366.0,77
rb1805,20171012,20171011,210739500,3367.0,63920,613196,2154057620.0,3368.0,86,3367.0,69
rb1805,20171012,20171011,210740000,3367.0,64078,613328,2159377480.0,3367.0,23,3366.0,71
rb1805,20171012,20171011,210740500,3367.0,64080,613328,2159444820.0,3367.0,22,3366.0,88
rb1805,20171012,20171011,210741000,3367.0,64084,613332,2159579500.0,3367.0,32,3366.0,95
rb1805,20171012,20171011,210741500,3366.0,64090,613334,2159781480.0,3367.0,41,3366.0,93
rb1805,20171012,20171011,210742000,3367.0,64124,613356,2160926060.0,3367.0,36,3366.0,79
rb1805,20171012,20171011,210742500,3367.0,64312,613446,2167254420.0,3367.0,22,3365.0,60
rb1805,20171012,20171011,210743000,3367.0,64396,613492,2170082700.0,3367.0,33,3365.0,55
rb1805,20171012,20171011,210743500,3367.0,64396,613492,2170082700.0,3366.0,3,3365.0,56
rb1805,20171012,20171011,210744000,3365.0,64410,613492,2170553920.0,3367.0,93,3365.0,54
rb1805,20171012,20171011,210744500,3365.0,64410,613492,2170553920.0,3366.0,3,3365.0,54
rb1805,20171012,20171011,210745000,3365.0,64414,613494,2170688540.0,3366.0,3,3365.0,54
rb1805,20171012,20171011,210745500,3365.0,64462,613470,2172303840.0,3367.0,92,3365.0,34
rb1805,20171012,20171011,210746000,3365.0,64554,613524,2175399760.0,3365.0,458,3364.0,45
rb1805,20171012,20171011,210746500,3365.0,64598,613528,2176880360.0,3365.0,437,3364.0,50
rb1805,20171012,20171011,210747000,3365.0,64602,613530,2177014940.0,3365.0,437,3364.0,51
rb1805,20171012,20171011,210747500,3364.0,64620,613532,2177620620.0,3365.0,431,3364.0,50
rb1805,20171012,20171011,210748000,3365.0,64634,613534,2178091640.0,3365.0,431,3364.0,43
rb1805,20171012,20171011,210748500,3365.0,64666,613534,2179168420.0,3365.0,416,3364.0,54
rb1805,20171012,20171011,210749000,3365.0,64692,613560,2180043320.0,3365.0,403,3364.0,53
rb1805,20171012,20171011,210749500,3364.0,64792,613608,2183407340.0,3364.0,3,3363.0,44
rb1805,20171012,20171011,210750000,3365.0,64804,613620,2183811060.0,3365.0,400,3364.0,33
rb1805,20171012,20171011,210750500,3364.0,64838,613608,2184954920.0,3365.0,395,3364.0,20
rb1805,20171012,20171011,210751000,3364.0,64850,613610,2185358620.0,3365.0,398,3364.0,15
rb1805,20171012,20171011,210751500,3365.0,64870,613610,2186031620.0,3365.0,389,3364.0,25
rb1805,20171012,20171011,210752000,3364.0,64896,613584,2186906260.0,3365.0,390,3364.0,23
rb1805,20171012,20171011,210752500,3364.0,64896,613584,2186906260.0,3365.0,390,3364.0,24
rb1805,20171012,20171011,210753000,3364.0,64896,613584,2186906260.0,3365.0,390,3364.0,24
rb1805,20171012,20171011,210753500,3365.0,64912,613588,2187444640.0,3365.0,383,3364.0,28
rb1805,20171012,20171011,210754000,3364.0,64958,613604,2188992280.0,3365.0,373,3364.0,21
rb1805,20171012,20171011,210754500,3364.0,64990,613604,2190068780.0,3365.0,372,3364.0,11
rb1805,20171012,20171011,210755000,3364.0,64994,613604,2190203340.0,3365.0,405,3364.0,6
rb1805,20171012,20171011,210755500,3365.0,65000,613610,2190405240.0,3365.0,402,3364.0,6
rb1805,20171012,20171011,210756000,3365.0,65000,613610,2190405240.0,3365.0,403,3364.0,14
rb1805,20171012,20171011,210756500,3364.0,65022,613610,2191145520.0,3365.0,396,3364.0,14
rb1805,20171012,20171011,210757000,3365.0,65024,613612,2191212820.0,3365.0,395,3364.0,17
rb1805,20171012,20171011,210757500,3365.0,65024,613612,2191212820.0,3365.0,395,3364.0,17
rb1805,20171012,20171011,210758000,3364.0,65058,613614,2192356580.0,3364.0,1,3363.0,78
rb1805,20171012,20171011,210758500,3364.0,65082,613618,2193163940.0,3365.0,397,3364.0,12
rb1805,20171012,20171011,210759000,3365.0,65098,613616,2193702240.0,3365.0,396,3364.0,2
rb1805,20171012,20171011,210759500,3364.0,65112,613626,2194173200.0,3364.0,10,3363.0,97
rb1805,20171012,20171011,210800000,3365.0,65134,613620,2194913300.0,3364.0,1,3363.0,97
rb1805,20171012,20171011,210800500,3365.0,65136,613622,2194980600.0,3364.0,3,3363.0,98
rb1805,20171012,20171011,210801000,3364.0,65138,613624,2195047880.0,3364.0,2,3363.0,98
rb1805,20171012,20171011,210801500,3364.0,65142,613624,2195182440.0,3365.0,395,3364.0,4
rb1805,20171012,20171011,210802000,3364.0,65160,613630,2195787960.0,3364.0,10,3363.0,92
rb1805,20171012,20171011,210802500,3364.0,65184,613634,2196595300.0,3365.0,396,3364.0,17
rb1805,20171012,20171011,210803000,3365.0,65194,613644,2196931720.0,3365.0,395,3364.0,71
rb1805,20171012,20171011,210803500,3365.0,65194,613644,2196931720.0,3365.0,395,3364.0,72
rb1805,20171012,20171011,210804000,3365.0,65348,613760,2202113820.0,3365.0,318,3364.0,85
rb1805,20171012,20171011,210804500,3365.0,65610,613948,2210930120.0,3365.0,188,3364.0,87
rb1805,20171012,20171011,210805000,3365.0,65798,614070,2217256100.0,3365.0,105,3364.0,92
rb1805,20171012,20171011,210805500,3365.0,66008,614074,2224322600.0,3366.0,5,3365.0,102
rb1805,20171012,20171011,210806000,3365.0,66050,614086,2225736240.0,3367.0,85,3365.0,115
rb1805,20171012,20171011,210806500,3365.0,66050,614086,2225736240.0,3367.0,85,3366.0,34
rb1805,20171012,20171011,210807000,3365.0,66050,614086,2225736240.0,3367.0,95,3366.0,34
rb1805,20171012,20171011,210807500,3365.0,66050,614086,2225736240.0,3367.0,95,3366.0,68
rb1805,20171012,20171011,210808000,3367.0,66094,614110,2227217720.0,3367.0,75,3366.0,63
rb1805,20171012,20171011,210808500,3367.0,66100,614108,2227419700.0,3367.0,74,3366.0,43
rb1805,20171012,20171011,210809000,3366.0,66186,614096,2230314460.0,3367.0,75,3365.0,113
rb1805,20171012,20171011,210809500,3367.0,66224,614128,2231593640.0,3367.0,70,3366.0,46
rb1805,20171012,20171011,210810000,3366.0,66318,614128,2234757680.0,3366.0,2,3365.0,99
rb1805,20171012,20171011,210810500,3366.0,66318,614128,2234757680.0,3366.0,11,3365.0,87
rb1805,20171012,20171011,210811000,3366.0,66348,614126,2235767520.0,3367.0,69,3366.0,83
rb1805,20171012,20171011,210811500,3366.0,66356,614124,2236036840.0,3367.0,67,3366.0,79
rb1805,20171012,20171011,210812000,3366.0,66422,614126,2238258400.0,3366.0,8,3365.0,27
rb1805,20171012,20171011,210812500,3366.0,66428,614126,2238460320.0,3366.0,11,3365.0,26
rb1805,20171012,20171011,210813000,3366.0,66454,614126,2239335480.0,3367.0,72,3366.0,4
rb1805,20171012,20171011,210813500,3366.0,66464,614116,2239672080.0,3366.0,15,3365.0,28
rb1805,20171012,20171011,210814000,3366.0,66466,614114,2239739400.0,3366.0,31,3365.0,38
rb1805,20171012,20171011,210814500,3366.0,66468,614114,2239806720.0,3366.0,30,3365.0,38
rb1805,20171012,20171011,210815000,3366.0,66482,614102,2240277960.0,3366.0,23,3365.0,84
rb1805,20171012,20171011,210815500,3365.0,66488,614104,2240479900.0,3366.0,29,3365.0,84
rb1805,20171012,20171011,210816000,3365.0,66498,614104,2240816400.0,3366.0,41,3365.0,94
rb1805,20171012,20171011,210816500,3366.0,66538,614144,2242162800.0,3366.0,25,3365.0,94
rb1805,20171012,20171011,210817000,3366.0,66540,614144,2242230120.0,3366.0,48,3365.0,95
rb1805,20171012,20171011,210817500,3366.0,66546,614144,2242432080.0,3366.0,46,3365.0,95
rb1805,20171012,20171011,210818000,3366.0,66548,614142,2242499400.0,3366.0,47,3365.0,96
rb1805,20171012,20171011,210818500,3366.0,66548,614142,2242499400.0,3366.0,47,3365.0,96
rb1805,20171012,20171011,210819000,3366.0,66588,614164,2243845480.0,3366.0,44,3365.0,81
rb1805,20171012,20171011,210819500,3366.0,66588,614164,2243845480.0,3366.0,45,3365.0,80
rb1805,20171012,20171011,210820000,3366.0,66590,614164,2243912800.0,3366.0,58,3365.0,32
rb1805,20171012,20171011,210820500,3365.0,66626,614176,2245124200.0,3366.0,60,3365.0,14
rb1805,20171012,20171011,210821000,3365.0,66694,614134,2247412400.0,3365.0,56,3364.0,97
rb1805,20171012,20171011,210821500,3365.0,66696,614136,2247479700.0,3365.0,55,3364.0,97
rb1805,20171012,20171011,210822000,3365.0,66736,614122,2248825700.0,3365.0,50,3364.0,97
rb1805,20171012,20171011,210822500,3364.0,66826,614120,2251854180.0,3365.0,6,3364.0,95
rb1805,20171012,20171011,210823000,3366.0,66844,614120,2252459940.0,3366.0,31,3365.0,36
rb1805,20171012,20171011,210823500,3365.0,66846,614120,2252527240.0,3366.0,27,3365.0,37
rb1805,20171012,20171011,210824000,3365.0,66846,614120,2252527240.0,3366.0,26,3365.0,41
rb1805,20171012,20171011,210824500,3365.0,66846,614120,2252527240.0,3366.0,29,3365.0,45
rb1805,20171012,20171011,210825000,3365.0,66846,614120,2252527240.0,3366.0,23,3365.0,46
rb1805,20171012,20171011,210825500,3365.0,66846,614120,2252527240.0,3366.0,23,3365.0,47
rb1805,20171012,20171011,210826000,3365.0,66846,614120,2252527240.0,3366.0,23,3365.0,47
rb1805,20171012,20171011,210826500,3365.0,66848,614122,2252594540.0,3366.0,23,3365.0,44
rb1805,20171012,20171011,210827000,3366.0,66852,614124,2252729160.0,3366.0,23,3365.0,43
rb1805,20171012,20171011,210827500,3366.0,66852,614124,2252729160.0,3366.0,23,3365.0,43
rb1805,20171012,20171011,210828000,3366.0,66852,614124,2252729160.0,3366.0,26,3365.0,43
rb1805,20171012,20171011,210828500,3365.0,66858,614124,2252931060.0,3366.0,23,3365.0,41
rb1805,20171012,20171011,210829000,3366.0,66860,614126,2252998380.0,3366.0,22,3365.0,41
rb1805,20171012,20171011,210829500,3366.0,66860,614126,2252998380.0,3366.0,28,3365.0,42
rb1805,20171012,20171011,210830000,3366.0,66860,614126,2252998380.0,3366.0,29,3365.0,42
rb1805,20171012,20171011,210830500,3365.0,66902,614146,2254411900.0,3366.0,18,3365.0,32
rb1805,20171012,20171011,210831000,3366.0,66912,614152,2254748500.0,3366.0,13,3365.0,33
rb1805,20171012,20171011,210831500,3366.0,66912,614152,2254748500.0,3366.0,14,3365.0,34
rb1805,20171012,20171011,210832000,3366.0,66914,614154,2254815820.0,3366.0,13,3365.0,45
rb1805,20171012,20171011,210832500,3366.0,66914,614154,2254815820.0,3366.0,15,3365.0,44
rb1805,20171012,20171011,210833000,3366.0,66916,614156,2254883140.0,3366.0,14,3365.0,44
rb1805,20171012,20171011,210833500,3366.0,66916,614156,2254883140.0,3366.0,14,3365.0,42
rb1805,20171012,20171011,210834000,3365.0,66918,614156,2254950440.0,3366.0,37,3365.0,41
rb1805,20171012,20171011,210834500,3365.0,66918,614156,2254950440.0,3366.0,42,3365.0,41
rb1805,20171012,20171011,210835000,3365.0,66918,614156,2254950440.0,3366.0,38,3365.0,43
rb1805,20171012,20171011,210835500,3365.0,66918,614156,2254950440.0,3366.0,38,3365.0,44
rb1805,20171012,20171011,210836000,3365.0,66918,614156,2254950440.0,3366.0,38,3365.0,45
rb1805,20171012,20171011,210836500,3366.0,66920,614158,2255017760.0,3366.0,37,3365.0,45
rb1805,20171012,20171011,210837000,3365.0,66924,614158,2255152380.0,3366.0,49,3365.0,44
rb1805,20171012,20171011,210837500,3366.0,66932,614158,2255421660.0,3366.0,43,3365.0,48
rb1805,20171012,20171011,210838000,3365.0,66936,614158,2255556260.0,3366.0,45,3365.0,42
rb1805,20171012,20171011,210838500,3366.0,66952,614154,2256094720.0,3366.0,42,3365.0,37
rb1805,20171012,20171011,210839000,3366.0,66952,614154,2256094720.0,3366.0,42,3365.0,37
rb1805,20171012,20171011,210839500,3365.0,66956,614150,2256229320.0,3366.0,42,3365.0,35
rb1805,20171012,20171011,210840000,3365.0,66974,614132,2256835020.0,3366.0,42,3365.0,26
rb1805,20171012,20171011,210840500,3365.0,67028,614120,2258652120.0,3365.0,1,3364.0,113
rb1805,20171012,20171011,210841000,3365.0,67028,614120,2258652120.0,3365.0,1,3364.0,113
rb1805,20171012,20171011,210841500,3365.0,67032,614124,2258786720.0,3366.0,43,3365.0,1
rb1805,20171012,20171011,210842000,3365.0,67034,614124,2258854020.0,3366.0,43,3365.0,5
rb1805,20171012,20171011,210842500,3366.0,67124,614086,2261883400.0,3367.0,113,3366.0,56
rb1805,20171012,20171011,210843000,3365.0,67238,614050,2265720620.0,3366.0,2,3365.0,5
rb1805,20171012,20171011,210843500,3365.0,67238,614050,2265720620.0,3366.0,2,3365.0,6
rb1805,20171012,20171011,210844000,3365.0,67238,614050,2265720620.0,3367.0,113,3365.0,25
rb1805,20171012,20171011,210844500,3366.0,67240,614050,2265787940.0,3367.0,113,3365.0,42
rb1805,20171012,20171011,210845000,3365.0,67442,613876,2272589240.0,3367.0,13,3365.0,45
rb1805,20171012,20171011,210845500,3367.0,67444,613874,2272656580.0,3367.0,12,3366.0,14
rb1805,20171012,20171011,210846000,3366.0,67460,613858,2273195140.0,3367.0,12,3366.0,9
rb1805,20171012,20171011,210846500,3367.0,67480,613862,2273868540.0,3367.0,2,3366.0,25
rb1805,20171012,20171011,210847000,3367.0,67484,613866,2274003220.0,3368.0,155,3366.0,54
rb1805,20171012,20171011,210847500,3366.0,67486,613866,2274070540.0,3368.0,155,3366.0,49
rb1805,20171012,20171011,210848000,3366.0,67528,613826,2275484260.0,3367.0,2,3366.0,38
rb1805,20171012,20171011,210848500,3367.0,67534,613824,2275686260.0,3368.0,157,3367.0,1
rb1805,20171012,20171011,210849000,3367.0,67536,613824,2275753600.0,3367.0,21,3366.0,30
rb1805,20171012,20171011,210849500,3367.0,67536,613824,2275753600.0,3367.0,31,3366.0,30
rb1805,20171012,20171011,210850000,3367.0,67548,613828,2276157620.0,3367.0,28,3366.0,29
rb1805,20171012,20171011,210850500,3367.0,67548,613828,2276157620.0,3367.0,28,3366.0,30
rb1805,20171012,20171011,210851000,3367.0,67630,613856,2278918560.0,3367.0,137,3366.0,31
rb1805,20171012,20171011,210851500,3367.0,67638,613860,2279187880.0,3367.0,135,3366.0,29
rb1805,20171012,20171011,210852000,3367.0,67836,614058,2285854540.0,3367.0,37,3366.0,29
rb1805,20171012,20171011,210852500,3367.0,67836,614058,2285854540.0,3367.0,37,3366.0,29
rb1805,20171012,20171011,210853000,3366.0,67838,614060,2285921860.0,3367.0,37,3366.0,28
rb1805,20171012,20171011,210853500,3366.0,67878,614066,2287268260.0,3367.0,42,3366.0,9
rb1805,20171012,20171011,210854000,3366.0,67896,614072,2287874140.0,3366.0,21,3365.0,162
rb1805,20171012,20171011,210854500,3367.0,67940,614102,2289355200.0,3367.0,48,3366.0,14
rb1805,20171012,20171011,210855000,3366.0,67948,614110,2289624480.0,3367.0,48,3366.0,13
rb1805,20171012,20171011,210855500,3366.0,67974,614112,2290499640.0,3366.0,8,3365.0,166
rb1805,20171012,20171011,210856000,3366.0,67980,614106,2290701600.0,3366.0,5,3365.0,162
rb1805,20171012,20171011,210856500,3367.0,68000,614106,2291374900.0,3367.0,50,3365.0,162
rb1805,20171012,20171011,210857000,3367.0,68000,614106,2291374900.0,3366.0,2,3365.0,162
rb1805,20171012,20171011,210857500,3366.0,68006,614108,2291576860.0,3367.0,50,3366.0,3
rb1805,20171012,20171011,210858000,3366.0,68006,614108,2291576860.0,3367.0,51,3366.0,54
rb1805,20171012,20171011,210858500,3366.0,68008,614110,2291644180.0,3367.0,51,3366.0,54
rb1805,20171012,20171011,210859000,3366.0,68008,614110,2291644180.0,3367.0,51,3366.0,54
rb1805,20171012,20171011,210859500,3366.0,68022,614110,2292115440.0,3367.0,50,3366.0,49
rb1805,20171012,20171011,210900000,3366.0,68022,614110,2292115440.0,3367.0,54,3366.0,49
rb1805,20171012,20171011,210900500,3366.0,68032,614120,2292452060.0,3367.0,53,3366.0,45
rb1805,20171012,20171011,210901000,3367.0,68064,614132,2293529440.0,3367.0,40,3366.0,42
rb1805,20171012,20171011,210901500,3366.0,68068,614134,2293664080.0,3367.0,50,3366.0,40
rb1805,20171012,20171011,210902000,3366.0,68072,614138,2293798720.0,3367.0,50,3366.0,42
rb1805,20171012,20171011,210902500,3367.0,68078,614144,2294000740.0,3367.0,48,3366.0,42
rb1805,20171012,20171011,210903000,3367.0,68088,614154,2294337440.0,3367.0,43,3366.0,42
rb1805,20171012,20171011,210903500,3366.0,68114,614146,2295212840.0,3367.0,33,3366.0,41
rb1805,20171012,20171011,210904000,3367.0,68180,614124,2297435060.0,3368.0,156,3367.0,87
rb1805,20171012,20171011,210904500,3368.0,68182,614124,2297502420.0,3368.0,155,3367.0,79
rb1805,20171012,20171011,210905000,3368.0,68182,614124,2297502420.0,3368.0,155,3367.0,50
rb1805,20171012,20171011,210905500,3368.0,68182,614124,2297502420.0,3368.0,162,3367.0,52
rb1805,20171012,20171011,210906000,3368.0,68182,614124,2297502420.0,3368.0,162,3367.0,57
rb1805,20171012,20171011,210906500,3368.0,68224,614128,2298916880.0,3368.0,147,3367.0,53
rb1805,20171012,20171011,210907000,3368.0,68314,614056,2301948080.0,3368.0,103,3367.0,57
rb1805,20171012,20171011,210907500,3367.0,68356,614020,2303362620.0,3368.0,83,3367.0,56
rb1805,20171012,20171011,210908000,3368.0,68524,614056,2309020840.0,3369.0,70,3368.0,7
rb1805,20171012,20171011,210908500,3368.0,68578,614096,2310839300.0,3369.0,68,3368.0,3
rb1805,20171012,20171011,210909000,3369.0,68586,614100,2311108760.0,3369.0,67,3368.0,5
rb1805,20171012,20171011,210909500,3368.0,68588,614098,2311176120.0,3369.0,68,3368.0,6
rb1805,20171012,20171011,210910000,3370.0,68728,614146,2315892740.0,3370.0,194,3369.0,102
rb1805,20171012,20171011,210910500,3370.0,68762,614150,2317038380.0,3370.0,209,3369.0,108
rb1805,20171012,20171011,210911000,3370.0,68830,614194,2319329660.0,3370.0,191,3369.0,92
rb1805,20171012,20171011,210911500,3370.0,68864,614198,2320475400.0,3370.0,175,3369.0,92
rb1805,20171012,20171011,210912000,3370.0,68872,614200,2320745000.0,3370.0,171,3369.0,93
rb1805,20171012,20171011,210912500,3370.0,68904,614224,2321823340.0,3370.0,158,3369.0,91
rb1805,20171012,20171011,210913000,3370.0,68922,614228,2322429920.0,3370.0,151,3369.0,90
rb1805,20171012,20171011,210913500,3370.0,68936,614236,2322901700.0,3370.0,145,3369.0,89
rb1805,20171012,20171011,210914000,3369.0,68948,614248,2323306080.0,3370.0,170,3369.0,91
rb1805,20171012,20171011,210914500,3370.0,69034,614312,2326204260.0,3370.0,143,3369.0,90
rb1805,20171012,20171011,210915000,3369.0,69062,614310,2327147640.0,3370.0,141,3369.0,79
rb1805,20171012,20171011,210915500,3370.0,69064,614308,2327215040.0,3370.0,121,3369.0,79
rb1805,20171012,20171011,210916000,3370.0,69070,614310,2327417240.0,3370.0,119,3369.0,79
rb1805,20171012,20171011,210916500,3370.0,69084,614306,2327889040.0,3370.0,112,3369.0,79
rb1805,20171012,20171011,210917000,3370.0,69100,614314,2328428240.0,3370.0,105,3369.0,79
rb1805,20171012,20171011,210917500,3369.0,69116,614322,2328967420.0,3370.0,98,3369.0,78
rb1805,20171012,20171011,210918000,3370.0,69132,614326,2329506580.0,3370.0,97,3369.0,76
rb1805,20171012,20171011,210918500,3370.0,69164,614350,2330584740.0,3370.0,97,3369.0,64
rb1805,20171012,20171011,210919000,3370.0,69168,614352,2330719520.0,3370.0,96,3369.0,63
rb1805,20171012,20171011,210919500,3370.0,69182,614348,2331191260.0,3370.0,93,3369.0,60
rb1805,20171012,20171011,210920000,3369.0,69196,614352,2331662920.0,3370.0,93,3369.0,55
rb1805,20171012,20171011,210920500,3370.0,69214,614348,2332269500.0,3370.0,135,3369.0,54
rb1805,20171012,20171011,210921000,3370.0,69228,614354,2332741240.0,3370.0,135,3369.0,52
rb1805,20171012,20171011,210921500,3370.0,69282,614384,2334560620.0,3370.0,131,3369.0,31
rb1805,20171012,20171011,210922000,3369.0,69318,614410,2335773560.0,3370.0,128,3369.0,19
rb1805,20171012,20171011,210922500,3370.0,69322,614412,2335908360.0,3370.0,127,3369.0,19
rb1805,20171012,20171011,210923000,3369.0,69326,614410,2336043140.0,3370.0,130,3369.0,19
rb1805,20171012,20171011,210923500,3370.0,69332,614410,2336245340.0,3370.0,127,3369.0,19
rb1805,20171012,20171011,210924000,3370.0,69536,614220,2343120140.0,3370.0,25,3369.0,19
rb1805,20171012,20171011,210924500,3370.0,69536,614220,2343120140.0,3370.0,26,3369.0,69
rb1805,20171012,20171011,210925000,3370.0,69540,614218,2343254920.0,3370.0,25,3369.0,70
rb1805,20171012,20171011,210925500,3370.0,69578,614190,2344535520.0,3370.0,7,3369.0,72
rb1805,20171012,20171011,210926000,3369.0,69646,614212,2346826500.0,3370.0,7,3369.0,41
rb1805,20171012,20171011,210926500,3370.0,69668,614202,2347567900.0,3371.0,149,3370.0,39
rb1805,20171012,20171011,210927000,3370.0,69688,614200,2348242020.0,3371.0,143,3370.0,35
rb1805,20171012,20171011,210927500,3370.0,69708,614192,2348916020.0,3371.0,143,3370.0,32
rb1805,20171012,20171011,210928000,3370.0,69726,614190,2349522640.0,3371.0,142,3370.0,29
rb1805,20171012,20171011,210928500,3370.0,69730,614190,2349657460.0,3371.0,143,3370.0,28
