instrument,tradingday,calendarday,time,lastp,volume,openinterest,turnover,ask1,asksz1,bid1,bidsz1
rb1805,20171213,20171212,205900500,3884.0,4264,2714072,165613760.0,3884.0,582,3883.0,237
rb1805,20171213,20171212,210000500,3884.0,6074,2714092,235909700.0,3885.0,320,3884.0,45
rb1805,20171213,20171212,210001000,3885.0,7842,2713964,304580060.0,3886.0,292,3885.0,105
rb1805,20171213,20171212,210001500,3883.0,10714,2713874,416157420.0,3884.0,88,3883.0,284
rb1805,20171213,20171212,210002000,3885.0,11586,2713774,450023520.0,3885.0,128,3883.0,128
rb1805,20171213,20171212,210002500,3884.0,12068,2713864,468743340.0,3885.0,103,3884.0,4
rb1805,20171213,20171212,210003000,3884.0,12570,2713958,488238380.0,3885.0,120,3884.0,4
rb1805,20171213,20171212,210003500,3885.0,12710,2713968,493675500.0,3885.0,108,3883.0,2
rb1805,20171213,20171212,210004000,3883.0,13016,2713952,505560240.0,3883.0,68,3882.0,429
rb1805,20171213,20171212,210004500,3883.0,13396,2714066,520313340.0,3883.0,55,3882.0,314
rb1805,20171213,20171212,210005000,3882.0,14128,2714238,548735220.0,3883.0,1,3882.0,153
rb1805,20171213,20171212,210005500,3882.0,15062,2714252,584992200.0,3882.0,103,3881.0,62
rb1805,20171213,20171212,210006000,3882.0,15496,2714170,601838180.0,3883.0,307,3882.0,27
rb1805,20171213,20171212,210006500,3880.0,15806,2714344,613874500.0,3881.0,2,3880.0,341
rb1805,20171213,20171212,210007000,3881.0,17372,2713224,674657560.0,3881.0,43,3880.0,159
rb1805,20171213,20171212,210007500,3881.0,17592,2713252,683195980.0,3882.0,321,3881.0,618
rb1805,20171213,20171212,210008000,3881.0,18086,2713060,702370220.0,3882.0,194,3881.0,494
rb1805,20171213,20171212,210008500,3883.0,18692,2713202,725893780.0,3883.0,283,3882.0,298
rb1805,20171213,20171212,210009000,3883.0,19448,2713602,755242560.0,3883.0,251,3881.0,554
rb1805,20171213,20171212,210009500,3882.0,19816,2713674,769527640.0,3883.0,253,3882.0,49
rb1805,20171213,20171212,210010000,3881.0,21106,2712852,819594400.0,3881.0,29,3880.0,168
rb1805,20171213,20171212,210010500,3881.0,21240,2712790,824794820.0,3881.0,211,3880.0,366
rb1805,20171213,20171212,210011000,3880.0,21638,2712846,840239200.0,3881.0,161,3880.0,270
rb1805,20171213,20171212,210011500,3881.0,21850,2712914,848465760.0,3881.0,111,3880.0,220
rb1805,20171213,20171212,210012000,3880.0,21990,2712978,853897920.0,3881.0,394,3880.0,261
rb1805,20171213,20171212,210012500,3881.0,23050,2713246,895029780.0,3880.0,5,3879.0,133
rb1805,20171213,20171212,210013000,3880.0,23276,2713360,903798060.0,3880.0,61,3879.0,53
rb1805,20171213,20171212,210013500,3879.0,23500,2713328,912488080.0,3879.0,46,3878.0,744
rb1805,20171213,20171212,210014000,3879.0,23986,2713390,931341280.0,3879.0,5,3878.0,655
rb1805,20171213,20171212,210014500,3880.0,24434,2713194,948722300.0,3881.0,300,3880.0,382
rb1805,20171213,20171212,210015000,3881.0,24664,2713084,957646380.0,3881.0,292,3880.0,300
rb1805,20171213,20171212,210015500,3880.0,25240,2712750,979995600.0,3881.0,290,3880.0,47
rb1805,20171213,20171212,210016000,3879.0,25418,2712772,986901480.0,3880.0,95,3879.0,275
rb1805,20171213,20171212,210016500,3879.0,25564,2712736,992565200.0,3880.0,185,3879.0,235
rb1805,20171213,20171212,210017000,3880.0,25722,2712728,998694300.0,3880.0,186,3879.0,186
rb1805,20171213,20171212,210017500,3880.0,26234,2712702,1018559520.0,3881.0,383,3880.0,311
rb1805,20171213,20171212,210018000,3880.0,26312,2712692,1021586040.0,3881.0,388,3880.0,279
rb1805,20171213,20171212,210018500,3881.0,26542,2712568,1030510300.0,3881.0,368,3880.0,266
rb1805,20171213,20171212,210019000,3880.0,26780,2712538,1039744740.0,3881.0,367,3880.0,198
rb1805,20171213,20171212,210019500,3880.0,27292,2712564,1059613820.0,3881.0,392,3880.0,148
rb1805,20171213,20171212,210020000,3880.0,27482,2712572,1066986020.0,3881.0,387,3880.0,75
rb1805,20171213,20171212,210020500,3879.0,28670,2711914,1113081120.0,3880.0,53,3879.0,314
rb1805,20171213,20171212,210021000,3880.0,28768,2711840,1116883500.0,3880.0,73,3879.0,326
rb1805,20171213,20171212,210021500,3880.0,29052,2711840,1127902440.0,3880.0,3,3879.0,272
rb1805,20171213,20171212,210022000,3880.0,29186,2711902,1133101540.0,3880.0,6,3879.0,262
rb1805,20171213,20171212,210022500,3881.0,29282,2711912,1136826320.0,3881.0,108,3879.0,460
rb1805,20171213,20171212,210023000,3880.0,29360,2711922,1139853020.0,3881.0,91,3880.0,5
rb1805,20171213,20171212,210023500,3880.0,29412,2711936,1141870640.0,3881.0,91,3880.0,202
rb1805,20171213,20171212,210024000,3880.0,29642,2712040,1150794760.0,3881.0,86,3880.0,413
rb1805,20171213,20171212,210024500,3881.0,29874,2711914,1159798260.0,3882.0,315,3881.0,211
rb1805,20171213,20171212,210025000,3882.0,30138,2711820,1170044240.0,3882.0,292,3881.0,127
rb1805,20171213,20171212,210025500,3881.0,30272,2711770,1175245000.0,3882.0,285,3881.0,93
rb1805,20171213,20171212,210026000,3882.0,30336,2711770,1177728860.0,3882.0,284,3881.0,110
rb1805,20171213,20171212,210026500,3881.0,30524,2711740,1185025280.0,3882.0,277,3881.0,142
rb1805,20171213,20171212,210027000,3881.0,30578,2711708,1187121220.0,3882.0,274,3881.0,137
rb1805,20171213,20171212,210027500,3881.0,30674,2711778,1190847040.0,3882.0,277,3881.0,97
rb1805,20171213,20171212,210028000,3881.0,30776,2711810,1194805760.0,3882.0,289,3881.0,83
rb1805,20171213,20171212,210028500,3882.0,30996,2711740,1203345400.0,3882.0,232,3881.0,53
rb1805,20171213,20171212,210029000,3881.0,31038,2711738,1204975680.0,3882.0,220,3881.0,64
rb1805,20171213,20171212,210029500,3881.0,31134,2711786,1208701780.0,3882.0,204,3881.0,483
rb1805,20171213,20171212,210030000,3881.0,31420,2711810,1219801540.0,3882.0,200,3881.0,572
rb1805,20171213,20171212,210030500,3881.0,32254,2711174,1252170180.0,3882.0,149,3881.0,234
rb1805,20171213,20171212,210031000,3881.0,32454,2711158,1259933520.0,3882.0,90,3881.0,215
rb1805,20171213,20171212,210031500,3881.0,32514,2711158,1262262460.0,3882.0,78,3881.0,208
rb1805,20171213,20171212,210032000,3881.0,32544,2711162,1263426920.0,3882.0,172,3881.0,206
rb1805,20171213,20171212,210032500,3882.0,32674,2711172,1268473360.0,3882.0,115,3881.0,203
rb1805,20171213,20171212,210033000,3881.0,32918,2711378,1277945180.0,3882.0,27,3881.0,196
rb1805,20171213,20171212,210033500,3882.0,33550,2711050,1302471520.0,3882.0,20,3881.0,3
rb1805,20171213,20171212,210034000,3881.0,33638,2711040,1305887480.0,3882.0,242,3881.0,2
rb1805,20171213,20171212,210034500,3881.0,33710,2711028,1308681660.0,3881.0,620,3880.0,392
rb1805,20171213,20171212,210035000,3880.0,33972,2710930,1318849600.0,3881.0,508,3880.0,415
rb1805,20171213,20171212,210035500,3881.0,34270,2710860,1330412820.0,3881.0,472,3880.0,350
rb1805,20171213,20171212,210036000,3881.0,34374,2710810,1334449060.0,3881.0,424,3880.0,329
rb1805,20171213,20171212,210036500,3881.0,34588,2710790,1342752660.0,3881.0,410,3880.0,243
rb1805,20171213,20171212,210037000,3881.0,34854,2710668,1353074940.0,3881.0,350,3880.0,191
rb1805,20171213,20171212,210037500,3880.0,35402,2710812,1374335980.0,3880.0,5,3879.0,628
rb1805,20171213,20171212,210038000,3880.0,35574,2710660,1381009600.0,3881.0,416,3880.0,49
rb1805,20171213,20171212,210038500,3880.0,35778,2710734,1388924820.0,3880.0,4,3879.0,630
rb1805,20171213,20171212,210039000,3880.0,35914,2710694,1394201760.0,3880.0,26,3879.0,630
rb1805,20171213,20171212,210039500,3880.0,36058,2710704,1399788560.0,3880.0,67,3879.0,610
rb1805,20171213,20171212,210040000,3880.0,36174,2710642,1404289300.0,3880.0,22,3879.0,614
rb1805,20171213,20171212,210040500,3879.0,36368,2710602,1411815340.0,3880.0,97,3879.0,558
rb1805,20171213,20171212,210041000,3880.0,36594,2710444,1420583860.0,3881.0,434,3880.0,47
rb1805,20171213,20171212,210041500,3880.0,36652,2710422,1422834360.0,3881.0,430,3880.0,49
rb1805,20171213,20171212,210042000,3880.0,36682,2710422,1423998440.0,3881.0,428,3880.0,47
rb1805,20171213,20171212,210042500,3880.0,36800,2710482,1428576740.0,3880.0,16,3879.0,582
rb1805,20171213,20171212,210043000,3879.0,36874,2710526,1431447720.0,3880.0,13,3879.0,563
rb1805,20171213,20171212,210043500,3880.0,36910,2710554,1432844360.0,3880.0,57,3879.0,555
rb1805,20171213,20171212,210044000,3879.0,37004,2710574,1436491340.0,3880.0,418,3879.0,549
rb1805,20171213,20171212,210044500,3880.0,37174,2710712,1443085960.0,3880.0,417,3879.0,520
rb1805,20171213,20171212,210045000,3880.0,37408,2710766,1452164820.0,3880.0,332,3879.0,508
rb1805,20171213,20171212,210045500,3879.0,37490,2710818,1455345760.0,3880.0,328,3879.0,477
rb1805,20171213,20171212,210046000,3879.0,37812,2710952,1467836620.0,3880.0,307,3879.0,345
rb1805,20171213,20171212,210046500,3880.0,37918,2710874,1471948840.0,3880.0,289,3879.0,322
rb1805,20171213,20171212,210047000,3880.0,37950,2710858,1473190400.0,3880.0,295,3879.0,318
rb1805,20171213,20171212,210047500,3880.0,38832,2710204,1507410660.0,3881.0,442,3880.0,172
rb1805,20171213,20171212,210048000,3881.0,38914,2710194,1510592340.0,3881.0,438,3880.0,143
rb1805,20171213,20171212,210048500,3880.0,39182,2710128,1520991040.0,3881.0,429,3880.0,51
rb1805,20171213,20171212,210049000,3880.0,39282,2710156,1524871220.0,3881.0,419,3880.0,16
rb1805,20171213,20171212,210049500,3880.0,39310,2710164,1525957640.0,3881.0,418,3880.0,11
rb1805,20171213,20171212,210050000,3880.0,39368,2710184,1528207880.0,3880.0,49,3879.0,321
rb1805,20171213,20171212,210050500,3880.0,39422,2710164,1530302640.0,3880.0,385,3879.0,301
rb1805,20171213,20171212,210051000,3880.0,39458,2710178,1531699260.0,3880.0,426,3879.0,292
rb1805,20171213,20171212,210051500,3880.0,39520,2710148,1534104460.0,3880.0,456,3879.0,271
rb1805,20171213,20171212,210052000,3880.0,40086,2710384,1556059800.0,3879.0,2,3878.0,866
rb1805,20171213,20171212,210052500,3880.0,40228,2710464,1561568860.0,3879.0,3,3878.0,882
rb1805,20171213,20171212,210053000,3879.0,40320,2710474,1565138160.0,3880.0,436,3879.0,8
rb1805,20171213,20171212,210053500,3879.0,40508,2710502,1572431800.0,3880.0,395,3879.0,132
rb1805,20171213,20171212,210054000,3879.0,40538,2710498,1573595660.0,3880.0,392,3879.0,149
rb1805,20171213,20171212,210054500,3880.0,40612,2710538,1576466420.0,3880.0,387,3879.0,195
rb1805,20171213,20171212,210055000,3879.0,40640,2710550,1577552620.0,3880.0,390,3879.0,192
rb1805,20171213,20171212,210055500,3879.0,40766,2710648,1582440180.0,3880.0,389,3879.0,158
rb1805,20171213,20171212,210056000,3879.0,41002,2710682,1591595920.0,3880.0,329,3879.0,108
rb1805,20171213,20171212,210056500,3880.0,41250,2710512,1601217880.0,3880.0,228,3879.0,94
rb1805,20171213,20171212,210057000,3879.0,41308,2710528,1603468040.0,3880.0,214,3879.0,93
rb1805,20171213,20171212,210057500,3879.0,41360,2710560,1605485200.0,3880.0,208,3879.0,115
rb1805,20171213,20171212,210058000,3880.0,41398,2710562,1606959500.0,3880.0,200,3879.0,123
rb1805,20171213,20171212,210058500,3879.0,41632,2710550,1616038240.0,3880.0,166,3879.0,194
rb1805,20171213,20171212,210059000,3879.0,41698,2710566,1618598600.0,3880.0,162,3879.0,190
rb1805,20171213,20171212,210059500,3879.0,41730,2710582,1619839960.0,3880.0,208,3879.0,180
rb1805,20171213,20171212,210100000,3879.0,41818,2710606,1623253520.0,3880.0,207,3879.0,226
rb1805,20171213,20171212,210100500,3879.0,42088,2710762,1633728660.0,3880.0,179,3879.0,187
rb1805,20171213,20171212,210101000,3880.0,42264,2710752,1640556380.0,3880.0,178,3879.0,144
rb1805,20171213,20171212,210101500,3880.0,42406,2710754,1646065140.0,3880.0,152,3879.0,149
rb1805,20171213,20171212,210102000,3880.0,42774,2710996,1660343200.0,3880.0,16,3879.0,182
rb1805,20171213,20171212,210102500,3880.0,43000,2710902,1669112920.0,3881.0,384,3880.0,112
rb1805,20171213,20171212,210103000,3881.0,43058,2710892,1671363600.0,3881.0,431,3880.0,126
rb1805,20171213,20171212,210103500,3880.0,43094,2710878,1672760460.0,3881.0,427,3880.0,191
rb1805,20171213,20171212,210104000,3881.0,43138,2710890,1674467800.0,3881.0,425,3880.0,195
rb1805,20171213,20171212,210104500,3881.0,43392,2710956,1684323240.0,3881.0,421,3880.0,95
rb1805,20171213,20171212,210105000,3881.0,43410,2710962,1685021720.0,3881.0,418,3880.0,101
rb1805,20171213,20171212,210105500,3880.0,43550,2710992,1690453800.0,3881.0,425,3879.0,462
rb1805,20171213,20171212,210106000,3881.0,43756,2710844,1698448000.0,3880.0,1,3879.0,503
rb1805,20171213,20171212,210106500,3881.0,43940,2710730,1705587380.0,3881.0,375,3880.0,603
rb1805,20171213,20171212,210107000,3880.0,44188,2710652,1715210700.0,3881.0,331,3880.0,666
rb1805,20171213,20171212,210107500,3880.0,44830,2711052,1740126220.0,3881.0,36,3880.0,680
rb1805,20171213,20171212,210108000,3882.0,44934,2711074,1744162460.0,3882.0,137,3881.0,401
rb1805,20171213,20171212,210108500,3881.0,45296,2711244,1758213640.0,3882.0,39,3881.0,482
rb1805,20171213,20171212,210109000,3882.0,45504,2711304,1766287960.0,3883.0,116,3882.0,56
rb1805,20171213,20171212,210109500,3883.0,45578,2711316,1769161060.0,3883.0,101,3882.0,158
rb1805,20171213,20171212,210110000,3882.0,45666,2711298,1772577700.0,3883.0,92,3882.0,144
rb1805,20171213,20171212,210110500,3883.0,45896,2711380,1781507960.0,3883.0,15,3882.0,100
rb1805,20171213,20171212,210111000,3883.0,46112,2711350,1789894300.0,3884.0,120,3883.0,2
rb1805,20171213,20171212,210111500,3884.0,46268,2711294,1795951160.0,3884.0,104,3883.0,45
rb1805,20171213,20171212,210112000,3884.0,46368,2711256,1799834800.0,3884.0,76,3883.0,59
rb1805,20171213,20171212,210112500,3883.0,46502,2711268,1805039160.0,3884.0,36,3883.0,65
rb1805,20171213,20171212,210113000,3884.0,46602,2711254,1808922760.0,3884.0,64,3883.0,52
rb1805,20171213,20171212,210113500,3884.0,46786,2711204,1816069240.0,3884.0,129,3883.0,61
rb1805,20171213,20171212,210114000,3884.0,46846,2711220,1818399600.0,3884.0,106,3883.0,86
rb1805,20171213,20171212,210114500,3884.0,46934,2711158,1821817360.0,3884.0,72,3883.0,71
rb1805,20171213,20171212,210115000,3884.0,47034,2711126,1825701140.0,3884.0,40,3883.0,191
rb1805,20171213,20171212,210115500,3884.0,47376,2710908,1838984420.0,3885.0,498,3884.0,88
rb1805,20171213,20171212,210116000,3884.0,47470,2710970,1842635400.0,3885.0,499,3884.0,66
rb1805,20171213,20171212,210116500,3884.0,47552,2710978,1845820320.0,3885.0,500,3884.0,62
rb1805,20171213,20171212,210117000,3884.0,47606,2710986,1847917880.0,3885.0,504,3884.0,30
rb1805,20171213,20171212,210117500,3884.0,47754,2710976,1853665860.0,3885.0,492,3884.0,2
rb1805,20171213,20171212,210118000,3884.0,47930,2710856,1860503220.0,3885.0,429,3884.0,5
rb1805,20171213,20171212,210118500,3884.0,48286,2710648,1874333560.0,3885.0,266,3884.0,505
rb1805,20171213,20171212,210119000,3884.0,48380,2710638,1877984820.0,3885.0,387,3884.0,476
rb1805,20171213,20171212,210119500,3885.0,49140,2710368,1907509840.0,3885.0,72,3884.0,443
rb1805,20171213,20171212,210120000,3886.0,49380,2710362,1916834300.0,3886.0,151,3885.0,99
rb1805,20171213,20171212,210120500,3886.0,49670,2710244,1928103320.0,3886.0,37,3885.0,166
rb1805,20171213,20171212,210121000,3887.0,50166,2710288,1947382000.0,3887.0,158,3886.0,23
rb1805,20171213,20171212,210121500,3885.0,50456,2710314,1958652520.0,3887.0,108,3885.0,211
rb1805,20171213,20171212,210122000,3886.0,50582,2710264,1963549300.0,3886.0,1,3885.0,223
rb1805,20171213,20171212,210122500,3885.0,50766,2710276,1970700460.0,3886.0,40,3885.0,216
rb1805,20171213,20171212,210123000,3885.0,50812,2710288,1972487940.0,3886.0,323,3885.0,243
rb1805,20171213,20171212,210123500,3886.0,50926,2710266,1976917720.0,3886.0,338,3885.0,230
rb1805,20171213,20171212,210124000,3885.0,51688,2710606,2006527940.0,3886.0,13,3885.0,177
rb1805,20171213,20171212,210124500,3885.0,51794,2710638,2010647220.0,3887.0,167,3886.0,1
rb1805,20171213,20171212,210125000,3886.0,52096,2710572,2022382620.0,3886.0,2,3885.0,148
rb1805,20171213,20171212,210125500,3885.0,52192,2710606,2026113080.0,3886.0,6,3885.0,143
rb1805,20171213,20171212,210126000,3886.0,52258,2710596,2028677840.0,3887.0,196,3886.0,83
rb1805,20171213,20171212,210126500,3886.0,52616,2710654,2042589580.0,3886.0,172,3885.0,146
rb1805,20171213,20171212,210127000,3885.0,53094,2710896,2061165000.0,3886.0,79,3885.0,130
rb1805,20171213,20171212,210127500,3886.0,53278,2710932,2068314680.0,3886.0,18,3885.0,113
rb1805,20171213,20171212,210128000,3885.0,53422,2711044,2073909400.0,3886.0,34,3885.0,77
rb1805,20171213,20171212,210128500,3886.0,53528,2711002,2078028560.0,3887.0,243,3886.0,146
rb1805,20171213,20171212,210129000,3886.0,53852,2710804,2090619260.0,3886.0,1,3885.0,131
rb1805,20171213,20171212,210129500,3885.0,54186,2710724,2103595580.0,3885.0,141,3884.0,477
rb1805,20171213,20171212,210130000,3886.0,54516,2710674,2116416520.0,3886.0,40,3885.0,302
rb1805,20171213,20171212,210130500,3886.0,54578,2710642,2118825740.0,3886.0,1,3885.0,467
rb1805,20171213,20171212,210131000,3886.0,54644,2710650,2121390620.0,3887.0,246,3886.0,3
rb1805,20171213,20171212,210131500,3885.0,54726,2710618,2124576500.0,3886.0,82,3885.0,438
rb1805,20171213,20171212,210132000,3885.0,54794,2710636,2127218640.0,3886.0,66,3885.0,449
rb1805,20171213,20171212,210132500,3886.0,54910,2710638,2131726240.0,3886.0,43,3885.0,440
rb1805,20171213,20171212,210133000,3886.0,54950,2710634,2133280420.0,3886.0,44,3885.0,286
rb1805,20171213,20171212,210133500,3886.0,54966,2710630,2133902120.0,3886.0,97,3885.0,339
rb1805,20171213,20171212,210134000,3886.0,55048,2710664,2137088620.0,3886.0,59,3885.0,350
rb1805,20171213,20171212,210134500,3886.0,55094,2710656,2138876140.0,3886.0,41,3885.0,335
rb1805,20171213,20171212,210135000,3886.0,55300,2710714,2146880700.0,3886.0,3,3885.0,308
rb1805,20171213,20171212,210135500,3886.0,55400,2710700,2150766400.0,3887.0,318,3886.0,102
rb1805,20171213,20171212,210136000,3886.0,55872,2710860,2169108240.0,3886.0,258,3885.0,306
rb1805,20171213,20171212,210136500,3886.0,56696,2710986,2201122780.0,3886.0,273,3885.0,2
rb1805,20171213,20171212,210137000,3885.0,56728,2710978,2202365980.0,3885.0,198,3884.0,387
rb1805,20171213,20171212,210137500,3885.0,57744,2710712,2241830340.0,3886.0,171,3885.0,7
rb1805,20171213,20171212,210138000,3885.0,58014,2710720,2252319840.0,3885.0,146,3884.0,85
rb1805,20171213,20171212,210138500,3884.0,58460,2710916,2269643880.0,3885.0,13,3883.0,64
rb1805,20171213,20171212,210139000,3884.0,58630,2710930,2276248060.0,3884.0,1,3883.0,151
rb1805,20171213,20171212,210139500,3885.0,58734,2710968,2280287900.0,3885.0,39,3884.0,18
rb1805,20171213,20171212,210140000,3885.0,58764,2710956,2281453340.0,3885.0,100,3884.0,90
rb1805,20171213,20171212,210140500,3885.0,58794,2710966,2282618620.0,3885.0,104,3884.0,91
rb1805,20171213,20171212,210141000,3885.0,58808,2710966,2283162420.0,3885.0,107,3884.0,88
rb1805,20171213,20171212,210141500,3885.0,58916,2711008,2287357840.0,3885.0,40,3884.0,15
rb1805,20171213,20171212,210142000,3884.0,58934,2711012,2288057020.0,3885.0,42,3884.0,19
rb1805,20171213,20171212,210142500,3884.0,58998,2711052,2290542780.0,3884.0,23,3883.0,161
rb1805,20171213,20171212,210143000,3883.0,59244,2711208,2300095420.0,3884.0,3,3883.0,12
rb1805,20171213,20171212,210143500,3885.0,59350,2711182,2304212020.0,3885.0,162,3884.0,19
rb1805,20171213,20171212,210144000,3884.0,59476,2711162,2309106300.0,3884.0,6,3883.0,23
rb1805,20171213,20171212,210144500,3884.0,59508,2711166,2310349220.0,3885.0,147,3884.0,86
rb1805,20171213,20171212,210145000,3885.0,59544,2711168,2311747700.0,3885.0,136,3884.0,89
rb1805,20171213,20171212,210145500,3885.0,59844,2711104,2323402700.0,3886.0,344,3885.0,7
rb1805,20171213,20171212,210146000,3884.0,59878,2711092,2324723580.0,3886.0,308,3884.0,246
rb1805,20171213,20171212,210146500,3884.0,59916,2711098,2326199520.0,3886.0,310,3885.0,1
rb1805,20171213,20171212,210147000,3884.0,60022,2711146,2330316860.0,3885.0,7,3884.0,200
rb1805,20171213,20171212,210147500,3884.0,60118,2711220,2334045660.0,3885.0,51,3884.0,276
rb1805,20171213,20171212,210148000,3884.0,60198,2711256,2337153120.0,3885.0,41,3884.0,248
rb1805,20171213,20171212,210148500,3885.0,60228,2711238,2338318400.0,3885.0,82,3884.0,244
rb1805,20171213,20171212,210149000,3884.0,60262,2711260,2339639220.0,3885.0,78,3884.0,238
rb1805,20171213,20171212,210149500,3885.0,60338,2711250,2342591680.0,3885.0,45,3884.0,241
rb1805,20171213,20171212,210150000,3885.0,60612,2711100,2353237200.0,3886.0,264,3885.0,52
rb1805,20171213,20171212,210150500,3885.0,61822,2711550,2400264460.0,3886.0,21,3885.0,173
rb1805,20171213,20171212,210151000,3886.0,61924,2711560,2404228180.0,3887.0,80,3886.0,296
rb1805,20171213,20171212,210151500,3886.0,62534,2711716,2427932980.0,3887.0,120,3886.0,2
rb1805,20171213,20171212,210152000,3885.0,62706,2711790,2434616840.0,3886.0,135,3885.0,194
rb1805,20171213,20171212,210152500,3885.0,63170,2712088,2452643640.0,3885.0,23,3884.0,213
rb1805,20171213,20171212,210153000,3886.0,63294,2712118,2457461540.0,3886.0,100,3885.0,153
rb1805,20171213,20171212,210153500,3886.0,63388,2712128,2461114360.0,3886.0,57,3885.0,153
rb1805,20171213,20171212,210154000,3886.0,63390,2712130,2461192080.0,3886.0,164,3885.0,158
rb1805,20171213,20171212,210154500,3885.0,63474,2712156,2464455540.0,3886.0,144,3885.0,121
rb1805,20171213,20171212,210155000,3886.0,63488,2712162,2464999480.0,3886.0,144,3885.0,119
rb1805,20171213,20171212,210155500,3885.0,63630,2712224,2470517180.0,3886.0,111,3885.0,134
rb1805,20171213,20171212,210156000,3885.0,63946,2712388,2482793780.0,3885.0,111,3884.0,222
rb1805,20171213,20171212,210156500,3885.0,63954,2712392,2483104580.0,3885.0,118,3884.0,318
rb1805,20171213,20171212,210157000,3886.0,64224,2712546,2493594140.0,3886.0,121,3885.0,85
rb1805,20171213,20171212,210157500,3885.0,64254,2712548,2494759840.0,3886.0,111,3885.0,69
rb1805,20171213,20171212,210158000,3885.0,64278,2712552,2495692400.0,3886.0,130,3885.0,65
rb1805,20171213,20171212,210158500,3885.0,64404,2712514,2500587780.0,3886.0,119,3885.0,49
rb1805,20171213,20171212,210159000,3885.0,64468,2712500,2503074220.0,3886.0,154,3885.0,23
rb1805,20171213,20171212,210159500,3886.0,64620,2712472,2508980600.0,3886.0,98,3885.0,12
rb1805,20171213,20171212,210200000,3885.0,65222,2712058,2532366900.0,3885.0,8,3884.0,302
rb1805,20171213,20171212,210200500,3885.0,65322,2712070,2536251740.0,3885.0,24,3884.0,296
rb1805,20171213,20171212,210201000,3885.0,65432,2712114,2540525080.0,3885.0,49,3884.0,290
rb1805,20171213,20171212,210201500,3885.0,65486,2712108,2542622720.0,3885.0,72,3884.0,278
rb1805,20171213,20171212,210202000,3884.0,65590,2712166,2546662260.0,3885.0,556,3884.0,240
rb1805,20171213,20171212,210202500,3884.0,66162,2712258,2568879460.0,3885.0,537,3884.0,52
rb1805,20171213,20171212,210203000,3884.0,66588,2712322,2585424320.0,3885.0,604,3883.0,179
rb1805,20171213,20171212,210203500,3885.0,66906,2712038,2597778240.0,3885.0,489,3884.0,12
rb1805,20171213,20171212,210204000,3884.0,67058,2711962,2603682200.0,3884.0,18,3883.0,162
rb1805,20171213,20171212,210204500,3884.0,67088,2711962,2604847360.0,3884.0,51,3883.0,159
rb1805,20171213,20171212,210205000,3884.0,67108,2711966,2605624160.0,3884.0,46,3883.0,160
rb1805,20171213,20171212,210205500,3885.0,67432,2711962,2618209340.0,3885.0,376,3884.0,11
rb1805,20171213,20171212,210206000,3884.0,67472,2711976,2619762880.0,3885.0,398,3884.0,4
rb1805,20171213,20171212,210206500,3885.0,67606,2712012,2624966800.0,3885.0,364,3884.0,12
rb1805,20171213,20171212,210207000,3884.0,67866,2711986,2635065320.0,3885.0,365,3884.0,55
rb1805,20171213,20171212,210207500,3884.0,68024,2711882,2641202780.0,3885.0,328,3884.0,14
rb1805,20171213,20171212,210208000,3884.0,68054,2711888,2642368200.0,3885.0,317,3884.0,17
rb1805,20171213,20171212,210208500,3884.0,68134,2711898,2645475200.0,3884.0,1,3883.0,90
rb1805,20171213,20171212,210209000,3884.0,68298,2711772,2651846280.0,3884.0,18,3883.0,89
rb1805,20171213,20171212,210209500,3885.0,68504,2711770,2659848940.0,3884.0,40,3883.0,183
rb1805,20171213,20171212,210210000,3883.0,68626,2711802,2664587360.0,3884.0,17,3883.0,182
rb1805,20171213,20171212,210210500,3884.0,68710,2711748,2667849920.0,3885.0,193,3884.0,19
rb1805,20171213,20171212,210211000,3884.0,68828,2711654,2672432980.0,3884.0,27,3883.0,204
rb1805,20171213,20171212,210211500,3884.0,69268,2711856,2689518560.0,3884.0,186,3883.0,1
rb1805,20171213,20171212,210212000,3883.0,69342,2711792,2692391980.0,3883.0,96,3882.0,265
rb1805,20171213,20171212,210212500,3883.0,69388,2711790,2694178120.0,3883.0,75,3882.0,263
rb1805,20171213,20171212,210213000,3883.0,69446,2711744,2696430240.0,3883.0,52,3882.0,263
rb1805,20171213,20171212,210213500,3883.0,69522,2711738,2699381300.0,3883.0,18,3882.0,261
rb1805,20171213,20171212,210214000,3882.0,69532,2711748,2699769580.0,3883.0,14,3882.0,260
rb1805,20171213,20171212,210214500,3884.0,69586,2711742,2701866560.0,3884.0,285,3883.0,20
rb1805,20171213,20171212,210215000,3883.0,69616,2711770,2703031480.0,3884.0,296,3883.0,61
rb1805,20171213,20171212,210215500,3883.0,69644,2711768,2704118720.0,3884.0,295,3883.0,46
rb1805,20171213,20171212,210216000,3883.0,69704,2711766,2706448540.0,3884.0,294,3883.0,94
rb1805,20171213,20171212,210216500,3883.0,69748,2711782,2708157180.0,3884.0,289,3883.0,76
rb1805,20171213,20171212,210217000,3883.0,69764,2711778,2708778540.0,3884.0,297,3883.0,99
rb1805,20171213,20171212,210217500,3883.0,69818,2711786,2710875400.0,3884.0,199,3883.0,76
rb1805,20171213,20171212,210218000,3883.0,70354,2711964,2731691560.0,3883.0,9,3882.0,276
rb1805,20171213,20171212,210218500,3884.0,70574,2711930,2740235700.0,3885.0,243,3884.0,244
rb1805,20171213,20171212,210219000,3884.0,70636,2711896,2742643780.0,3885.0,243,3884.0,218
rb1805,20171213,20171212,210219500,3884.0,70728,2711866,2746217700.0,3885.0,213,3884.0,204
rb1805,20171213,20171212,210220000,3885.0,70786,2711864,2748470740.0,3885.0,213,3884.0,195
rb1805,20171213,20171212,210220500,3885.0,70916,2711858,2753519980.0,3885.0,213,3884.0,133
rb1805,20171213,20171212,210221000,3885.0,71160,2711654,2762996980.0,3885.0,212,3884.0,14
rb1805,20171213,20171212,210221500,3884.0,71212,2711624,2765016660.0,3884.0,202,3883.0,149
rb1805,20171213,20171212,210222000,3884.0,71312,2711696,2768899780.0,3884.0,203,3883.0,104
rb1805,20171213,20171212,210222500,3883.0,71316,2711696,2769055100.0,3884.0,224,3883.0,48
rb1805,20171213,20171212,210223000,3884.0,71318,2711698,2769132780.0,3884.0,285,3883.0,51
rb1805,20171213,20171212,210223500,3884.0,71362,2711696,2770841380.0,3884.0,282,3883.0,34
rb1805,20171213,20171212,210224000,3884.0,71368,2711702,2771074420.0,3884.0,238,3883.0,166
rb1805,20171213,20171212,210224500,3884.0,71412,2711742,2772783360.0,3884.0,246,3883.0,219
rb1805,20171213,20171212,210225000,3883.0,71476,2711796,2775268820.0,3884.0,230,3883.0,236
rb1805,20171213,20171212,210225500,3883.0,71538,2711836,2777676520.0,3884.0,239,3883.0,256
rb1805,20171213,20171212,210226000,3884.0,71548,2711830,2778064840.0,3884.0,238,3883.0,269
rb1805,20171213,20171212,210226500,3884.0,71620,2711836,2780861040.0,3884.0,217,3883.0,260
rb1805,20171213,20171212,210227000,3883.0,71696,2711830,2783812300.0,3884.0,211,3883.0,232
rb1805,20171213,20171212,210227500,3883.0,71712,2711832,2784433660.0,3884.0,198,3883.0,254
rb1805,20171213,20171212,210228000,3883.0,72114,2711650,2800043320.0,3884.0,201,3883.0,52
rb1805,20171213,20171212,210228500,3884.0,72122,2711656,2800353980.0,3884.0,206,3883.0,48
rb1805,20171213,20171212,210229000,3883.0,72168,2711660,2802140360.0,3884.0,199,3883.0,43
rb1805,20171213,20171212,210229500,3883.0,72180,2711664,2802606400.0,3884.0,200,3883.0,141
rb1805,20171213,20171212,210230000,3884.0,72186,2711660,2802839400.0,3884.0,212,3883.0,156
rb1805,20171213,20171212,210230500,3883.0,72212,2711640,2803849200.0,3884.0,205,3883.0,166
rb1805,20171213,20171212,210231000,3883.0,72220,2711636,2804159880.0,3884.0,218,3883.0,166
rb1805,20171213,20171212,210231500,3884.0,72244,2711616,2805092040.0,3884.0,186,3883.0,173
rb1805,20171213,20171212,210232000,3884.0,72274,2711592,2806256960.0,3884.0,204,3883.0,162
rb1805,20171213,20171212,210232500,3883.0,72300,2711594,2807266580.0,3884.0,203,3883.0,159
rb1805,20171213,20171212,210233000,3883.0,72336,2711614,2808664480.0,3884.0,203,3883.0,142
rb1805,20171213,20171212,210233500,3884.0,72344,2711616,2808975180.0,3884.0,202,3883.0,144
rb1805,20171213,20171212,210234000,3884.0,72428,2711692,2812236960.0,3884.0,200,3883.0,115
rb1805,20171213,20171212,210234500,3883.0,72548,2711794,2816896580.0,3884.0,199,3883.0,68
rb1805,20171213,20171212,210235000,3884.0,72566,2711788,2817595560.0,3884.0,244,3883.0,71
rb1805,20171213,20171212,210235500,3883.0,72594,2711772,2818683000.0,3884.0,236,3883.0,68
rb1805,20171213,20171212,210236000,3884.0,72614,2711780,2819459760.0,3884.0,228,3883.0,167
rb1805,20171213,20171212,210236500,3884.0,72642,2711802,2820547160.0,3884.0,220,3883.0,163
rb1805,20171213,20171212,210237000,3883.0,72650,2711810,2820857820.0,3884.0,244,3883.0,209
rb1805,20171213,20171212,210237500,3884.0,72676,2711814,2821867640.0,3884.0,233,3883.0,220
rb1805,20171213,20171212,210238000,3883.0,73096,2712184,2838176240.0,3884.0,235,3883.0,16
rb1805,20171213,20171212,210238500,3883.0,73150,2712182,2840273060.0,3883.0,73,3882.0,404
rb1805,20171213,20171212,210239000,3883.0,73170,2712184,2841049660.0,3883.0,65,3882.0,404
rb1805,20171213,20171212,210239500,3883.0,73316,2712258,2846718780.0,3884.0,237,3883.0,6
rb1805,20171213,20171212,210240000,3883.0,73324,2712256,2847029460.0,3884.0,234,3883.0,7
rb1805,20171213,20171212,210240500,3883.0,73358,2712266,2848349880.0,3884.0,231,3882.0,400
rb1805,20171213,20171212,210241000,3882.0,73366,2712266,2848660480.0,3883.0,7,3882.0,405
rb1805,20171213,20171212,210241500,3882.0,73390,2712246,2849592180.0,3883.0,26,3882.0,395
rb1805,20171213,20171212,210242000,3883.0,73420,2712228,2850757060.0,3883.0,116,3882.0,496
rb1805,20171213,20171212,210242500,3882.0,74444,2712740,2890508860.0,3883.0,126,3882.0,8
rb1805,20171213,20171212,210243000,3882.0,74560,2712848,2895011980.0,3882.0,83,3881.0,413
rb1805,20171213,20171212,210243500,3883.0,74744,2712892,2902154940.0,3883.0,361,3882.0,124
rb1805,20171213,20171212,210244000,3882.0,74862,2712882,2906735900.0,3883.0,554,3882.0,75
rb1805,20171213,20171212,210244500,3882.0,74984,2712788,2911471960.0,3883.0,555,3882.0,165
rb1805,20171213,20171212,210245000,3882.0,74990,2712788,2911704920.0,3883.0,557,3882.0,168
rb1805,20171213,20171212,210245500,3883.0,75024,2712790,2913024840.0,3883.0,556,3882.0,154
rb1805,20171213,20171212,210246000,3882.0,75036,2712788,2913490700.0,3883.0,556,3882.0,160
rb1805,20171213,20171212,210246500,3882.0,75106,2712748,2916208100.0,3883.0,565,3882.0,150
rb1805,20171213,20171212,210247000,3882.0,75144,2712748,2917683280.0,3883.0,565,3882.0,182
rb1805,20171213,20171212,210247500,3882.0,75206,2712732,2920090120.0,3883.0,565,3882.0,152
rb1805,20171213,20171212,210248000,3882.0,75252,2712738,2921875980.0,3883.0,559,3882.0,140
rb1805,20171213,20171212,210248500,3883.0,75274,2712738,2922730100.0,3883.0,560,3882.0,134
rb1805,20171213,20171212,210249000,3882.0,75284,2712736,2923118320.0,3883.0,600,3882.0,130
rb1805,20171213,20171212,210249500,3882.0,75390,2712668,2927233280.0,3883.0,602,3882.0,81
rb1805,20171213,20171212,210250000,3882.0,75444,2712670,2929329560.0,3883.0,605,3882.0,59
rb1805,20171213,20171212,210250500,3882.0,75468,2712660,2930261240.0,3883.0,609,3882.0,47
rb1805,20171213,20171212,210251000,3882.0,75564,2712654,2933988000.0,3883.0,609,3882.0,3
rb1805,20171213,20171212,210251500,3882.0,75592,2712632,2935074940.0,3882.0,133,3881.0,521
rb1805,20171213,20171212,210252000,3881.0,75620,2712640,2936161880.0,3882.0,134,3881.0,520
rb1805,20171213,20171212,210252500,3882.0,76654,2713384,2976291700.0,3882.0,126,3881.0,18
rb1805,20171213,20171212,210253000,3882.0,76900,2713360,2985839880.0,3882.0,146,3880.0,679
rb1805,20171213,20171212,210253500,3882.0,76916,2713370,2986460880.0,3881.0,1,3880.0,678
rb1805,20171213,20171212,210254000,3881.0,77074,2713490,2992593100.0,3881.0,6,3880.0,678
rb1805,20171213,20171212,210254500,3881.0,77156,2713516,2995775580.0,3882.0,140,3881.0,5
rb1805,20171213,20171212,210255000,3881.0,77192,2713518,2997172800.0,3881.0,89,3880.0,663
rb1805,20171213,20171212,210255500,3881.0,77368,2713554,3004002560.0,3881.0,52,3880.0,624
rb1805,20171213,20171212,210256000,3881.0,77470,2713608,3007961020.0,3881.0,14,3880.0,617
rb1805,20171213,20171212,210256500,3880.0,77494,2713614,3008892340.0,3881.0,15,3880.0,613
rb1805,20171213,20171212,210257000,3881.0,77586,2713642,3012462340.0,3881.0,45,3880.0,617
rb1805,20171213,20171212,210257500,3881.0,77706,2713716,3017119440.0,3881.0,63,3880.0,613
rb1805,20171213,20171212,210258000,3881.0,77776,2713722,3019835780.0,3881.0,70,3880.0,601
rb1805,20171213,20171212,210258500,3880.0,78440,2713624,3045599260.0,3881.0,64,3880.0,299
rb1805,20171213,20171212,210259000,3880.0,78462,2713630,3046453020.0,3881.0,86,3880.0,296
rb1805,20171213,20171212,210259500,3881.0,79086,2713916,3070664600.0,3881.0,170,3880.0,5
rb1805,20171213,20171212,210300000,3880.0,79186,2713906,3074544520.0,3880.0,128,3879.0,288
rb1805,20171213,20171212,210300500,3880.0,79290,2713872,3078579040.0,3880.0,410,3879.0,254
rb1805,20171213,20171212,210301000,3880.0,79578,2713910,3089751000.0,3880.0,409,3879.0,138
rb1805,20171213,20171212,210301500,3879.0,79788,2713856,3097897320.0,3880.0,393,3879.0,56
rb1805,20171213,20171212,210302000,3878.0,79946,2713866,3104026460.0,3879.0,139,3878.0,418
rb1805,20171213,20171212,210302500,3879.0,80208,2713900,3114187760.0,3879.0,116,3878.0,337
rb1805,20171213,20171212,210303000,3879.0,80570,2714066,3128226220.0,3879.0,242,3878.0,161
rb1805,20171213,20171212,210303500,3878.0,80940,2714156,3142575180.0,3878.0,333,3877.0,299
rb1805,20171213,20171212,210304000,3878.0,81040,2714150,3146452280.0,3878.0,416,3877.0,263
rb1805,20171213,20171212,210304500,3877.0,81392,2714234,3160101980.0,3878.0,303,3877.0,225
rb1805,20171213,20171212,210305000,3878.0,81926,2714104,3180805420.0,3877.0,7,3876.0,275
rb1805,20171213,20171212,210305500,3877.0,82032,2714090,3184914660.0,3877.0,35,3876.0,256
rb1805,20171213,20171212,210306000,3877.0,82322,2714012,3196156720.0,3877.0,95,3876.0,194
rb1805,20171213,20171212,210306500,3876.0,82862,2714330,3217086260.0,3876.0,93,3875.0,685
rb1805,20171213,20171212,210307000,3876.0,83516,2714280,3242431000.0,3877.0,224,3876.0,121
rb1805,20171213,20171212,210307500,3876.0,83836,2714338,3254834760.0,3877.0,194,3876.0,250
rb1805,20171213,20171212,210308000,3876.0,84182,2714080,3268245900.0,3877.0,167,3876.0,200
rb1805,20171213,20171212,210308500,3876.0,84614,2714160,3284991060.0,3877.0,144,3876.0,45
rb1805,20171213,20171212,210309000,3876.0,85304,2714280,3311731260.0,3876.0,762,3875.0,261
rb1805,20171213,20171212,210309500,3876.0,85586,2714508,3322661440.0,3876.0,1335,3875.0,284
rb1805,20171213,20171212,210310000,3875.0,86438,2714864,3355678120.0,3875.0,21,3874.0,257
rb1805,20171213,20171212,210310500,3874.0,86762,2714902,3368230820.0,3875.0,50,3874.0,102
rb1805,20171213,20171212,210311000,3874.0,87648,2714466,3402553480.0,3875.0,118,3874.0,114
rb1805,20171213,20171212,210311500,3874.0,87954,2714504,3414408500.0,3874.0,6,3873.0,220
rb1805,20171213,20171212,210312000,3874.0,88054,2714476,3418282780.0,3875.0,400,3874.0,44
rb1805,20171213,20171212,210312500,3873.0,89192,2714664,3462362880.0,3873.0,113,3872.0,1493
rb1805,20171213,20171212,210313000,3874.0,90970,2715474,3531227480.0,3875.0,299,3874.0,78
rb1805,20171213,20171212,210313500,3874.0,91106,2715430,3536496400.0,3875.0,305,3874.0,322
rb1805,20171213,20171212,210314000,3875.0,91486,2715306,3551218800.0,3875.0,248,3874.0,315
rb1805,20171213,20171212,210314500,3875.0,91898,2715170,3567181640.0,3875.0,278,3874.0,256
rb1805,20171213,20171212,210315000,3875.0,92578,2715200,3593528580.0,3875.0,96,3874.0,109
rb1805,20171213,20171212,210315500,3874.0,93272,2715396,3620416080.0,3874.0,191,3873.0,246
rb1805,20171213,20171212,210316000,3874.0,93906,2715580,3644976880.0,3876.0,722,3874.0,61
rb1805,20171213,20171212,210316500,3874.0,94124,2715728,3653422760.0,3875.0,48,3874.0,89
rb1805,20171213,20171212,210317000,3874.0,94288,2715840,3659776700.0,3875.0,40,3874.0,57
rb1805,20171213,20171212,210317500,3875.0,94612,2715814,3672329620.0,3876.0,729,3875.0,263
rb1805,20171213,20171212,210318000,3876.0,94706,2715894,3675972260.0,3876.0,723,3875.0,234
rb1805,20171213,20171212,210318500,3875.0,94852,2716002,3681630040.0,3876.0,715,3875.0,202
rb1805,20171213,20171212,210319000,3876.0,95272,2716408,3697906160.0,3876.0,658,3875.0,72
rb1805,20171213,20171212,210319500,3875.0,95300,2716424,3698991280.0,3876.0,651,3875.0,184
rb1805,20171213,20171212,210320000,3876.0,95888,2716402,3721780800.0,3876.0,429,3875.0,147
rb1805,20171213,20171212,210320500,3876.0,96768,2716510,3755889380.0,3876.0,2,3875.0,262
rb1805,20171213,20171212,210321000,3876.0,97056,2716516,3767054800.0,3878.0,150,3876.0,366
rb1805,20171213,20171212,210321500,3877.0,97094,2716522,3768527840.0,3878.0,93,3877.0,55
rb1805,20171213,20171212,210322000,3877.0,97894,2716882,3799538960.0,3878.0,125,3877.0,64
rb1805,20171213,20171212,210322500,3877.0,98528,2717314,3824116240.0,3877.0,12,3876.0,154
rb1805,20171213,20171212,210323000,3877.0,98714,2717280,3831327700.0,3878.0,207,3877.0,105
rb1805,20171213,20171212,210323500,3877.0,98832,2717254,3835902820.0,3878.0,193,3877.0,43
rb1805,20171213,20171212,210324000,3878.0,98924,2717272,3839470040.0,3878.0,191,3877.0,17
rb1805,20171213,20171212,210324500,3878.0,99002,2717240,3842494400.0,3878.0,217,3877.0,23
rb1805,20171213,20171212,210325000,3877.0,99162,2717250,3848697280.0,3877.0,81,3876.0,205
rb1805,20171213,20171212,210325500,3877.0,99208,2717248,3850480680.0,3877.0,65,3876.0,217
rb1805,20171213,20171212,210326000,3877.0,99346,2717248,3855829640.0,3877.0,132,3876.0,152
rb1805,20171213,20171212,210326500,3877.0,99868,2717302,3876062780.0,3876.0,7,3875.0,765
rb1805,20171213,20171212,210327000,3875.0,99884,2717290,3876682900.0,3876.0,181,3875.0,765
rb1805,20171213,20171212,210327500,3876.0,100246,2717544,3890714000.0,3876.0,9,3875.0,769
rb1805,20171213,20171212,210328000,3877.0,100304,2717570,3892962200.0,3877.0,152,3876.0,3
rb1805,20171213,20171212,210328500,3875.0,100354,2717564,3894900500.0,3876.0,4,3875.0,776
rb1805,20171213,20171212,210329000,3876.0,100454,2717628,3898776240.0,3876.0,8,3875.0,768
rb1805,20171213,20171212,210329500,3876.0,100560,2717640,3902885200.0,3877.0,107,3876.0,25
rb1805,20171213,20171212,210330000,3876.0,101714,2718556,3947603480.0,3877.0,115,3876.0,56
rb1805,20171213,20171212,210330500,3877.0,101760,2718568,3949386560.0,3877.0,214,3876.0,152
rb1805,20171213,20171212,210331000,3876.0,102028,2718514,3959776640.0,3877.0,165,3876.0,150
rb1805,20171213,20171212,210331500,3877.0,102152,2718510,3964584000.0,3877.0,120,3876.0,171
rb1805,20171213,20171212,210332000,3876.0,102310,2718534,3970709600.0,3877.0,50,3876.0,187
rb1805,20171213,20171212,210332500,3876.0,102454,2718504,3976292200.0,3878.0,379,3877.0,1
rb1805,20171213,20171212,210333000,3877.0,102484,2718522,3977455180.0,3877.0,15,3876.0,205
rb1805,20171213,20171212,210333500,3876.0,102958,2718886,3995827540.0,3876.0,290,3875.0,411
rb1805,20171213,20171212,210334000,3876.0,103002,2718914,3997532980.0,3876.0,272,3875.0,464
rb1805,20171213,20171212,210334500,3876.0,103070,2718970,4000168400.0,3876.0,273,3875.0,543
rb1805,20171213,20171212,210335000,3876.0,103130,2719022,4002493720.0,3876.0,264,3875.0,534
rb1805,20171213,20171212,210335500,3876.0,103162,2719024,4003734040.0,3876.0,250,3875.0,538
rb1805,20171213,20171212,210336000,3875.0,103268,2719086,4007842160.0,3876.0,226,3875.0,524
rb1805,20171213,20171212,210336500,3876.0,103540,2719138,4018384560.0,3876.0,110,3875.0,513
rb1805,20171213,20171212,210337000,3876.0,103586,2719160,4020167480.0,3876.0,106,3875.0,514
rb1805,20171213,20171212,210337500,3875.0,103712,2719186,4025050880.0,3876.0,63,3875.0,502
rb1805,20171213,20171212,210338000,3876.0,103772,2719224,4027376440.0,3876.0,131,3875.0,516
rb1805,20171213,20171212,210338500,3875.0,103976,2719292,4035282040.0,3876.0,105,3875.0,462
rb1805,20171213,20171212,210339000,3875.0,105034,2720010,4076279400.0,3875.0,11,3874.0,563
rb1805,20171213,20171212,210339500,3875.0,105142,2719974,4080464520.0,3875.0,89,3874.0,606
rb1805,20171213,20171212,210340000,3875.0,105192,2719972,4082402020.0,3875.0,90,3874.0,617
rb1805,20171213,20171212,210340500,3875.0,105488,2720102,4093872260.0,3876.0,323,3875.0,5
rb1805,20171213,20171212,210341000,3876.0,105556,2720148,4096507640.0,3876.0,310,3875.0,42
rb1805,20171213,20171212,210341500,3876.0,105598,2720178,4098135240.0,3876.0,288,3875.0,40
rb1805,20171213,20171212,210342000,3875.0,105628,2720208,4099297740.0,3876.0,295,3875.0,48
rb1805,20171213,20171212,210342500,3875.0,105686,2720216,4101545580.0,3876.0,279,3875.0,151
rb1805,20171213,20171212,210343000,3876.0,105728,2720226,4103173420.0,3876.0,295,3875.0,234
rb1805,20171213,20171212,210343500,3875.0,105914,2720356,4110381080.0,3876.0,297,3875.0,173
rb1805,20171213,20171212,210344000,3875.0,106000,2720436,4113713860.0,3876.0,299,3875.0,221
rb1805,20171213,20171212,210344500,3875.0,106264,2720584,4123944280.0,3876.0,280,3875.0,246
rb1805,20171213,20171212,210345000,3876.0,106348,2720606,4127199640.0,3876.0,242,3875.0,312
rb1805,20171213,20171212,210345500,3875.0,107190,2721234,4159826920.0,3875.0,173,3874.0,609
rb1805,20171213,20171212,210346000,3874.0,107264,2721260,4162694180.0,3875.0,155,3874.0,665
rb1805,20171213,20171212,210346500,3875.0,107386,2721304,4167421320.0,3875.0,118,3874.0,686
rb1805,20171213,20171212,210347000,3875.0,107460,2721328,4170288680.0,3875.0,206,3874.0,691
rb1805,20171213,20171212,210347500,3874.0,107566,2721346,4174395960.0,3875.0,171,3874.0,661
rb1805,20171213,20171212,210348000,3875.0,107650,2721360,4177650620.0,3875.0,156,3874.0,646
rb1805,20171213,20171212,210348500,3875.0,107822,2721374,4184315320.0,3875.0,91,3874.0,644
rb1805,20171213,20171212,210349000,3875.0,107940,2721366,4188887760.0,3875.0,64,3874.0,644
rb1805,20171213,20171212,210349500,3875.0,108116,2721374,4195707200.0,3875.0,117,3874.0,620
rb1805,20171213,20171212,210350000,3875.0,108258,2721462,4201209400.0,3875.0,65,3874.0,617
rb1805,20171213,20171212,210350500,3875.0,108368,2721484,4205471460.0,3875.0,33,3874.0,602
rb1805,20171213,20171212,210351000,3875.0,108496,2721584,4210430660.0,3875.0,15,3874.0,565
rb1805,20171213,20171212,210351500,3874.0,108526,2721588,4211593080.0,3875.0,134,3874.0,563
rb1805,20171213,20171212,210352000,3876.0,108930,2721524,4227247720.0,3876.0,285,3874.0,597
rb1805,20171213,20171212,210352500,3875.0,109038,2721502,4231432300.0,3875.0,1,3874.0,579
rb1805,20171213,20171212,210353000,3875.0,110184,2721838,4275829580.0,3875.0,4,3874.0,72
rb1805,20171213,20171212,210353500,3874.0,110466,2721970,4286754880.0,3875.0,88,3874.0,59
rb1805,20171213,20171212,210354000,3875.0,110534,2722006,4289389340.0,3875.0,246,3874.0,76
rb1805,20171213,20171212,210354500,3874.0,110790,2722078,4299306660.0,3874.0,88,3873.0,679
rb1805,20171213,20171212,210355000,3873.0,110860,2722052,4302018180.0,3874.0,78,3873.0,665
rb1805,20171213,20171212,210355500,3873.0,111048,2722044,4309300320.0,3874.0,66,3873.0,619
rb1805,20171213,20171212,210356000,3873.0,111090,2722048,4310927200.0,3874.0,59,3873.0,610
rb1805,20171213,20171212,210356500,3873.0,111342,2721946,4320687500.0,3874.0,54,3873.0,506
rb1805,20171213,20171212,210357000,3873.0,111366,2721944,4321617080.0,3874.0,59,3873.0,498
rb1805,20171213,20171212,210357500,3874.0,111500,2721914,4326808220.0,3875.0,479,3874.0,15
rb1805,20171213,20171212,210358000,3873.0,111746,2721974,4336337640.0,3875.0,517,3873.0,454
rb1805,20171213,20171212,210358500,3873.0,111874,2721934,4341296020.0,3874.0,1,3873.0,437
rb1805,20171213,20171212,210359000,3873.0,112062,2722054,4348577600.0,3874.0,63,3873.0,380
rb1805,20171213,20171212,210359500,3873.0,112684,2721868,4372667760.0,3874.0,152,3873.0,79
rb1805,20171213,20171212,210400000,3873.0,113034,2722000,4386224360.0,3873.0,87,3872.0,1993
rb1805,20171213,20171212,210400500,3873.0,113220,2722082,4393427480.0,3873.0,67,3872.0,1947
rb1805,20171213,20171212,210401000,3873.0,113414,2722162,4400940800.0,3874.0,141,3873.0,27
rb1805,20171213,20171212,210401500,3873.0,113618,2722168,4408842220.0,3874.0,116,3873.0,222
rb1805,20171213,20171212,210402000,3873.0,113848,2722330,4417750260.0,3874.0,120,3873.0,391
rb1805,20171213,20171212,210402500,3873.0,114132,2722370,4428751180.0,3874.0,40,3873.0,396
rb1805,20171213,20171212,210403000,3873.0,114266,2722454,4433941480.0,3874.0,122,3873.0,419
rb1805,20171213,20171212,210403500,3874.0,114358,2722494,4437504800.0,3874.0,144,3873.0,428
rb1805,20171213,20171212,210404000,3873.0,114686,2722728,4450208800.0,3874.0,123,3873.0,306
rb1805,20171213,20171212,210404500,3874.0,115118,2722682,4466940300.0,3874.0,117,3873.0,106
rb1805,20171213,20171212,210405000,3873.0,115404,2722802,4478017540.0,3874.0,95,3873.0,17
rb1805,20171213,20171212,210405500,3873.0,115420,2722800,4478637320.0,3874.0,149,3873.0,17
rb1805,20171213,20171212,210406000,3873.0,115600,2722848,4485609560.0,3873.0,487,3872.0,1934
rb1805,20171213,20171212,210406500,3873.0,115636,2722858,4487003780.0,3873.0,510,3872.0,1933
rb1805,20171213,20171212,210407000,3872.0,116460,2723238,4518911720.0,3873.0,392,3872.0,1657
rb1805,20171213,20171212,210407500,3872.0,117434,2723708,4556625700.0,3873.0,413,3872.0,1187
rb1805,20171213,20171212,210408000,3872.0,119784,2725212,4647619040.0,3873.0,440,3872.0,80
rb1805,20171213,20171212,210408500,3872.0,120036,2725332,4657376380.0,3872.0,1351,3871.0,816
rb1805,20171213,20171212,210409000,3871.0,121178,2725712,4701583780.0,3872.0,932,3871.0,262
rb1805,20171213,20171212,210409500,3871.0,122054,2726140,4735491160.0,3871.0,252,3870.0,1137
rb1805,20171213,20171212,210410000,3870.0,122764,2726200,4762970320.0,3871.0,383,3870.0,882
rb1805,20171213,20171212,210410500,3870.0,124276,2726094,4821487920.0,3871.0,129,3870.0,428
rb1805,20171213,20171212,210411000,3870.0,125232,2726406,4858484940.0,3870.0,845,3869.0,397
rb1805,20171213,20171212,210411500,3869.0,125902,2726430,4884407680.0,3870.0,1136,3869.0,97
rb1805,20171213,20171212,210412000,3869.0,126546,2726670,4909320840.0,3869.0,369,3868.0,706
rb1805,20171213,20171212,210412500,3869.0,126950,2726866,4924950380.0,3869.0,345,3868.0,641
rb1805,20171213,20171212,210413000,3869.0,127342,2726782,4940115300.0,3869.0,257,3868.0,594
rb1805,20171213,20171212,210413500,3869.0,128326,2726724,4978178780.0,3869.0,155,3868.0,321
rb1805,20171213,20171212,210414000,3868.0,129004,2726942,5004406660.0,3869.0,76,3868.0,269
rb1805,20171213,20171212,210414500,3868.0,130052,2726786,5044944260.0,3869.0,38,3867.0,370
rb1805,20171213,20171212,210415000,3868.0,130370,2726864,5057246740.0,3868.0,90,3867.0,371
rb1805,20171213,20171212,210415500,3869.0,130746,2727088,5071791560.0,3870.0,1310,3869.0,69
rb1805,20171213,20171212,210416000,3869.0,131074,2727094,5084480780.0,3869.0,10,3868.0,274
rb1805,20171213,20171212,210416500,3869.0,131354,2727128,5095313240.0,3869.0,45,3868.0,241
rb1805,20171213,20171212,210417000,3868.0,131576,2727224,5103901340.0,3869.0,9,3868.0,163
rb1805,20171213,20171212,210417500,3868.0,131704,2727320,5108853100.0,3870.0,1210,3869.0,5
rb1805,20171213,20171212,210418000,3868.0,132072,2727344,5123087900.0,3868.0,33,3867.0,477
rb1805,20171213,20171212,210418500,3869.0,132494,2727390,5139412680.0,3869.0,14,3868.0,192
rb1805,20171213,20171212,210419000,3869.0,132870,2727208,5153958760.0,3870.0,1189,3869.0,225
rb1805,20171213,20171212,210419500,3870.0,134042,2726708,5199293740.0,3870.0,1174,3869.0,23
rb1805,20171213,20171212,210420000,3869.0,134290,2726740,5208889120.0,3869.0,353,3868.0,90
rb1805,20171213,20171212,210420500,3869.0,134836,2726806,5230011700.0,3869.0,226,3868.0,83
rb1805,20171213,20171212,210421000,3869.0,135212,2726858,5244559000.0,3869.0,174,3868.0,185
rb1805,20171213,20171212,210421500,3869.0,135696,2727014,5263283920.0,3870.0,991,3869.0,1
rb1805,20171213,20171212,210422000,3869.0,135944,2727066,5272878900.0,3869.0,49,3868.0,285
rb1805,20171213,20171212,210422500,3868.0,136022,2727052,5275896500.0,3869.0,37,3868.0,452
rb1805,20171213,20171212,210423000,3869.0,136146,2727118,5280694060.0,3870.0,1004,3869.0,51
rb1805,20171213,20171212,210423500,3870.0,136306,2727128,5286884880.0,3870.0,997,3869.0,55
rb1805,20171213,20171212,210424000,3869.0,137276,2726452,5324423240.0,3870.0,536,3869.0,204
rb1805,20171213,20171212,210424500,3870.0,138076,2726036,5355381200.0,3870.0,289,3869.0,212
rb1805,20171213,20171212,210425000,3870.0,138740,2725726,5381077760.0,3871.0,160,3870.0,67
rb1805,20171213,20171212,210425500,3870.0,138828,2725730,5384483600.0,3871.0,150,3870.0,229
rb1805,20171213,20171212,210426000,3870.0,138928,2725746,5388353640.0,3871.0,194,3870.0,211
rb1805,20171213,20171212,210426500,3871.0,139450,2725678,5408555700.0,3871.0,222,3870.0,103
rb1805,20171213,20171212,210427000,3871.0,139692,2725782,5417923040.0,3871.0,136,3870.0,89
rb1805,20171213,20171212,210427500,3871.0,139836,2725744,5423496860.0,3871.0,203,3870.0,90
rb1805,20171213,20171212,210428000,3871.0,140130,2725898,5434875660.0,3870.0,2,3869.0,396
rb1805,20171213,20171212,210428500,3871.0,140312,2725946,5441919000.0,3871.0,130,3870.0,6
rb1805,20171213,20171212,210429000,3871.0,140426,2725958,5446331100.0,3871.0,124,3870.0,2
rb1805,20171213,20171212,210429500,3871.0,140484,2725922,5448576220.0,3871.0,99,3870.0,39
rb1805,20171213,20171212,210430000,3870.0,140532,2725910,5450434180.0,3871.0,82,3870.0,67
rb1805,20171213,20171212,210430500,3870.0,140654,2725870,5455156360.0,3871.0,47,3870.0,137
rb1805,20171213,20171212,210431000,3870.0,140906,2725938,5464909100.0,3871.0,29,3870.0,52
rb1805,20171213,20171212,210431500,3871.0,141116,2725942,5473037740.0,3872.0,490,3871.0,59
rb1805,20171213,20171212,210432000,3870.0,141430,2726086,5485191880.0,3870.0,29,3869.0,392
rb1805,20171213,20171212,210432500,3870.0,141596,2726098,5491616560.0,3871.0,32,3870.0,55
rb1805,20171213,20171212,210433000,3871.0,141798,2726214,5499434100.0,3871.0,37,3870.0,1
rb1805,20171213,20171212,210433500,3871.0,141984,2726292,5506631700.0,3871.0,55,3870.0,12
rb1805,20171213,20171212,210434000,3871.0,142038,2726256,5508721840.0,3871.0,140,3870.0,27
rb1805,20171213,20171212,210434500,3870.0,142136,2726192,5512515360.0,3871.0,125,3870.0,159
rb1805,20171213,20171212,210435000,3871.0,142608,2726576,5530785100.0,3872.0,444,3870.0,119
rb1805,20171213,20171212,210435500,3870.0,142854,2726816,5540307620.0,3871.0,1,3870.0,120
rb1805,20171213,20171212,210436000,3871.0,142932,2726870,5543326440.0,3871.0,2,3870.0,119
rb1805,20171213,20171212,210436500,3871.0,143026,2726922,5546965020.0,3872.0,439,3871.0,16
rb1805,20171213,20171212,210437000,3870.0,143110,2726992,5550216940.0,3872.0,484,3871.0,1
rb1805,20171213,20171212,210437500,3871.0,143208,2727068,5554011140.0,3872.0,394,3871.0,8
rb1805,20171213,20171212,210438000,3872.0,143804,2726990,5577078180.0,3872.0,386,3871.0,88
rb1805,20171213,20171212,210438500,3872.0,143952,2727036,5582808520.0,3872.0,329,3871.0,186
rb1805,20171213,20171212,210439000,3872.0,144008,2727078,5584976540.0,3872.0,217,3871.0,210
rb1805,20171213,20171212,210439500,3872.0,144124,2727148,5589467300.0,3872.0,200,3871.0,211
rb1805,20171213,20171212,210440000,3870.0,145400,2726530,5638870400.0,3870.0,72,3869.0,387
rb1805,20171213,20171212,210440500,3871.0,145602,2726552,5646688360.0,3871.0,91,3870.0,892
rb1805,20171213,20171212,210441000,3872.0,145956,2726578,5660392740.0,3872.0,28,3871.0,206
rb1805,20171213,20171212,210441500,3872.0,146052,2726526,5664110000.0,3873.0,283,3872.0,200
rb1805,20171213,20171212,210442000,3872.0,146134,2726582,5667285060.0,3873.0,282,3872.0,201
rb1805,20171213,20171212,210442500,3872.0,146550,2726602,5683393440.0,3873.0,281,3872.0,35
rb1805,20171213,20171212,210443000,3872.0,146930,2726806,5698104200.0,3872.0,281,3871.0,36
rb1805,20171213,20171212,210443500,3871.0,147020,2726770,5701588060.0,3871.0,110,3870.0,242
rb1805,20171213,20171212,210444000,3871.0,147068,2726772,5703446100.0,3871.0,103,3870.0,252
rb1805,20171213,20171212,210444500,3871.0,147278,2726830,5711575180.0,3872.0,367,3871.0,288
rb1805,20171213,20171212,210445000,3872.0,147292,2726834,5712117220.0,3872.0,416,3871.0,291
rb1805,20171213,20171212,210445500,3872.0,147828,2726746,5732867080.0,3872.0,352,3871.0,100
rb1805,20171213,20171212,210446000,3871.0,147934,2726768,5736971040.0,3872.0,324,3871.0,110
rb1805,20171213,20171212,210446500,3871.0,148162,2726748,5745798720.0,3872.0,232,3871.0,102
rb1805,20171213,20171212,210447000,3871.0,148286,2726832,5750599100.0,3872.0,217,3871.0,135
rb1805,20171213,20171212,210447500,3872.0,148432,2726874,5756251700.0,3872.0,179,3871.0,107
rb1805,20171213,20171212,210448000,3871.0,148608,2726934,5763065560.0,3872.0,134,3871.0,80
rb1805,20171213,20171212,210448500,3871.0,148880,2727170,5773595660.0,3871.0,3,3870.0,489
rb1805,20171213,20171212,210449000,3872.0,148908,2727174,5774679620.0,3872.0,87,3871.0,109
rb1805,20171213,20171212,210449500,3871.0,149114,2727298,5782655120.0,3872.0,37,3871.0,45
rb1805,20171213,20171212,210450000,3871.0,149160,2727298,5784436000.0,3872.0,45,3871.0,101
rb1805,20171213,20171212,210450500,3872.0,149384,2727474,5793109300.0,3873.0,388,3872.0,31
rb1805,20171213,20171212,210451000,3872.0,149664,2727574,5803953040.0,3873.0,233,3872.0,137
rb1805,20171213,20171212,210451500,3872.0,149898,2727658,5813014960.0,3873.0,156,3872.0,115
rb1805,20171213,20171212,210452000,3872.0,150038,2727696,5818435860.0,3873.0,120,3872.0,77
rb1805,20171213,20171212,210452500,3872.0,150366,2727722,5831139740.0,3874.0,255,3873.0,3
rb1805,20171213,20171212,210453000,3873.0,150460,2727760,5834780520.0,3874.0,241,3873.0,31
rb1805,20171213,20171212,210453500,3873.0,150610,2727882,5840590220.0,3873.0,3,3872.0,105
rb1805,20171213,20171212,210454000,3872.0,150710,2727890,5844463340.0,3873.0,7,3872.0,316
rb1805,20171213,20171212,210454500,3873.0,151074,2727844,5858560800.0,3873.0,1,3872.0,303
rb1805,20171213,20171212,210455000,3874.0,151112,2727842,5860032640.0,3874.0,250,3873.0,148
rb1805,20171213,20171212,210455500,3873.0,151466,2728008,5873743120.0,3873.0,20,3872.0,309
rb1805,20171213,20171212,210456000,3874.0,151580,2728002,5878158900.0,3874.0,216,3873.0,58
rb1805,20171213,20171212,210456500,3873.0,151770,2727976,5885517760.0,3873.0,308,3872.0,322
rb1805,20171213,20171212,210457000,3873.0,152122,2728090,5899148020.0,3873.0,597,3872.0,206
rb1805,20171213,20171212,210457500,3873.0,152302,2728042,5906118400.0,3873.0,574,3872.0,154
rb1805,20171213,20171212,210458000,3872.0,152372,2728054,5908829380.0,3873.0,560,3872.0,154
rb1805,20171213,20171212,210458500,3873.0,152682,2728166,5920833000.0,3873.0,541,3872.0,23
rb1805,20171213,20171212,210459000,3873.0,152798,2728206,5925324920.0,3873.0,585,3871.0,178
rb1805,20171213,20171212,210459500,3873.0,152854,2728244,5927493660.0,3873.0,667,3872.0,16
rb1805,20171213,20171212,210500000,3873.0,153176,2728108,5939959840.0,3873.0,723,3871.0,133
rb1805,20171213,20171212,210500500,3871.0,153694,2728186,5960013680.0,3871.0,45,3870.0,609
rb1805,20171213,20171212,210501000,3871.0,154142,2728472,5977356640.0,3872.0,217,3871.0,49
rb1805,20171213,20171212,210501500,3872.0,154204,2728478,5979757200.0,3872.0,12,3871.0,87
rb1805,20171213,20171212,210502000,3873.0,154290,2728492,5983087020.0,3872.0,1,3871.0,242
rb1805,20171213,20171212,210502500,3872.0,154582,2728532,5994395280.0,3873.0,554,3872.0,285
rb1805,20171213,20171212,210503000,3872.0,154922,2728844,6007563300.0,3873.0,394,3872.0,243
rb1805,20171213,20171212,210503500,3872.0,155014,2728924,6011126380.0,3873.0,357,3872.0,270
rb1805,20171213,20171212,210504000,3873.0,156132,2729064,6054422520.0,3874.0,219,3873.0,155
rb1805,20171213,20171212,210504500,3874.0,156716,2729462,6077045480.0,3875.0,641,3874.0,26
rb1805,20171213,20171212,210505000,3875.0,156874,2729524,6083166640.0,3875.0,631,3874.0,54
rb1805,20171213,20171212,210505500,3874.0,156940,2729556,6085723820.0,3875.0,614,3874.0,103
rb1805,20171213,20171212,210506000,3875.0,157082,2729590,6091225280.0,3875.0,595,3874.0,65
rb1805,20171213,20171212,210506500,3874.0,157706,2729402,6115395060.0,3875.0,588,3873.0,105
rb1805,20171213,20171212,210507000,3875.0,157766,2729404,6117719820.0,3875.0,569,3873.0,113
rb1805,20171213,20171212,210507500,3874.0,157790,2729410,6118649660.0,3874.0,32,3873.0,119
rb1805,20171213,20171212,210508000,3874.0,157838,2729448,6120508980.0,3874.0,34,3873.0,113
rb1805,20171213,20171212,210508500,3875.0,158206,2729642,6134762400.0,3875.0,475,3874.0,28
rb1805,20171213,20171212,210509000,3874.0,158324,2729566,6139333700.0,3874.0,1,3873.0,3
rb1805,20171213,20171212,210509500,3874.0,158396,2729604,6142123020.0,3874.0,489,3873.0,36
rb1805,20171213,20171212,210510000,3874.0,158606,2729640,6150258420.0,3874.0,393,3873.0,75
rb1805,20171213,20171212,210510500,3874.0,159060,2729852,6167845920.0,3874.0,241,3873.0,76
rb1805,20171213,20171212,210511000,3874.0,159180,2729930,6172494720.0,3874.0,186,3873.0,92
rb1805,20171213,20171212,210511500,3875.0,159630,2730002,6189928300.0,3875.0,410,3874.0,85
rb1805,20171213,20171212,210512000,3874.0,159690,2730034,6192253100.0,3875.0,392,3874.0,109
rb1805,20171213,20171212,210512500,3875.0,159748,2730042,6194500220.0,3875.0,386,3874.0,141
rb1805,20171213,20171212,210513000,3875.0,159956,2730132,6202560120.0,3875.0,348,3874.0,143
rb1805,20171213,20171212,210513500,3874.0,160022,2730122,6205117240.0,3875.0,405,3874.0,139
rb1805,20171213,20171212,210514000,3874.0,160054,2730116,6206356960.0,3875.0,409,3874.0,141
rb1805,20171213,20171212,210514500,3875.0,160086,2730100,6207596880.0,3875.0,403,3874.0,147
rb1805,20171213,20171212,210515000,3875.0,160132,2730088,6209379280.0,3875.0,389,3874.0,147
rb1805,20171213,20171212,210515500,3875.0,160162,2730096,6210541760.0,3875.0,385,3874.0,175
rb1805,20171213,20171212,210516000,3875.0,160234,2730150,6213331660.0,3875.0,405,3874.0,242
rb1805,20171213,20171212,210516500,3875.0,160570,2730032,6226351560.0,3875.0,248,3874.0,539
rb1805,20171213,20171212,210517000,3875.0,161138,2730372,6248361600.0,3876.0,339,3875.0,233
rb1805,20171213,20171212,210517500,3876.0,161454,2730328,6260609400.0,3876.0,202,3875.0,236
rb1805,20171213,20171212,210518000,3875.0,161986,2730194,6281227340.0,3876.0,128,3875.0,759
rb1805,20171213,20171212,210518500,3876.0,162166,2730112,6288203980.0,3876.0,52,3875.0,1374
rb1805,20171213,20171212,210519000,3876.0,162348,2730066,6295258940.0,3877.0,330,3876.0,278
rb1805,20171213,20171212,210519500,3876.0,162582,2729970,6304330600.0,3877.0,240,3876.0,175
rb1805,20171213,20171212,210520000,3876.0,163040,2729872,6322083080.0,3876.0,147,3875.0,333
rb1805,20171213,20171212,210520500,3876.0,163218,2729792,6328982280.0,3876.0,119,3875.0,342
rb1805,20171213,20171212,210521000,3876.0,163330,2729694,6333323400.0,3876.0,166,3875.0,343
rb1805,20171213,20171212,210521500,3876.0,163432,2729776,6337276860.0,3876.0,206,3875.0,342
rb1805,20171213,20171212,210522000,3875.0,163542,2729742,6341540040.0,3876.0,260,3875.0,323
rb1805,20171213,20171212,210522500,3875.0,164032,2729742,6360532380.0,3876.0,24,3875.0,323
rb1805,20171213,20171212,210523000,3876.0,164146,2729776,6364951160.0,3877.0,298,3876.0,229
rb1805,20171213,20171212,210523500,3876.0,164202,2729780,6367121760.0,3877.0,278,3876.0,228
rb1805,20171213,20171212,210524000,3876.0,164470,2729780,6377509560.0,3877.0,286,3876.0,172
rb1805,20171213,20171212,210524500,3876.0,165162,2730004,6404333360.0,3877.0,187,3876.0,8
rb1805,20171213,20171212,210525000,3877.0,165234,2730010,6407123780.0,3877.0,205,3876.0,3
rb1805,20171213,20171212,210525500,3877.0,165294,2730002,6409449780.0,3876.0,5,3875.0,348
rb1805,20171213,20171212,210526000,3877.0,165330,2730008,6410845280.0,3877.0,188,3876.0,4
rb1805,20171213,20171212,210526500,3875.0,165410,2729978,6413946040.0,3876.0,8,3875.0,374
rb1805,20171213,20171212,210527000,3877.0,165490,2729930,6417047300.0,3877.0,185,3876.0,15
rb1805,20171213,20171212,210527500,3876.0,165606,2729862,6421543840.0,3876.0,500,3875.0,354
rb1805,20171213,20171212,210528000,3876.0,165688,2729866,6424721720.0,3876.0,805,3875.0,392
rb1805,20171213,20171212,210528500,3876.0,165820,2729884,6429837940.0,3876.0,748,3875.0,398
rb1805,20171213,20171212,210529000,3876.0,166352,2730088,6450457220.0,3876.0,541,3875.0,362
rb1805,20171213,20171212,210529500,3876.0,166678,2730104,6463092960.0,3876.0,528,3875.0,353
rb1805,20171213,20171212,210530000,3876.0,167018,2730094,6476271300.0,3876.0,363,3875.0,359
rb1805,20171213,20171212,210530500,3876.0,167538,2730322,6496426140.0,3876.0,133,3875.0,368
rb1805,20171213,20171212,210531000,3876.0,167846,2730464,6508364420.0,3877.0,188,3876.0,435
rb1805,20171213,20171212,210531500,3876.0,167858,2730462,6508829560.0,3877.0,182,3876.0,443
rb1805,20171213,20171212,210532000,3876.0,167906,2730448,6510690060.0,3877.0,181,3876.0,492
rb1805,20171213,20171212,210532500,3877.0,168028,2730446,6515419740.0,3877.0,136,3876.0,565
rb1805,20171213,20171212,210533000,3876.0,168754,2730778,6543562820.0,3878.0,447,3877.0,1
rb1805,20171213,20171212,210533500,3877.0,168798,2730760,6545268920.0,3878.0,445,3877.0,143
rb1805,20171213,20171212,210534000,3878.0,168862,2730752,6547750340.0,3878.0,439,3877.0,287
rb1805,20171213,20171212,210534500,3877.0,168894,2730734,6548991060.0,3878.0,440,3877.0,289
rb1805,20171213,20171212,210535000,3878.0,168932,2730724,6550464400.0,3878.0,487,3877.0,292
rb1805,20171213,20171212,210535500,3878.0,169410,2730450,6568999160.0,3878.0,363,3877.0,215
rb1805,20171213,20171212,210536000,3878.0,169770,2730270,6582958820.0,3878.0,256,3877.0,85
rb1805,20171213,20171212,210536500,3878.0,170282,2730206,6602812080.0,3878.0,108,3876.0,515
rb1805,20171213,20171212,210537000,3878.0,170538,2730062,6612739620.0,3879.0,424,3878.0,19
rb1805,20171213,20171212,210537500,3878.0,170648,2730128,6617005000.0,3878.0,77,3877.0,31
rb1805,20171213,20171212,210538000,3878.0,170912,2730150,6627242800.0,3878.0,479,3877.0,26
rb1805,20171213,20171212,210538500,3877.0,171068,2730212,6633290900.0,3877.0,44,3876.0,603
rb1805,20171213,20171212,210539000,3876.0,171294,2730262,6642051700.0,3877.0,289,3876.0,466
rb1805,20171213,20171212,210539500,3876.0,172470,2730354,6687633460.0,3876.0,67,3875.0,421
rb1805,20171213,20171212,210540000,3876.0,172774,2730306,6699415420.0,3876.0,56,3875.0,367
rb1805,20171213,20171212,210540500,3877.0,173616,2730318,6732047100.0,3877.0,255,3876.0,49
rb1805,20171213,20171212,210541000,3876.0,174060,2730084,6749256340.0,3876.0,340,3875.0,140
rb1805,20171213,20171212,210541500,3876.0,174308,2730138,6758867100.0,3876.0,169,3875.0,55
rb1805,20171213,20171212,210542000,3876.0,174362,2730106,6760960080.0,3876.0,44,3875.0,57
rb1805,20171213,20171212,210542500,3877.0,174492,2730042,6765999320.0,3877.0,111,3876.0,84
rb1805,20171213,20171212,210543000,3877.0,174732,2730078,6775304120.0,3878.0,834,3877.0,5
rb1805,20171213,20171212,210543500,3877.0,174778,2730092,6777087800.0,3878.0,830,3877.0,44
rb1805,20171213,20171212,210544000,3877.0,174798,2730104,6777863200.0,3878.0,832,3877.0,36
rb1805,20171213,20171212,210544500,3877.0,174806,2730108,6778173380.0,3878.0,832,3877.0,37
rb1805,20171213,20171212,210545000,3877.0,174988,2730180,6785230480.0,3878.0,764,3877.0,14
rb1805,20171213,20171212,210545500,3878.0,175030,2730174,6786858920.0,3878.0,759,3877.0,19
rb1805,20171213,20171212,210546000,3877.0,175080,2730204,6788797520.0,3877.0,6,3876.0,211
rb1805,20171213,20171212,210546500,3877.0,175408,2730494,6801516860.0,3878.0,616,3877.0,137
rb1805,20171213,20171212,210547000,3878.0,175506,2730544,6805316880.0,3878.0,605,3877.0,185
rb1805,20171213,20171212,210547500,3878.0,175566,2730582,6807643360.0,3878.0,591,3877.0,329
rb1805,20171213,20171212,210548000,3877.0,175676,2730612,6811909040.0,3878.0,541,3877.0,335
rb1805,20171213,20171212,210548500,3877.0,175816,2730728,6817337520.0,3878.0,516,3877.0,312
rb1805,20171213,20171212,210549000,3878.0,175952,2730726,6822610340.0,3878.0,521,3877.0,259
rb1805,20171213,20171212,210549500,3878.0,176046,2730700,6826255120.0,3878.0,540,3877.0,243
rb1805,20171213,20171212,210550000,3878.0,176462,2730478,6842384100.0,3878.0,517,3877.0,79
rb1805,20171213,20171212,210550500,3877.0,176672,2730382,6850525800.0,3877.0,183,3876.0,321
rb1805,20171213,20171212,210551000,3877.0,176710,2730362,6851999040.0,3877.0,217,3876.0,314
rb1805,20171213,20171212,210551500,3877.0,177530,2730512,6883790780.0,3877.0,28,3876.0,352
rb1805,20171213,20171212,210552000,3877.0,177690,2730552,6889994540.0,3878.0,476,3877.0,7
rb1805,20171213,20171212,210552500,3877.0,177778,2730534,6893406360.0,3878.0,485,3877.0,10
rb1805,20171213,20171212,210553000,3877.0,177966,2730608,6900696640.0,3878.0,421,3877.0,8
rb1805,20171213,20171212,210553500,3877.0,178026,2730634,6903023100.0,3878.0,420,3877.0,29
rb1805,20171213,20171212,210554000,3877.0,178064,2730668,6904496420.0,3878.0,419,3877.0,38
rb1805,20171213,20171212,210554500,3878.0,178224,2730800,6910701140.0,3878.0,345,3877.0,91
rb1805,20171213,20171212,210555000,3878.0,178304,2730788,6913802980.0,3878.0,335,3877.0,166
rb1805,20171213,20171212,210555500,3878.0,178428,2730740,6918610720.0,3878.0,405,3877.0,153
rb1805,20171213,20171212,210556000,3877.0,178452,2730740,6919541260.0,3878.0,416,3877.0,147
rb1805,20171213,20171212,210556500,3877.0,178960,2730722,6939237820.0,3877.0,100,3876.0,382
rb1805,20171213,20171212,210557000,3877.0,179120,2730628,6945441020.0,3877.0,23,3876.0,427
rb1805,20171213,20171212,210557500,3877.0,179324,2730574,6953350140.0,3878.0,609,3877.0,49
rb1805,20171213,20171212,210558000,3877.0,179494,2730656,6959941440.0,3877.0,3,3876.0,463
rb1805,20171213,20171212,210558500,3877.0,179614,2730578,6964593880.0,3878.0,597,3877.0,36
rb1805,20171213,20171212,210559000,3877.0,179656,2730542,6966222240.0,3878.0,598,3877.0,29
rb1805,20171213,20171212,210559500,3876.0,179864,2730448,6974285100.0,3877.0,1,3876.0,412
rb1805,20171213,20171212,210600000,3877.0,180172,2730464,6986226280.0,3878.0,607,3877.0,67
rb1805,20171213,20171212,210600500,3878.0,180700,2730846,7006693320.0,3878.0,606,3876.0,223
rb1805,20171213,20171212,210601000,3877.0,180748,2730878,7008554260.0,3877.0,2,3876.0,215
rb1805,20171213,20171212,210601500,3877.0,180858,2730862,7012819840.0,3877.0,112,3876.0,215
rb1805,20171213,20171212,210602000,3876.0,181318,2730948,7030649580.0,3876.0,280,3875.0,355
rb1805,20171213,20171212,210602500,3876.0,181362,2730992,7032355020.0,3876.0,329,3875.0,346
rb1805,20171213,20171212,210603000,3876.0,181452,2731082,7035843420.0,3876.0,292,3875.0,346
rb1805,20171213,20171212,210603500,3875.0,181472,2731100,7036618480.0,3876.0,300,3875.0,338
rb1805,20171213,20171212,210604000,3876.0,181502,2731110,7037781280.0,3876.0,269,3875.0,342
rb1805,20171213,20171212,210604500,3875.0,181998,2731458,7057005400.0,3876.0,68,3875.0,302
rb1805,20171213,20171212,210605000,3876.0,182022,2731456,7057935600.0,3876.0,299,3875.0,308
rb1805,20171213,20171212,210605500,3875.0,182670,2731806,7083045600.0,3875.0,3,3874.0,391
rb1805,20171213,20171212,210606000,3875.0,182740,2731852,7085758100.0,3875.0,21,3874.0,391
rb1805,20171213,20171212,210606500,3875.0,182770,2731866,7086920600.0,3875.0,40,3874.0,394
rb1805,20171213,20171212,210607000,3875.0,182858,2731868,7090330580.0,3876.0,300,3875.0,8
rb1805,20171213,20171212,210607500,3875.0,182884,2731866,7091338060.0,3875.0,30,3874.0,320
rb1805,20171213,20171212,210608000,3875.0,182958,2731896,7094205560.0,3876.0,294,3875.0,29
rb1805,20171213,20171212,210608500,3876.0,182992,2731878,7095523360.0,3876.0,286,3875.0,75
rb1805,20171213,20171212,210609000,3875.0,183024,2731878,7096763620.0,3876.0,283,3875.0,151
rb1805,20171213,20171212,210609500,3876.0,183350,2731908,7109399280.0,3876.0,125,3875.0,242
rb1805,20171213,20171212,210610000,3876.0,183584,2731842,7118468780.0,3877.0,253,3876.0,436
rb1805,20171213,20171212,210610500,3876.0,183716,2731862,7123585120.0,3877.0,237,3876.0,373
rb1805,20171213,20171212,210611000,3876.0,183922,2731844,7131571200.0,3877.0,101,3876.0,363
rb1805,20171213,20171212,210611500,3877.0,184542,2732296,7155607920.0,3878.0,534,3877.0,8
rb1805,20171213,20171212,210612000,3878.0,184928,2732516,7170576900.0,3878.0,334,3877.0,116
rb1805,20171213,20171212,210612500,3877.0,184956,2732532,7171662460.0,3878.0,347,3877.0,132
rb1805,20171213,20171212,210613000,3878.0,184978,2732544,7172515500.0,3878.0,345,3877.0,149
rb1805,20171213,20171212,210613500,3877.0,185058,2732620,7175617100.0,3878.0,353,3877.0,114
rb1805,20171213,20171212,210614000,3878.0,185102,2732658,7177323020.0,3878.0,358,3877.0,96
rb1805,20171213,20171212,210614500,3878.0,185154,2732660,7179339280.0,3878.0,347,3877.0,84
rb1805,20171213,20171212,210615000,3877.0,185176,2732666,7180192360.0,3878.0,343,3877.0,92
rb1805,20171213,20171212,210615500,3877.0,185198,2732676,7181045320.0,3878.0,343,3877.0,82
rb1805,20171213,20171212,210616000,3877.0,185538,2732430,7194229940.0,3878.0,203,3877.0,53
rb1805,20171213,20171212,210616500,3877.0,185576,2732428,7195703260.0,3878.0,212,3877.0,215
rb1805,20171213,20171212,210617000,3878.0,186022,2732566,7212999080.0,3879.0,441,3878.0,39
rb1805,20171213,20171212,210617500,3878.0,186380,2732858,7226885520.0,3879.0,283,3878.0,58
rb1805,20171213,20171212,210618000,3878.0,186440,2732828,7229212720.0,3879.0,269,3878.0,171
rb1805,20171213,20171212,210618500,3878.0,186480,2732834,7230763920.0,3879.0,295,3878.0,155
rb1805,20171213,20171212,210619000,3879.0,186492,2732838,7231229340.0,3879.0,293,3878.0,160
rb1805,20171213,20171212,210619500,3878.0,186904,2732978,7247206640.0,3878.0,320,3877.0,172
rb1805,20171213,20171212,210620000,3878.0,186946,2733018,7248835400.0,3878.0,310,3877.0,163
rb1805,20171213,20171212,210620500,3878.0,186978,2733042,7250076300.0,3878.0,362,3877.0,155
rb1805,20171213,20171212,210621000,3877.0,187368,2733004,7265196940.0,3877.0,50,3876.0,100
rb1805,20171213,20171212,210621500,3877.0,187528,2733004,7271400140.0,3878.0,378,3877.0,100
rb1805,20171213,20171212,210622000,3878.0,187636,2733012,7275588180.0,3878.0,351,3877.0,113
rb1805,20171213,20171212,210622500,3878.0,187690,2733040,7277682140.0,3878.0,345,3877.0,117
rb1805,20171213,20171212,210623000,3877.0,187698,2733046,7277992360.0,3878.0,345,3877.0,119
rb1805,20171213,20171212,210623500,3878.0,187740,2733082,7279620980.0,3878.0,334,3877.0,214
rb1805,20171213,20171212,210624000,3878.0,187798,2733138,7281869900.0,3878.0,321,3877.0,185
rb1805,20171213,20171212,210624500,3878.0,188312,2733186,7301802720.0,3878.0,72,3877.0,180
rb1805,20171213,20171212,210625000,3877.0,188446,2733142,7306999160.0,3878.0,15,3877.0,178
rb1805,20171213,20171212,210625500,3878.0,188688,2733016,7316383780.0,3878.0,4,3877.0,186
rb1805,20171213,20171212,210626000,3878.0,188854,2732976,7322821260.0,3879.0,414,3878.0,147
rb1805,20171213,20171212,210626500,3878.0,189068,2732888,7331120200.0,3879.0,422,3878.0,56
rb1805,20171213,20171212,210627000,3878.0,189116,2732904,7332981680.0,3879.0,418,3878.0,42
rb1805,20171213,20171212,210627500,3878.0,189136,2732898,7333757340.0,3879.0,417,3878.0,86
rb1805,20171213,20171212,210628000,3879.0,189160,2732918,7334688080.0,3879.0,420,3878.0,75
rb1805,20171213,20171212,210628500,3879.0,189208,2732930,7336549760.0,3879.0,406,3878.0,75
rb1805,20171213,20171212,210629000,3878.0,189294,2732902,7339884980.0,3879.0,402,3878.0,40
rb1805,20171213,20171212,210629500,3878.0,189364,2732872,7342599800.0,3879.0,428,3878.0,47
rb1805,20171213,20171212,210630000,3878.0,189474,2732800,7346865600.0,3878.0,77,3877.0,196
rb1805,20171213,20171212,210630500,3878.0,189482,2732800,7347175820.0,3878.0,132,3877.0,196
rb1805,20171213,20171212,210631000,3878.0,189504,2732792,7348028980.0,3878.0,395,3877.0,199
rb1805,20171213,20171212,210631500,3878.0,189520,2732790,7348649400.0,3878.0,464,3877.0,202
rb1805,20171213,20171212,210632000,3878.0,189736,2732886,7357023860.0,3878.0,333,3877.0,101
rb1805,20171213,20171212,210632500,3878.0,190026,2732932,7368267780.0,3878.0,228,3877.0,88
rb1805,20171213,20171212,210633000,3878.0,190268,2732946,7377650320.0,3878.0,217,3877.0,28
rb1805,20171213,20171212,210633500,3877.0,190346,2732956,7380674300.0,3878.0,467,3877.0,45
rb1805,20171213,20171212,210634000,3877.0,190562,2732980,7389048620.0,3877.0,18,3876.0,103
rb1805,20171213,20171212,210634500,3877.0,190774,2732838,7397267980.0,3877.0,117,3876.0,124
rb1805,20171213,20171212,210635000,3877.0,190810,2732826,7398663700.0,3877.0,294,3876.0,119
rb1805,20171213,20171212,210635500,3877.0,190876,2732764,7401222520.0,3877.0,273,3876.0,126
rb1805,20171213,20171212,210636000,3877.0,190938,2732756,7403626200.0,3877.0,248,3876.0,86
rb1805,20171213,20171212,210636500,3876.0,190972,2732748,7404944200.0,3877.0,237,3876.0,93
rb1805,20171213,20171212,210637000,3876.0,191128,2732644,7410992260.0,3877.0,164,3876.0,90
rb1805,20171213,20171212,210637500,3877.0,191182,2732618,7413085760.0,3877.0,142,3876.0,96
rb1805,20171213,20171212,210638000,3876.0,191230,2732618,7414946580.0,3877.0,126,3876.0,91
rb1805,20171213,20171212,210638500,3876.0,191254,2732632,7415876840.0,3877.0,141,3876.0,97
rb1805,20171213,20171212,210639000,3876.0,191276,2732640,7416729700.0,3877.0,138,3876.0,83
rb1805,20171213,20171212,210639500,3876.0,191532,2732780,7426652320.0,3876.0,164,3875.0,345
rb1805,20171213,20171212,210640000,3876.0,191826,2732782,7438047720.0,3876.0,25,3875.0,343
rb1805,20171213,20171212,210640500,3877.0,191916,2732856,7441536420.0,3877.0,187,3876.0,380
rb1805,20171213,20171212,210641000,3876.0,192244,2733162,7454250920.0,3877.0,126,3876.0,216
rb1805,20171213,20171212,210641500,3876.0,192256,2733164,7454716040.0,3877.0,126,3876.0,219
rb1805,20171213,20171212,210642000,3876.0,192296,2733192,7456266440.0,3877.0,141,3876.0,210
rb1805,20171213,20171212,210642500,3876.0,192304,2733190,7456576520.0,3877.0,139,3876.0,156
rb1805,20171213,20171212,210643000,3877.0,192330,2733202,7457584320.0,3877.0,392,3876.0,95
rb1805,20171213,20171212,210643500,3877.0,192356,2733200,7458592200.0,3877.0,397,3876.0,53
rb1805,20171213,20171212,210644000,3877.0,192376,2733210,7459367520.0,3877.0,391,3876.0,50
rb1805,20171213,20171212,210644500,3876.0,192468,2733270,7462933660.0,3877.0,382,3876.0,16
rb1805,20171213,20171212,210645000,3876.0,192550,2733330,7466112080.0,3877.0,384,3876.0,3
rb1805,20171213,20171212,210645500,3877.0,192606,2733354,7468282600.0,3877.0,382,3876.0,60
rb1805,20171213,20171212,210646000,3876.0,192728,2733404,7473012480.0,3877.0,332,3876.0,60
rb1805,20171213,20171212,210646500,3876.0,192750,2733400,7473865220.0,3877.0,330,3876.0,56
rb1805,20171213,20171212,210647000,3877.0,192768,2733386,7474563040.0,3877.0,329,3876.0,57
rb1805,20171213,20171212,210647500,3876.0,192808,2733370,7476113440.0,3877.0,330,3876.0,46
rb1805,20171213,20171212,210648000,3876.0,192830,2733364,7476966240.0,3877.0,330,3876.0,44
rb1805,20171213,20171212,210648500,3877.0,192848,2733360,7477663960.0,3877.0,345,3876.0,46
rb1805,20171213,20171212,210649000,3876.0,192852,2733358,7477819000.0,3877.0,348,3876.0,106
rb1805,20171213,20171212,210649500,3876.0,192948,2733346,7481540100.0,3877.0,340,3876.0,133
rb1805,20171213,20171212,210650000,3876.0,193058,2733424,7485804740.0,3877.0,289,3876.0,139
rb1805,20171213,20171212,210650500,3876.0,193272,2733434,7494101500.0,3877.0,183,3876.0,153
rb1805,20171213,20171212,210651000,3877.0,193284,2733444,7494566720.0,3877.0,179,3876.0,162
rb1805,20171213,20171212,210651500,3876.0,193318,2733470,7495884580.0,3877.0,178,3876.0,185
rb1805,20171213,20171212,210652000,3876.0,193336,2733474,7496582380.0,3877.0,174,3876.0,191
rb1805,20171213,20171212,210652500,3877.0,193690,2733730,7510306880.0,3878.0,456,3877.0,3
rb1805,20171213,20171212,210653000,3877.0,193698,2733724,7510617040.0,3878.0,458,3877.0,156
rb1805,20171213,20171212,210653500,3878.0,193830,2733786,7515735040.0,3878.0,438,3877.0,124
rb1805,20171213,20171212,210654000,3877.0,193842,2733792,7516200340.0,3878.0,441,3877.0,123
rb1805,20171213,20171212,210654500,3879.0,194766,2733784,7552033040.0,3879.0,434,3878.0,176
rb1805,20171213,20171212,210655000,3879.0,194978,2733712,7560256380.0,3879.0,336,3878.0,224
rb1805,20171213,20171212,210655500,3879.0,195658,2733566,7586633580.0,3880.0,756,3879.0,36
rb1805,20171213,20171212,210656000,3879.0,195682,2733580,7587564580.0,3880.0,759,3879.0,70
rb1805,20171213,20171212,210656500,3880.0,195720,2733578,7589038920.0,3880.0,737,3879.0,109
rb1805,20171213,20171212,210657000,3879.0,196610,2733186,7623570720.0,3880.0,308,3879.0,101
rb1805,20171213,20171212,210657500,3880.0,197284,2733440,7649722200.0,3881.0,175,3880.0,68
rb1805,20171213,20171212,210658000,3881.0,197306,2733452,7650575900.0,3881.0,282,3880.0,90
rb1805,20171213,20171212,210658500,3880.0,197608,2733412,7662295500.0,3881.0,190,3880.0,256
rb1805,20171213,20171212,210659000,3881.0,197906,2733590,7673860440.0,3881.0,103,3880.0,305
rb1805,20171213,20171212,210659500,3881.0,198220,2733604,7686045900.0,3882.0,429,3881.0,5
rb1805,20171213,20171212,210700000,3882.0,198366,2733506,7691712240.0,3882.0,416,3880.0,320
rb1805,20171213,20171212,210700500,3882.0,198506,2733470,7697145920.0,3882.0,378,3880.0,328
rb1805,20171213,20171212,210701000,3881.0,198596,2733486,7700639240.0,3882.0,359,3881.0,35
rb1805,20171213,20171212,210701500,3881.0,198984,2733580,7715699580.0,3882.0,480,3881.0,4
rb1805,20171213,20171212,210702000,3881.0,199070,2733560,7719037420.0,3881.0,15,3880.0,313
rb1805,20171213,20171212,210702500,3881.0,199392,2733554,7731531340.0,3881.0,242,3880.0,210
rb1805,20171213,20171212,210703000,3880.0,199848,2733422,7749224140.0,3880.0,175,3879.0,186
rb1805,20171213,20171212,210703500,3879.0,199912,2733414,7751706960.0,3880.0,161,3879.0,128
rb1805,20171213,20171212,210704000,3880.0,200132,2733434,7760241080.0,3880.0,169,3879.0,32
rb1805,20171213,20171212,210704500,3879.0,200268,2733362,7765516540.0,3879.0,380,3878.0,75
rb1805,20171213,20171212,210705000,3878.0,200506,2733484,7774746440.0,3878.0,139,3877.0,124
rb1805,20171213,20171212,210705500,3878.0,201044,2733386,7795608040.0,3879.0,221,3878.0,159
rb1805,20171213,20171212,210706000,3879.0,201570,2733398,7816006540.0,3879.0,220,3878.0,12
rb1805,20171213,20171212,210706500,3878.0,201778,2733356,7824072780.0,3878.0,44,3877.0,55
rb1805,20171213,20171212,210707000,3877.0,201920,2733348,7829579060.0,3879.0,201,3877.0,68
rb1805,20171213,20171212,210707500,3879.0,201944,2733356,7830509860.0,3879.0,87,3878.0,5
rb1805,20171213,20171212,210708000,3878.0,202088,2733388,7836094540.0,3879.0,126,3878.0,47
rb1805,20171213,20171212,210708500,3879.0,202130,2733416,7837723500.0,3879.0,122,3878.0,57
rb1805,20171213,20171212,210709000,3878.0,202196,2733424,7840283520.0,3879.0,124,3878.0,60
rb1805,20171213,20171212,210709500,3879.0,202310,2733372,7844705420.0,3879.0,78,3878.0,133
rb1805,20171213,20171212,210710000,3879.0,202502,2733326,7852153100.0,3880.0,217,3879.0,88
rb1805,20171213,20171212,210710500,3880.0,202524,2733308,7853006660.0,3880.0,448,3879.0,121
rb1805,20171213,20171212,210711000,3879.0,202574,2733296,7854946360.0,3880.0,449,3879.0,115
rb1805,20171213,20171212,210711500,3879.0,202590,2733308,7855567000.0,3880.0,450,3879.0,154
rb1805,20171213,20171212,210712000,3880.0,202654,2733304,7858050040.0,3880.0,409,3879.0,157
rb1805,20171213,20171212,210712500,3879.0,202704,2733328,7859989660.0,3880.0,422,3879.0,138
rb1805,20171213,20171212,210713000,3879.0,202994,2733222,7871238780.0,3879.0,118,3878.0,192
rb1805,20171213,20171212,210713500,3879.0,203122,2733258,7876203900.0,3879.0,55,3878.0,194
rb1805,20171213,20171212,210714000,3879.0,203156,2733278,7877522760.0,3879.0,48,3878.0,224
rb1805,20171213,20171212,210714500,3878.0,203196,2733292,7879074280.0,3879.0,111,3878.0,221
rb1805,20171213,20171212,210715000,3879.0,203246,2733328,7881013760.0,3879.0,90,3878.0,212
rb1805,20171213,20171212,210715500,3878.0,203292,2733342,7882797860.0,3879.0,119,3878.0,201
rb1805,20171213,20171212,210716000,3878.0,203332,2733350,7884349260.0,3879.0,212,3878.0,193
rb1805,20171213,20171212,210716500,3879.0,203352,2733342,7885125040.0,3879.0,204,3878.0,200
rb1805,20171213,20171212,210717000,3879.0,203360,2733350,7885435320.0,3879.0,260,3878.0,217
rb1805,20171213,20171212,210717500,3879.0,203410,2733372,7887374680.0,3879.0,257,3878.0,220
rb1805,20171213,20171212,210718000,3879.0,203446,2733400,7888771060.0,3879.0,244,3878.0,219
rb1805,20171213,20171212,210718500,3878.0,203480,2733426,7890089740.0,3879.0,251,3878.0,223
rb1805,20171213,20171212,210719000,3879.0,203594,2733446,7894511740.0,3879.0,203,3878.0,221
rb1805,20171213,20171212,210719500,3878.0,203630,2733458,7895908020.0,3879.0,208,3878.0,214
rb1805,20171213,20171212,210720000,3878.0,203642,2733458,7896373440.0,3879.0,206,3878.0,211
rb1805,20171213,20171212,210720500,3878.0,203798,2733468,7902424000.0,3879.0,165,3878.0,178
rb1805,20171213,20171212,210721000,3879.0,203864,2733532,7904983640.0,3879.0,158,3878.0,166
rb1805,20171213,20171212,210721500,3879.0,204012,2733624,7910724300.0,3879.0,97,3878.0,159
rb1805,20171213,20171212,210722000,3879.0,204084,2733570,7913517120.0,3879.0,65,3878.0,167
rb1805,20171213,20171212,210722500,3879.0,204218,2733542,7918714980.0,3880.0,487,3879.0,114
rb1805,20171213,20171212,210723000,3880.0,204244,2733540,7919723680.0,3880.0,488,3879.0,205
rb1805,20171213,20171212,210723500,3879.0,204254,2733540,7920111580.0,3880.0,430,3879.0,223
rb1805,20171213,20171212,210724000,3879.0,204258,2733540,7920266760.0,3880.0,431,3879.0,231
rb1805,20171213,20171212,210724500,3880.0,204396,2733562,7925620140.0,3880.0,413,3879.0,157
rb1805,20171213,20171212,210725000,3880.0,204446,2733598,7927559740.0,3880.0,406,3879.0,171
rb1805,20171213,20171212,210725500,3879.0,204572,2733586,7932448140.0,3880.0,364,3879.0,164
rb1805,20171213,20171212,210726000,3880.0,204596,2733594,7933379280.0,3880.0,366,3879.0,163
rb1805,20171213,20171212,210726500,3880.0,204688,2733612,7936948120.0,3880.0,352,3879.0,127
rb1805,20171213,20171212,210727000,3880.0,204778,2733660,7940439960.0,3880.0,325,3879.0,185
rb1805,20171213,20171212,210727500,3879.0,204820,2733678,7942069420.0,3880.0,312,3879.0,134
rb1805,20171213,20171212,210728000,3880.0,204860,2733682,7943621180.0,3880.0,312,3879.0,130
rb1805,20171213,20171212,210728500,3880.0,204898,2733686,7945095260.0,3880.0,312,3879.0,100
rb1805,20171213,20171212,210729000,3879.0,205096,2733778,7952777380.0,3880.0,240,3879.0,87
rb1805,20171213,20171212,210729500,3879.0,205114,2733780,7953475700.0,3880.0,270,3879.0,90
rb1805,20171213,20171212,210730000,3879.0,205132,2733782,7954173980.0,3880.0,267,3879.0,90
rb1805,20171213,20171212,210730500,3879.0,205168,2733792,7955570640.0,3880.0,267,3879.0,84
rb1805,20171213,20171212,210731000,3879.0,205192,2733790,7956501700.0,3880.0,265,3879.0,119
rb1805,20171213,20171212,210731500,3880.0,205204,2733794,7956967260.0,3880.0,301,3879.0,121
rb1805,20171213,20171212,210732000,3880.0,205384,2733812,7963951240.0,3880.0,230,3879.0,123
rb1805,20171213,20171212,210732500,3879.0,205544,2733906,7970159100.0,3880.0,158,3879.0,116
rb1805,20171213,20171212,210733000,3879.0,205606,2733944,7972564560.0,3880.0,135,3879.0,115
rb1805,20171213,20171212,210733500,3880.0,205656,2733918,7974504540.0,3880.0,121,3879.0,124
rb1805,20171213,20171212,210734000,3879.0,205704,2733938,7976366640.0,3880.0,113,3879.0,98
rb1805,20171213,20171212,210734500,3880.0,205900,2734112,7983971280.0,3880.0,29,3879.0,89
rb1805,20171213,20171212,210735000,3880.0,205984,2734110,7987230360.0,3880.0,54,3879.0,102
rb1805,20171213,20171212,210735500,3880.0,206128,2734212,7992817380.0,3880.0,14,3879.0,88
rb1805,20171213,20171212,210736000,3879.0,206344,2734364,8001196040.0,3879.0,200,3878.0,341
rb1805,20171213,20171212,210736500,3879.0,206534,2734524,8008566100.0,3879.0,149,3878.0,339
rb1805,20171213,20171212,210737000,3880.0,206846,2734454,8020668700.0,3880.0,70,3879.0,80
rb1805,20171213,20171212,210737500,3879.0,206860,2734454,8021211800.0,3880.0,72,3879.0,144
rb1805,20171213,20171212,210738000,3879.0,206880,2734442,8021987780.0,3880.0,85,3879.0,170
rb1805,20171213,20171212,210738500,3879.0,206910,2734454,8023151520.0,3880.0,83,3879.0,155
rb1805,20171213,20171212,210739000,3880.0,206914,2734452,8023306720.0,3880.0,94,3879.0,161
rb1805,20171213,20171212,210739500,3880.0,207052,2734496,8028660240.0,3880.0,62,3879.0,105
rb1805,20171213,20171212,210740000,3879.0,207094,2734532,8030289540.0,3880.0,60,3879.0,106
rb1805,20171213,20171212,210740500,3880.0,207116,2734538,8031143060.0,3880.0,60,3879.0,116
rb1805,20171213,20171212,210741000,3880.0,207362,2734614,8040685440.0,3880.0,84,3878.0,358
rb1805,20171213,20171212,210741500,3879.0,207378,2734618,8041306160.0,3879.0,94,3878.0,366
rb1805,20171213,20171212,210742000,3879.0,207424,2734660,8043090500.0,3879.0,73,3878.0,358
rb1805,20171213,20171212,210742500,3879.0,207460,2734692,8044486900.0,3879.0,61,3878.0,361
rb1805,20171213,20171212,210743000,3879.0,207496,2734726,8045883340.0,3879.0,43,3878.0,362
rb1805,20171213,20171212,210743500,3880.0,207594,2734810,8049684840.0,3880.0,116,3879.0,3
rb1805,20171213,20171212,210744000,3879.0,207600,2734814,8049917580.0,3880.0,117,3879.0,11
rb1805,20171213,20171212,210744500,3879.0,207604,2734810,8050072740.0,3880.0,121,3879.0,168
rb1805,20171213,20171212,210745000,3880.0,207614,2734806,8050460680.0,3880.0,123,3879.0,179
rb1805,20171213,20171212,210745500,3879.0,207700,2734798,8053797460.0,3880.0,94,3879.0,198
rb1805,20171213,20171212,210746000,3880.0,207892,2734920,8061247040.0,3880.0,9,3879.0,205
rb1805,20171213,20171212,210746500,3880.0,207918,2734932,8062255840.0,3881.0,266,3880.0,65
rb1805,20171213,20171212,210747000,3880.0,207928,2734936,8062643840.0,3881.0,266,3880.0,75
rb1805,20171213,20171212,210747500,3880.0,208048,2734966,8067299840.0,3881.0,268,3880.0,15
rb1805,20171213,20171212,210748000,3880.0,208154,2734982,8071412380.0,3880.0,6,3879.0,163
rb1805,20171213,20171212,210748500,3880.0,208186,2734990,8072653860.0,3880.0,64,3879.0,160
rb1805,20171213,20171212,210749000,3881.0,208346,2735034,8078862040.0,3881.0,268,3880.0,11
rb1805,20171213,20171212,210749500,3879.0,208718,2734798,8093292300.0,3879.0,597,3878.0,667
rb1805,20171213,20171212,210750000,3879.0,208780,2734782,8095696880.0,3879.0,592,3878.0,650
rb1805,20171213,20171212,210750500,3879.0,208806,2734760,8096705420.0,3879.0,579,3878.0,648
rb1805,20171213,20171212,210751000,3879.0,208928,2734754,8101437800.0,3879.0,529,3878.0,657
rb1805,20171213,20171212,210751500,3879.0,208968,2734766,8102989120.0,3879.0,523,3878.0,645
rb1805,20171213,20171212,210752000,3879.0,209984,2733762,8142399720.0,3879.0,17,3878.0,648
rb1805,20171213,20171212,210752500,3879.0,210084,2733764,8146278720.0,3880.0,179,3879.0,765
rb1805,20171213,20171212,210753000,3879.0,210166,2733834,8149459520.0,3880.0,202,3879.0,732
rb1805,20171213,20171212,210753500,3879.0,210168,2733832,8149537100.0,3880.0,204,3879.0,738
rb1805,20171213,20171212,210754000,3880.0,210184,2733836,8150157820.0,3880.0,205,3879.0,757
rb1805,20171213,20171212,210754500,3880.0,210604,2733740,8166453820.0,3881.0,354,3880.0,96
rb1805,20171213,20171212,210755000,3880.0,210616,2733734,8166919420.0,3881.0,355,3880.0,171
rb1805,20171213,20171212,210755500,3880.0,210626,2733732,8167307440.0,3881.0,362,3880.0,266
rb1805,20171213,20171212,210756000,3880.0,210636,2733732,8167695460.0,3881.0,359,3880.0,265
rb1805,20171213,20171212,210756500,3880.0,210658,2733722,8168549080.0,3881.0,368,3880.0,270
rb1805,20171213,20171212,210757000,3880.0,210748,2733722,8172041300.0,3881.0,366,3880.0,238
rb1805,20171213,20171212,210757500,3881.0,211314,2733406,8194007180.0,3881.0,112,3880.0,211
rb1805,20171213,20171212,210758000,3880.0,211464,2733430,8199828180.0,3881.0,83,3880.0,188
rb1805,20171213,20171212,210758500,3880.0,211512,2733428,8201690580.0,3881.0,104,3880.0,168
rb1805,20171213,20171212,210759000,3881.0,211580,2733414,8204329200.0,3881.0,123,3880.0,177
rb1805,20171213,20171212,210759500,3880.0,211634,2733414,8206424700.0,3881.0,121,3880.0,236
rb1805,20171213,20171212,210800000,3881.0,211636,2733414,8206502320.0,3881.0,138,3880.0,237
rb1805,20171213,20171212,210800500,3881.0,211788,2733456,8212400160.0,3881.0,134,3880.0,188
rb1805,20171213,20171212,210801000,3880.0,213686,2733024,8286022480.0,3880.0,20,3878.0,476
rb1805,20171213,20171212,210801500,3880.0,214224,2733184,8306886640.0,3880.0,247,3879.0,1
rb1805,20171213,20171212,210802000,3879.0,214310,2733188,8310222580.0,3879.0,253,3878.0,228
rb1805,20171213,20171212,210802500,3878.0,215534,2733538,8357682020.0,3878.0,217,3876.0,240
rb1805,20171213,20171212,210803000,3878.0,215604,2733540,8360395540.0,3878.0,261,3877.0,2
rb1805,20171213,20171212,210803500,3877.0,215704,2733456,8364272500.0,3877.0,251,3876.0,206
rb1805,20171213,20171212,210804000,3877.0,215756,2733452,8366288520.0,3877.0,210,3876.0,205
rb1805,20171213,20171212,210804500,3877.0,215890,2733394,8371482540.0,3877.0,203,3876.0,151
rb1805,20171213,20171212,210805000,3877.0,215918,2733376,8372568060.0,3877.0,191,3876.0,153
rb1805,20171213,20171212,210805500,3877.0,215962,2733364,8374273900.0,3877.0,171,3876.0,203
rb1805,20171213,20171212,210806000,3877.0,216144,2733288,8381329840.0,3877.0,90,3876.0,195
rb1805,20171213,20171212,210806500,3877.0,216470,2733096,8393967500.0,3878.0,56,3876.0,132
rb1805,20171213,20171212,210807000,3878.0,216520,2733084,8395905700.0,3878.0,55,3877.0,3
rb1805,20171213,20171212,210807500,3876.0,216722,2733258,8403735380.0,3878.0,63,3877.0,12
rb1805,20171213,20171212,210808000,3878.0,216796,2733284,8406603920.0,3878.0,122,3877.0,1
rb1805,20171213,20171212,210808500,3877.0,216970,2733378,8413349960.0,3878.0,148,3877.0,19
rb1805,20171213,20171212,210809000,3878.0,217044,2733374,8416218780.0,3877.0,8,3876.0,311
rb1805,20171213,20171212,210809500,3877.0,217152,2733416,8420405180.0,3877.0,1,3876.0,275
rb1805,20171213,20171212,210810000,3877.0,217194,2733434,8422033520.0,3877.0,156,3876.0,277
rb1805,20171213,20171212,210810500,3877.0,217228,2733468,8423351660.0,3877.0,234,3876.0,279
rb1805,20171213,20171212,210811000,3876.0,217252,2733482,8424282040.0,3877.0,240,3876.0,304
rb1805,20171213,20171212,210811500,3877.0,217300,2733520,8426142740.0,3877.0,233,3876.0,300
rb1805,20171213,20171212,210812000,3877.0,217360,2733562,8428468680.0,3877.0,246,3876.0,287
rb1805,20171213,20171212,210812500,3877.0,217494,2733646,8433663620.0,3877.0,197,3876.0,326
rb1805,20171213,20171212,210813000,3877.0,217628,2733670,8438858620.0,3877.0,90,3876.0,298
rb1805,20171213,20171212,210813500,3877.0,217866,2733570,8448085520.0,3877.0,1,3876.0,283
rb1805,20171213,20171212,210814000,3877.0,217880,2733570,8448628300.0,3878.0,115,3877.0,37
rb1805,20171213,20171212,210814500,3877.0,217922,2733586,8450256640.0,3878.0,114,3877.0,18
rb1805,20171213,20171212,210815000,3877.0,218058,2733688,8455530360.0,3878.0,56,3877.0,10
rb1805,20171213,20171212,210815500,3878.0,218066,2733694,8455840580.0,3878.0,59,3877.0,78
rb1805,20171213,20171212,210816000,3877.0,218122,2733652,8458011700.0,3878.0,54,3877.0,96
rb1805,20171213,20171212,210816500,3878.0,218140,2733654,8458709580.0,3878.0,53,3877.0,205
rb1805,20171213,20171212,210817000,3878.0,218166,2733638,8459717760.0,3878.0,45,3877.0,208
rb1805,20171213,20171212,210817500,3878.0,218198,2733652,8460958640.0,3878.0,34,3877.0,226
rb1805,20171213,20171212,210818000,3877.0,218204,2733650,8461191280.0,3878.0,35,3877.0,226
rb1805,20171213,20171212,210818500,3878.0,218224,2733652,8461966740.0,3878.0,38,3877.0,219
rb1805,20171213,20171212,210819000,3878.0,218290,2733672,8464526200.0,3878.0,13,3877.0,218
rb1805,20171213,20171212,210819500,3878.0,218304,2733670,8465069080.0,3878.0,40,3877.0,232
rb1805,20171213,20171212,210820000,3877.0,218334,2733670,8466232220.0,3878.0,66,3877.0,219
rb1805,20171213,20171212,210820500,3877.0,218584,2733524,8475924960.0,3878.0,151,3877.0,107
rb1805,20171213,20171212,210821000,3877.0,218756,2733580,8482593400.0,3878.0,162,3877.0,22
rb1805,20171213,20171212,210821500,3877.0,218810,2733562,8484687040.0,3877.0,79,3876.0,332
rb1805,20171213,20171212,210822000,3877.0,218858,2733556,8486548000.0,3877.0,56,3876.0,332
rb1805,20171213,20171212,210822500,3877.0,218974,2733446,8491045300.0,3878.0,161,3876.0,332
rb1805,20171213,20171212,210823000,3877.0,219080,2733540,8495154020.0,3877.0,105,3876.0,287
rb1805,20171213,20171212,210823500,3876.0,219092,2733552,8495619140.0,3877.0,105,3876.0,281
rb1805,20171213,20171212,210824000,3877.0,219130,2733570,8497092400.0,3877.0,88,3876.0,281
rb1805,20171213,20171212,210824500,3877.0,219162,2733586,8498332980.0,3877.0,75,3876.0,259
rb1805,20171213,20171212,210825000,3877.0,219174,2733596,8498798220.0,3877.0,74,3876.0,260
rb1805,20171213,20171212,210825500,3877.0,219206,2733624,8500038820.0,3877.0,60,3876.0,261
rb1805,20171213,20171212,210826000,3876.0,219474,2733552,8510426880.0,3877.0,51,3876.0,147
rb1805,20171213,20171212,210826500,3877.0,219486,2733548,8510892040.0,3877.0,75,3876.0,144
rb1805,20171213,20171212,210827000,3877.0,219494,2733550,8511202140.0,3877.0,75,3876.0,141
rb1805,20171213,20171212,210827500,3877.0,219518,2733560,8512132540.0,3877.0,88,3876.0,138
rb1805,20171213,20171212,210828000,3876.0,219556,2733550,8513605440.0,3877.0,89,3876.0,147
rb1805,20171213,20171212,210828500,3876.0,219578,2733552,8514458220.0,3877.0,93,3876.0,180
rb1805,20171213,20171212,210829000,3877.0,219596,2733554,8515155960.0,3877.0,91,3876.0,187
rb1805,20171213,20171212,210829500,3876.0,219614,2733556,8515853740.0,3877.0,65,3876.0,186
rb1805,20171213,20171212,210830000,3877.0,219852,2733472,8525079960.0,3878.0,82,3876.0,139
rb1805,20171213,20171212,210830500,3877.0,219902,2733502,8527018460.0,3878.0,79,3876.0,152
rb1805,20171213,20171212,210831000,3877.0,220046,2733506,8532601240.0,3878.0,75,3876.0,216
rb1805,20171213,20171212,210831500,3876.0,220094,2733540,8534462260.0,3878.0,70,3877.0,53
rb1805,20171213,20171212,210832000,3877.0,220220,2733602,8539348280.0,3878.0,22,3877.0,155
rb1805,20171213,20171212,210832500,3878.0,220296,2733606,8542295560.0,3879.0,157,3878.0,55
rb1805,20171213,20171212,210833000,3879.0,220330,2733602,8543614120.0,3879.0,134,3878.0,162
rb1805,20171213,20171212,210833500,3878.0,220392,2733622,8546018860.0,3879.0,71,3878.0,159
rb1805,20171213,20171212,210834000,3879.0,220404,2733630,8546484320.0,3879.0,66,3878.0,159
rb1805,20171213,20171212,210834500,3878.0,220546,2733610,8551992020.0,3879.0,22,3878.0,135
rb1805,20171213,20171212,210835000,3879.0,220558,2733616,8552457420.0,3879.0,136,3878.0,141
rb1805,20171213,20171212,210835500,3878.0,220690,2733660,8557576980.0,3879.0,106,3878.0,106
rb1805,20171213,20171212,210836000,3879.0,220694,2733660,8557732120.0,3879.0,106,3878.0,96
rb1805,20171213,20171212,210836500,3878.0,220716,2733680,8558585280.0,3879.0,106,3878.0,95
rb1805,20171213,20171212,210837000,3878.0,220842,2733640,8563472380.0,3879.0,66,3878.0,78
rb1805,20171213,20171212,210837500,3879.0,220844,2733640,8563549960.0,3879.0,68,3878.0,129
rb1805,20171213,20171212,210838000,3879.0,220916,2733654,8566342660.0,3879.0,43,3878.0,121
rb1805,20171213,20171212,210838500,3879.0,220960,2733668,8568049200.0,3879.0,37,3878.0,113
rb1805,20171213,20171212,210839000,3878.0,221026,2733676,8570609300.0,3879.0,7,3878.0,120
rb1805,20171213,20171212,210839500,3879.0,221114,2733760,8574022020.0,3879.0,4,3878.0,83
rb1805,20171213,20171212,210840000,3879.0,221118,2733760,8574177160.0,3879.0,7,3878.0,74
rb1805,20171213,20171212,210840500,3879.0,221142,2733776,8575107920.0,3879.0,101,3878.0,66
rb1805,20171213,20171212,210841000,3878.0,221304,2733828,8581390280.0,3878.0,107,3877.0,459
rb1805,20171213,20171212,210841500,3877.0,221336,2733826,8582630960.0,3878.0,170,3877.0,434
rb1805,20171213,20171212,210842000,3878.0,221348,2733824,8583096280.0,3878.0,179,3877.0,437
rb1805,20171213,20171212,210842500,3878.0,221372,2733804,8584026980.0,3878.0,163,3877.0,446
rb1805,20171213,20171212,210843000,3878.0,221380,2733802,8584337220.0,3878.0,161,3877.0,446
rb1805,20171213,20171212,210843500,3878.0,221402,2733792,8585190340.0,3878.0,153,3877.0,442
rb1805,20171213,20171212,210844000,3878.0,221462,2733772,8587517100.0,3878.0,125,3877.0,441
rb1805,20171213,20171212,210844500,3877.0,221492,2733746,8588680240.0,3878.0,107,3877.0,429
rb1805,20171213,20171212,210845000,3878.0,221508,2733744,8589300620.0,3878.0,172,3877.0,425
rb1805,20171213,20171212,210845500,3878.0,221516,2733742,8589610840.0,3878.0,170,3877.0,446
rb1805,20171213,20171212,210846000,3878.0,221538,2733744,8590463900.0,3878.0,179,3877.0,442
rb1805,20171213,20171212,210846500,3878.0,221564,2733746,8591472060.0,3878.0,174,3877.0,436
rb1805,20171213,20171212,210847000,3878.0,221580,2733758,8592092480.0,3878.0,170,3877.0,435
rb1805,20171213,20171212,210847500,3878.0,221584,2733760,8592247600.0,3878.0,169,3877.0,435
rb1805,20171213,20171212,210848000,3878.0,221636,2733810,8594264140.0,3878.0,143,3877.0,435
rb1805,20171213,20171212,210848500,3878.0,221870,2733902,8603338660.0,3879.0,325,3878.0,197
rb1805,20171213,20171212,210849000,3878.0,221870,2733902,8603338660.0,3879.0,310,3878.0,213
rb1805,20171213,20171212,210849500,3878.0,221900,2733928,8604502060.0,3879.0,312,3878.0,238
rb1805,20171213,20171212,210850000,3879.0,221902,2733928,8604579640.0,3879.0,312,3878.0,257
rb1805,20171213,20171212,210850500,3878.0,221922,2733944,8605355240.0,3879.0,545,3878.0,248
rb1805,20171213,20171212,210851000,3879.0,222368,2733884,8622655080.0,3879.0,348,3878.0,223
rb1805,20171213,20171212,210851500,3879.0,223070,2734122,8649885660.0,3880.0,297,3879.0,86
rb1805,20171213,20171212,210852000,3879.0,223124,2734150,8651980320.0,3880.0,299,3879.0,155
rb1805,20171213,20171212,210852500,3879.0,223128,2734150,8652135480.0,3880.0,299,3879.0,184
rb1805,20171213,20171212,210853000,3880.0,223154,2734154,8653144140.0,3880.0,295,3879.0,123
rb1805,20171213,20171212,210853500,3880.0,223156,2734154,8653221740.0,3880.0,298,3879.0,106
rb1805,20171213,20171212,210854000,3879.0,223160,2734156,8653376900.0,3880.0,299,3879.0,106
rb1805,20171213,20171212,210854500,3880.0,223190,2734178,8654540820.0,3880.0,289,3879.0,102
rb1805,20171213,20171212,210855000,3879.0,223210,2734184,8655316700.0,3880.0,285,3879.0,92
rb1805,20171213,20171212,210855500,3879.0,223412,2734234,8663152540.0,3880.0,532,3879.0,4
rb1805,20171213,20171212,210856000,3879.0,223452,2734218,8664704140.0,3879.0,104,3878.0,246
rb1805,20171213,20171212,210856500,3878.0,223528,2734224,8667652060.0,3879.0,80,3878.0,241
rb1805,20171213,20171212,210857000,3879.0,223568,2734252,8669203660.0,3879.0,92,3878.0,242
rb1805,20171213,20171212,210857500,3879.0,223584,2734262,8669824300.0,3879.0,240,3878.0,244
rb1805,20171213,20171212,210858000,3879.0,223596,2734274,8670289740.0,3879.0,290,3878.0,242
rb1805,20171213,20171212,210858500,3879.0,223670,2734286,8673159540.0,3879.0,287,3878.0,209
rb1805,20171213,20171212,210859000,3878.0,223682,2734288,8673625000.0,3879.0,248,3878.0,208
rb1805,20171213,20171212,210859500,3879.0,223746,2734302,8676107480.0,3879.0,220,3878.0,205
rb1805,20171213,20171212,210900000,3878.0,223784,2734304,8677581440.0,3879.0,113,3878.0,212
rb1805,20171213,20171212,210900500,3877.0,224428,2734186,8702554040.0,3879.0,43,3877.0,357
rb1805,20171213,20171212,210901000,3879.0,224452,2734184,8703485000.0,3879.0,33,3878.0,3
rb1805,20171213,20171212,210901500,3878.0,224464,2734184,8703950380.0,3878.0,22,3877.0,362
rb1805,20171213,20171212,210902000,3878.0,224496,2734186,8705191320.0,3878.0,95,3877.0,364
rb1805,20171213,20171212,210902500,3878.0,224910,2733796,8721242220.0,3878.0,142,3877.0,163
rb1805,20171213,20171212,210903000,3878.0,224936,2733796,8722250480.0,3878.0,147,3877.0,162
rb1805,20171213,20171212,210903500,3878.0,224944,2733794,8722560680.0,3878.0,153,3877.0,160
rb1805,20171213,20171212,210904000,3877.0,224950,2733794,8722793340.0,3878.0,151,3877.0,160
rb1805,20171213,20171212,210904500,3878.0,225568,2734098,8746750600.0,3878.0,146,3877.0,3
rb1805,20171213,20171212,210905000,3877.0,226024,2734212,8764425160.0,3877.0,81,3875.0,1188
rb1805,20171213,20171212,210905500,3877.0,226032,2734216,8764735320.0,3877.0,364,3875.0,1196
rb1805,20171213,20171212,210906000,3877.0,226042,2734222,8765123000.0,3877.0,430,3876.0,1
rb1805,20171213,20171212,210906500,3876.0,226100,2734228,8767371080.0,3876.0,26,3875.0,1198
rb1805,20171213,20171212,210907000,3876.0,226118,2734232,8768068740.0,3876.0,81,3875.0,1189
rb1805,20171213,20171212,210907500,3876.0,226172,2734252,8770161700.0,3876.0,90,3875.0,1180
rb1805,20171213,20171212,210908000,3876.0,226180,2734256,8770471780.0,3876.0,198,3875.0,1180
rb1805,20171213,20171212,210908500,3876.0,226708,2734552,8790935000.0,3876.0,76,3875.0,1053
