instrument,tradingday,calendarday,time,lastp,volume,openinterest,turnover,ask1,asksz1,bid1,bidsz1
rb1805,20170626,20170623,183047500,2872.0,0,79978,0.0,0.0,0,0.0,0
rb1805,20170626,20170623,205900500,2872.0,12,79966,344640.0,2876.0,1,2870.0,6
rb1805,20170626,20170623,210000500,2875.0,22,79964,631780.0,2875.0,7,2870.0,4
rb1805,20170626,20170623,210001000,2870.0,24,79966,689180.0,2875.0,8,2870.0,3
rb1805,20170626,20170623,210001500,2870.0,24,79966,689180.0,2875.0,8,2870.0,3
rb1805,20170626,20170623,210002000,2870.0,24,79966,689180.0,2873.0,2,2870.0,3
rb1805,20170626,20170623,210002500,2870.0,24,79966,689180.0,2875.0,8,2870.0,3
rb1805,20170626,20170623,210003500,2875.0,26,79964,746680.0,2875.0,7,2871.0,12
rb1805,20170626,20170623,210004000,2875.0,32,79958,919180.0,2875.0,4,2870.0,3
rb1805,20170626,20170623,210004500,2875.0,32,79958,919180.0,2875.0,4,2872.0,9
rb1805,20170626,20170623,210005000,2875.0,32,79958,919180.0,2875.0,4,2872.0,9
rb1805,20170626,20170623,210005500,2875.0,32,79958,919180.0,2875.0,4,2872.0,9
rb1805,20170626,20170623,210006000,2875.0,32,79958,919180.0,2875.0,4,2872.0,9
rb1805,20170626,20170623,210008500,2872.0,34,79956,976620.0,2875.0,4,2872.0,8
rb1805,20170626,20170623,210009000,2872.0,34,79956,976620.0,2875.0,4,2872.0,8
rb1805,20170626,20170623,210009500,2872.0,34,79956,976620.0,2875.0,4,2872.0,8
rb1805,20170626,20170623,210011500,2872.0,34,79956,976620.0,2875.0,7,2872.0,8
rb1805,20170626,20170623,210012000,2872.0,36,79954,1034060.0,2874.0,1,2872.0,7
rb1805,20170626,20170623,210012500,2872.0,42,79952,1206420.0,2874.0,3,2870.0,3
rb1805,20170626,20170623,210013000,2872.0,42,79952,1206420.0,2874.0,3,2873.0,3
rb1805,20170626,20170623,210014500,2873.0,44,79952,1263880.0,2874.0,6,2873.0,2
rb1805,20170626,20170623,210015000,2873.0,44,79952,1263880.0,2874.0,6,2870.0,3
rb1805,20170626,20170623,210015500,2873.0,44,79952,1263880.0,2874.0,3,2871.0,5
rb1805,20170626,20170623,210016000,2873.0,44,79952,1263880.0,2874.0,6,2871.0,5
rb1805,20170626,20170623,210016500,2873.0,44,79952,1263880.0,2874.0,6,2871.0,5
rb1805,20170626,20170623,210017000,2873.0,44,79952,1263880.0,2874.0,6,2871.0,5
rb1805,20170626,20170623,210017500,2873.0,44,79952,1263880.0,2874.0,6,2872.0,2
rb1805,20170626,20170623,210018000,2874.0,46,79954,1321360.0,2874.0,2,2872.0,2
rb1805,20170626,20170623,210018500,2874.0,46,79954,1321360.0,2874.0,2,2872.0,2
rb1805,20170626,20170623,210019000,2874.0,46,79954,1321360.0,2874.0,5,2872.0,2
rb1805,20170626,20170623,210019500,2874.0,46,79954,1321360.0,2874.0,5,2872.0,2
rb1805,20170626,20170623,210020000,2874.0,46,79954,1321360.0,2874.0,5,2872.0,2
rb1805,20170626,20170623,210021000,2874.0,46,79954,1321360.0,2874.0,5,2872.0,2
rb1805,20170626,20170623,210021500,2874.0,46,79954,1321360.0,2874.0,5,2872.0,2
rb1805,20170626,20170623,210022500,2872.0,48,79954,1378800.0,2874.0,5,2872.0,1
rb1805,20170626,20170623,210023000,2872.0,48,79954,1378800.0,2874.0,5,2872.0,3
rb1805,20170626,20170623,210023500,2872.0,48,79954,1378800.0,2874.0,5,2872.0,3
rb1805,20170626,20170623,210026000,2872.0,48,79954,1378800.0,2874.0,5,2872.0,3
rb1805,20170626,20170623,210026500,2872.0,48,79954,1378800.0,2874.0,5,2872.0,4
rb1805,20170626,20170623,210027000,2872.0,48,79954,1378800.0,2874.0,5,2872.0,4
rb1805,20170626,20170623,210029000,2872.0,50,79956,1436240.0,2874.0,5,2872.0,3
rb1805,20170626,20170623,210029500,2872.0,52,79956,1493680.0,2873.0,1,2872.0,2
rb1805,20170626,20170623,210030000,2872.0,52,79956,1493680.0,2873.0,1,2872.0,2
rb1805,20170626,20170623,210031000,2872.0,52,79956,1493680.0,2873.0,1,2872.0,2
rb1805,20170626,20170623,210032500,2872.0,54,79956,1551120.0,2874.0,2,2872.0,1
rb1805,20170626,20170623,210033000,2872.0,54,79956,1551120.0,2874.0,3,2872.0,1
rb1805,20170626,20170623,210033500,2872.0,54,79956,1551120.0,2874.0,3,2873.0,1
rb1805,20170626,20170623,210034000,2873.0,56,79958,1608580.0,2874.0,3,2872.0,1
rb1805,20170626,20170623,210034500,2873.0,56,79958,1608580.0,2874.0,3,2872.0,1
rb1805,20170626,20170623,210036500,2873.0,56,79958,1608580.0,2874.0,3,2872.0,1
rb1805,20170626,20170623,210037000,2873.0,56,79958,1608580.0,2874.0,3,2872.0,1
rb1805,20170626,20170623,210037500,2873.0,56,79958,1608580.0,2874.0,3,2872.0,1
rb1805,20170626,20170623,210038500,2872.0,58,79960,1666020.0,2874.0,5,2870.0,3
rb1805,20170626,20170623,210039500,2872.0,58,79960,1666020.0,2874.0,5,2870.0,3
rb1805,20170626,20170623,210042000,2872.0,58,79960,1666020.0,2874.0,5,2870.0,3
rb1805,20170626,20170623,210042500,2872.0,58,79960,1666020.0,2874.0,5,2871.0,10
rb1805,20170626,20170623,210043000,2872.0,58,79960,1666020.0,2873.0,2,2871.0,10
rb1805,20170626,20170623,210043500,2872.0,58,79960,1666020.0,2873.0,2,2871.0,10
rb1805,20170626,20170623,210044000,2872.0,58,79960,1666020.0,2872.0,1,2871.0,10
rb1805,20170626,20170623,210044500,2872.0,60,79962,1723460.0,2873.0,2,2871.0,10
rb1805,20170626,20170623,210045500,2872.0,60,79962,1723460.0,2873.0,2,2871.0,11
rb1805,20170626,20170623,210046000,2872.0,60,79962,1723460.0,2873.0,2,2871.0,11
rb1805,20170626,20170623,210046500,2872.0,60,79962,1723460.0,2873.0,2,2871.0,11
rb1805,20170626,20170623,210047500,2871.0,62,79960,1780880.0,2873.0,2,2871.0,10
rb1805,20170626,20170623,210048500,2871.0,62,79960,1780880.0,2873.0,2,2871.0,10
rb1805,20170626,20170623,210049000,2871.0,62,79960,1780880.0,2873.0,2,2871.0,10
rb1805,20170626,20170623,210049500,2871.0,62,79960,1780880.0,2873.0,2,2871.0,10
rb1805,20170626,20170623,210050500,2871.0,62,79960,1780880.0,2873.0,2,2871.0,10
rb1805,20170626,20170623,210051000,2871.0,62,79960,1780880.0,2873.0,3,2871.0,10
rb1805,20170626,20170623,210051500,2871.0,64,79960,1838300.0,2871.0,2,2870.0,3
rb1805,20170626,20170623,210052500,2871.0,64,79960,1838300.0,2871.0,2,2870.0,3
rb1805,20170626,20170623,210053000,2871.0,64,79960,1838300.0,2871.0,2,2870.0,3
rb1805,20170626,20170623,210053500,2871.0,64,79960,1838300.0,2871.0,2,2870.0,3
rb1805,20170626,20170623,210054000,2871.0,64,79960,1838300.0,2871.0,2,2870.0,3
rb1805,20170626,20170623,210054500,2870.0,66,79960,1895700.0,2871.0,2,2870.0,2
rb1805,20170626,20170623,210055000,2870.0,66,79960,1895700.0,2871.0,2,2870.0,2
rb1805,20170626,20170623,210055500,2870.0,66,79960,1895700.0,2871.0,2,2870.0,11
rb1805,20170626,20170623,210056000,2870.0,66,79960,1895700.0,2871.0,2,2870.0,11
rb1805,20170626,20170623,210057000,2870.0,66,79960,1895700.0,2871.0,2,2870.0,2
rb1805,20170626,20170623,210058000,2870.0,66,79960,1895700.0,2871.0,2,2870.0,2
rb1805,20170626,20170623,210058500,2870.0,68,79962,1953100.0,2871.0,2,2870.0,10
rb1805,20170626,20170623,210100000,2870.0,68,79962,1953100.0,2871.0,2,2870.0,10
rb1805,20170626,20170623,210100500,2871.0,70,79962,2010520.0,2871.0,1,2870.0,10
rb1805,20170626,20170623,210101500,2871.0,70,79962,2010520.0,2871.0,1,2870.0,15
rb1805,20170626,20170623,210102000,2870.0,72,79962,2067920.0,2871.0,1,2870.0,14
rb1805,20170626,20170623,210102500,2870.0,82,79952,2354920.0,2871.0,1,2870.0,9
rb1805,20170626,20170623,210103000,2870.0,82,79952,2354920.0,2871.0,1,2870.0,9
rb1805,20170626,20170623,210104000,2870.0,82,79952,2354920.0,2871.0,1,2870.0,5
rb1805,20170626,20170623,210104500,2871.0,84,79952,2412340.0,2873.0,1,2871.0,3
rb1805,20170626,20170623,210105000,2871.0,90,79946,2584600.0,2871.0,2,2870.0,5
rb1805,20170626,20170623,210106000,2871.0,90,79946,2584600.0,2871.0,2,2870.0,5
rb1805,20170626,20170623,210106500,2871.0,90,79946,2584600.0,2871.0,2,2870.0,36
rb1805,20170626,20170623,210107000,2871.0,90,79946,2584600.0,2871.0,2,2870.0,36
rb1805,20170626,20170623,210107500,2871.0,90,79946,2584600.0,2872.0,3,2870.0,36
rb1805,20170626,20170623,210108000,2870.0,162,79946,4651000.0,2870.0,14,2869.0,1
rb1805,20170626,20170623,210108500,2870.0,162,79946,4651000.0,2870.0,14,2869.0,1
rb1805,20170626,20170623,210109500,2870.0,172,79946,4938000.0,2870.0,11,2869.0,1
rb1805,20170626,20170623,210110000,2870.0,172,79946,4938000.0,2870.0,11,2869.0,1
rb1805,20170626,20170623,210110500,2870.0,172,79946,4938000.0,2870.0,11,2869.0,1
rb1805,20170626,20170623,210111000,2870.0,172,79946,4938000.0,2870.0,11,2866.0,13
rb1805,20170626,20170623,210111500,2870.0,172,79946,4938000.0,2869.0,3,2866.0,7
rb1805,20170626,20170623,210112000,2870.0,172,79946,4938000.0,2869.0,4,2866.0,7
rb1805,20170626,20170623,210112500,2870.0,172,79946,4938000.0,2869.0,6,2866.0,7
rb1805,20170626,20170623,210113000,2870.0,172,79946,4938000.0,2869.0,6,2866.0,7
rb1805,20170626,20170623,210115500,2870.0,172,79946,4938000.0,2869.0,6,2866.0,6
rb1805,20170626,20170623,210116000,2870.0,172,79946,4938000.0,2868.0,2,2866.0,6
rb1805,20170626,20170623,210116500,2870.0,172,79946,4938000.0,2868.0,2,2866.0,7
rb1805,20170626,20170623,210117500,2866.0,174,79946,4995320.0,2868.0,2,2866.0,6
rb1805,20170626,20170623,210118000,2866.0,174,79946,4995320.0,2868.0,2,2866.0,6
rb1805,20170626,20170623,210118500,2866.0,180,79940,5167280.0,2868.0,2,2866.0,3
rb1805,20170626,20170623,210119500,2868.0,184,79940,5282000.0,2869.0,6,2868.0,4
rb1805,20170626,20170623,210120000,2868.0,184,79940,5282000.0,2869.0,4,2868.0,5
rb1805,20170626,20170623,210120500,2868.0,186,79940,5339360.0,2869.0,4,2868.0,8
rb1805,20170626,20170623,210121000,2868.0,186,79940,5339360.0,2869.0,4,2868.0,4
rb1805,20170626,20170623,210121500,2869.0,194,79932,5568880.0,2870.0,11,2869.0,4
rb1805,20170626,20170623,210122000,2869.0,194,79932,5568880.0,2870.0,9,2868.0,4
rb1805,20170626,20170623,210123000,2869.0,194,79932,5568880.0,2870.0,14,2866.0,4
rb1805,20170626,20170623,210123500,2869.0,194,79932,5568880.0,2870.0,14,2867.0,2
rb1805,20170626,20170623,210124000,2869.0,194,79932,5568880.0,2870.0,14,2868.0,2
rb1805,20170626,20170623,210125000,2870.0,210,79924,6028080.0,2870.0,6,2868.0,2
rb1805,20170626,20170623,210125500,2870.0,210,79924,6028080.0,2870.0,6,2868.0,2
rb1805,20170626,20170623,210126000,2870.0,210,79924,6028080.0,2870.0,6,2869.0,4
rb1805,20170626,20170623,210126500,2870.0,210,79924,6028080.0,2870.0,6,2869.0,4
rb1805,20170626,20170623,210127500,2870.0,210,79924,6028080.0,2870.0,1,2869.0,4
rb1805,20170626,20170623,210128000,2870.0,210,79924,6028080.0,2870.0,1,2869.0,4
rb1805,20170626,20170623,210129500,2870.0,210,79924,6028080.0,2870.0,1,2869.0,4
rb1805,20170626,20170623,210130500,2870.0,210,79924,6028080.0,2870.0,2,2869.0,4
rb1805,20170626,20170623,210131000,2870.0,210,79924,6028080.0,2870.0,2,2869.0,4
rb1805,20170626,20170623,210131500,2870.0,210,79924,6028080.0,2870.0,4,2869.0,4
rb1805,20170626,20170623,210132500,2870.0,218,79926,6257680.0,2872.0,1,2870.0,1
rb1805,20170626,20170623,210134000,2870.0,218,79926,6257680.0,2872.0,1,2870.0,1
rb1805,20170626,20170623,210134500,2870.0,218,79926,6257680.0,2873.0,9,2870.0,5
rb1805,20170626,20170623,210135000,2870.0,218,79926,6257680.0,2873.0,10,2870.0,5
rb1805,20170626,20170623,210135500,2870.0,218,79926,6257680.0,2873.0,10,2870.0,5
rb1805,20170626,20170623,210136000,2870.0,218,79926,6257680.0,2871.0,1,2870.0,6
rb1805,20170626,20170623,210137500,2870.0,218,79926,6257680.0,2871.0,1,2870.0,6
rb1805,20170626,20170623,210138000,2870.0,218,79926,6257680.0,2871.0,1,2870.0,7
rb1805,20170626,20170623,210138500,2870.0,218,79926,6257680.0,2871.0,1,2870.0,11
rb1805,20170626,20170623,210139000,2870.0,218,79926,6257680.0,2871.0,1,2870.0,7
rb1805,20170626,20170623,210140000,2870.0,218,79926,6257680.0,2871.0,6,2870.0,7
rb1805,20170626,20170623,210140500,2870.0,218,79926,6257680.0,2871.0,6,2870.0,8
rb1805,20170626,20170623,210141000,2870.0,218,79926,6257680.0,2871.0,1,2870.0,8
rb1805,20170626,20170623,210141500,2870.0,218,79926,6257680.0,2871.0,1,2870.0,9
rb1805,20170626,20170623,210142500,2871.0,220,79926,6315100.0,2872.0,1,2870.0,9
rb1805,20170626,20170623,210143000,2871.0,220,79926,6315100.0,2872.0,1,2870.0,9
rb1805,20170626,20170623,210143500,2871.0,220,79926,6315100.0,2871.0,1,2870.0,9
rb1805,20170626,20170623,210144000,2871.0,220,79926,6315100.0,2871.0,1,2870.0,9
rb1805,20170626,20170623,210146000,2871.0,220,79926,6315100.0,2872.0,6,2870.0,9
rb1805,20170626,20170623,210146500,2871.0,220,79926,6315100.0,2871.0,1,2870.0,9
rb1805,20170626,20170623,210147000,2871.0,222,79928,6372520.0,2872.0,6,2870.0,9
rb1805,20170626,20170623,210147500,2871.0,222,79928,6372520.0,2872.0,1,2870.0,13
rb1805,20170626,20170623,210148500,2871.0,222,79928,6372520.0,2872.0,6,2870.0,13
rb1805,20170626,20170623,210151000,2871.0,222,79928,6372520.0,2872.0,6,2870.0,13
rb1805,20170626,20170623,210151500,2871.0,222,79928,6372520.0,2872.0,1,2870.0,13
rb1805,20170626,20170623,210152000,2871.0,222,79928,6372520.0,2872.0,6,2870.0,9
rb1805,20170626,20170623,210153500,2871.0,222,79928,6372520.0,2872.0,6,2870.0,9
rb1805,20170626,20170623,210154000,2871.0,222,79928,6372520.0,2872.0,6,2870.0,9
rb1805,20170626,20170623,210155000,2871.0,222,79928,6372520.0,2872.0,37,2870.0,9
rb1805,20170626,20170623,210156000,2871.0,222,79928,6372520.0,2872.0,37,2870.0,9
rb1805,20170626,20170623,210156500,2871.0,222,79928,6372520.0,2872.0,37,2870.0,8
rb1805,20170626,20170623,210157500,2872.0,232,79926,6659720.0,2872.0,33,2870.0,8
rb1805,20170626,20170623,210158000,2872.0,232,79926,6659720.0,2872.0,33,2870.0,8
rb1805,20170626,20170623,210158500,2872.0,242,79928,6946920.0,2872.0,28,2870.0,8
rb1805,20170626,20170623,210200500,2872.0,242,79928,6946920.0,2872.0,28,2870.0,8
rb1805,20170626,20170623,210202000,2870.0,250,79926,7176520.0,2872.0,28,2870.0,4
rb1805,20170626,20170623,210204000,2870.0,250,79926,7176520.0,2872.0,28,2870.0,40
rb1805,20170626,20170623,210204500,2870.0,254,79928,7291320.0,2872.0,28,2870.0,38
rb1805,20170626,20170623,210205000,2870.0,256,79928,7348720.0,2872.0,28,2870.0,37
rb1805,20170626,20170623,210205500,2872.0,258,79928,7406160.0,2872.0,27,2870.0,37
rb1805,20170626,20170623,210206000,2872.0,258,79928,7406160.0,2872.0,27,2870.0,37
rb1805,20170626,20170623,210207000,2872.0,258,79928,7406160.0,2872.0,31,2870.0,37
rb1805,20170626,20170623,210207500,2872.0,258,79928,7406160.0,2872.0,27,2870.0,37
rb1805,20170626,20170623,210212000,2872.0,258,79928,7406160.0,2872.0,31,2870.0,36
rb1805,20170626,20170623,210212500,2872.0,258,79928,7406160.0,2872.0,31,2870.0,36
rb1805,20170626,20170623,210215000,2872.0,258,79928,7406160.0,2872.0,31,2870.0,36
rb1805,20170626,20170623,210216500,2870.0,260,79928,7463560.0,2872.0,31,2870.0,35
rb1805,20170626,20170623,210217000,2870.0,260,79928,7463560.0,2871.0,2,2870.0,35
rb1805,20170626,20170623,210219000,2870.0,260,79928,7463560.0,2871.0,2,2870.0,35
rb1805,20170626,20170623,210219500,2871.0,262,79928,7520980.0,2871.0,5,2870.0,35
rb1805,20170626,20170623,210220000,2871.0,270,79926,7750620.0,2871.0,3,2870.0,33
rb1805,20170626,20170623,210220500,2870.0,272,79926,7808020.0,2871.0,3,2870.0,32
rb1805,20170626,20170623,210221000,2870.0,272,79926,7808020.0,2871.0,3,2870.0,32
rb1805,20170626,20170623,210222000,2870.0,272,79926,7808020.0,2871.0,4,2870.0,32
rb1805,20170626,20170623,210222500,2870.0,274,79926,7865420.0,2871.0,5,2870.0,31
rb1805,20170626,20170623,210223000,2870.0,282,79926,8095020.0,2871.0,2,2870.0,27
rb1805,20170626,20170623,210224000,2870.0,282,79926,8095020.0,2871.0,2,2870.0,27
rb1805,20170626,20170623,210225500,2870.0,282,79926,8095020.0,2871.0,4,2870.0,27
rb1805,20170626,20170623,210226500,2870.0,282,79926,8095020.0,2871.0,4,2870.0,27
rb1805,20170626,20170623,210227500,2871.0,284,79928,8152440.0,2871.0,3,2870.0,27
rb1805,20170626,20170623,210228000,2870.0,338,79874,9702240.0,2870.0,73,2867.0,4
rb1805,20170626,20170623,210228500,2870.0,338,79874,9702240.0,2870.0,76,2868.0,3
rb1805,20170626,20170623,210230000,2870.0,338,79874,9702240.0,2870.0,76,2868.0,2
rb1805,20170626,20170623,210231000,2870.0,338,79874,9702240.0,2870.0,76,2868.0,3
rb1805,20170626,20170623,210231500,2870.0,338,79874,9702240.0,2870.0,76,2868.0,2
rb1805,20170626,20170623,210233000,2870.0,338,79874,9702240.0,2870.0,76,2868.0,2
rb1805,20170626,20170623,210233500,2870.0,338,79874,9702240.0,2870.0,76,2868.0,2
rb1805,20170626,20170623,210235000,2868.0,340,79874,9759600.0,2870.0,76,2868.0,1
rb1805,20170626,20170623,210236000,2868.0,342,79872,9816960.0,2868.0,27,2867.0,4
rb1805,20170626,20170623,210236500,2868.0,344,79872,9874320.0,2868.0,26,2866.0,3
rb1805,20170626,20170623,210237000,2868.0,344,79872,9874320.0,2868.0,29,2866.0,4
rb1805,20170626,20170623,210237500,2868.0,384,79872,11021520.0,2868.0,9,2866.0,4
rb1805,20170626,20170623,210238000,2868.0,384,79872,11021520.0,2868.0,9,2866.0,4
rb1805,20170626,20170623,210239500,2868.0,384,79872,11021520.0,2868.0,9,2866.0,4
rb1805,20170626,20170623,210240000,2868.0,384,79872,11021520.0,2868.0,9,2866.0,5
rb1805,20170626,20170623,210240500,2868.0,384,79872,11021520.0,2868.0,6,2866.0,5
rb1805,20170626,20170623,210241000,2868.0,384,79872,11021520.0,2868.0,6,2866.0,5
rb1805,20170626,20170623,210241500,2866.0,394,79864,11308120.0,2866.0,1,2865.0,6
rb1805,20170626,20170623,210242000,2866.0,394,79864,11308120.0,2866.0,1,2865.0,8
rb1805,20170626,20170623,210242500,2866.0,396,79864,11365440.0,2869.0,1,2865.0,8
rb1805,20170626,20170623,210243000,2866.0,396,79864,11365440.0,2869.0,6,2865.0,13
rb1805,20170626,20170623,210243500,2866.0,396,79864,11365440.0,2869.0,6,2865.0,13
rb1805,20170626,20170623,210244000,2866.0,396,79864,11365440.0,2869.0,6,2865.0,13
rb1805,20170626,20170623,210244500,2865.0,398,79864,11422740.0,2869.0,6,2865.0,12
rb1805,20170626,20170623,210246000,2865.0,398,79864,11422740.0,2869.0,6,2865.0,10
rb1805,20170626,20170623,210246500,2865.0,398,79864,11422740.0,2869.0,6,2865.0,12
rb1805,20170626,20170623,210247000,2865.0,398,79864,11422740.0,2869.0,6,2865.0,12
rb1805,20170626,20170623,210247500,2865.0,398,79864,11422740.0,2869.0,6,2866.0,4
rb1805,20170626,20170623,210248000,2865.0,398,79864,11422740.0,2869.0,1,2866.0,7
rb1805,20170626,20170623,210248500,2865.0,400,79864,11480040.0,2869.0,1,2866.0,6
rb1805,20170626,20170623,210250000,2865.0,400,79864,11480040.0,2869.0,1,2867.0,3
rb1805,20170626,20170623,210250500,2865.0,400,79864,11480040.0,2869.0,1,2867.0,8
rb1805,20170626,20170623,210252000,2865.0,400,79864,11480040.0,2869.0,6,2867.0,3
rb1805,20170626,20170623,210252500,2865.0,406,79858,11651940.0,2869.0,6,2866.0,5
rb1805,20170626,20170623,210253000,2865.0,406,79858,11651940.0,2869.0,6,2866.0,6
rb1805,20170626,20170623,210253500,2865.0,406,79858,11651940.0,2868.0,2,2866.0,6
rb1805,20170626,20170623,210254500,2865.0,406,79858,11651940.0,2867.0,1,2866.0,6
rb1805,20170626,20170623,210255000,2865.0,406,79858,11651940.0,2867.0,1,2866.0,1
rb1805,20170626,20170623,210255500,2865.0,406,79858,11651940.0,2867.0,1,2866.0,1
rb1805,20170626,20170623,210256000,2865.0,410,79856,11766540.0,2867.0,1,2865.0,10
rb1805,20170626,20170623,210256500,2865.0,410,79856,11766540.0,2867.0,1,2866.0,5
rb1805,20170626,20170623,210257000,2865.0,410,79856,11766540.0,2867.0,1,2866.0,5
rb1805,20170626,20170623,210257500,2865.0,410,79856,11766540.0,2867.0,1,2866.0,5
rb1805,20170626,20170623,210258000,2865.0,410,79856,11766540.0,2867.0,1,2866.0,5
rb1805,20170626,20170623,210258500,2865.0,420,79846,12053040.0,2867.0,1,2865.0,10
rb1805,20170626,20170623,210259000,2865.0,420,79846,12053040.0,2867.0,1,2865.0,10
rb1805,20170626,20170623,210259500,2865.0,420,79846,12053040.0,2867.0,6,2865.0,9
rb1805,20170626,20170623,210300000,2865.0,420,79846,12053040.0,2867.0,6,2865.0,9
rb1805,20170626,20170623,210300500,2865.0,420,79846,12053040.0,2867.0,6,2865.0,9
rb1805,20170626,20170623,210302000,2865.0,420,79846,12053040.0,2867.0,6,2865.0,11
rb1805,20170626,20170623,210302500,2865.0,420,79846,12053040.0,2867.0,6,2865.0,11
rb1805,20170626,20170623,210303000,2867.0,428,79844,12282400.0,2867.0,2,2865.0,11
rb1805,20170626,20170623,210304000,2867.0,428,79844,12282400.0,2867.0,2,2865.0,11
rb1805,20170626,20170623,210305000,2867.0,428,79844,12282400.0,2867.0,2,2865.0,13
rb1805,20170626,20170623,210306500,2867.0,428,79844,12282400.0,2867.0,2,2865.0,14
rb1805,20170626,20170623,210307000,2867.0,428,79844,12282400.0,2867.0,2,2865.0,14
rb1805,20170626,20170623,210307500,2867.0,428,79844,12282400.0,2867.0,2,2865.0,15
rb1805,20170626,20170623,210308500,2867.0,428,79844,12282400.0,2867.0,2,2865.0,14
rb1805,20170626,20170623,210310500,2867.0,428,79844,12282400.0,2867.0,2,2865.0,14
rb1805,20170626,20170623,210311000,2867.0,428,79844,12282400.0,2867.0,2,2865.0,10
rb1805,20170626,20170623,210311500,2865.0,430,79844,12339700.0,2867.0,2,2865.0,8
rb1805,20170626,20170623,210312500,2865.0,430,79844,12339700.0,2867.0,2,2865.0,8
rb1805,20170626,20170623,210314500,2867.0,434,79844,12454380.0,2868.0,2,2865.0,8
rb1805,20170626,20170623,210315000,2867.0,434,79844,12454380.0,2867.0,2,2865.0,8
rb1805,20170626,20170623,210315500,2867.0,434,79844,12454380.0,2867.0,2,2865.0,8
rb1805,20170626,20170623,210317000,2867.0,434,79844,12454380.0,2867.0,2,2865.0,8
rb1805,20170626,20170623,210317500,2865.0,436,79844,12511680.0,2867.0,2,2865.0,7
rb1805,20170626,20170623,210318000,2865.0,436,79844,12511680.0,2867.0,2,2865.0,12
rb1805,20170626,20170623,210319000,2865.0,436,79844,12511680.0,2867.0,2,2865.0,12
rb1805,20170626,20170623,210320000,2865.0,436,79844,12511680.0,2867.0,2,2865.0,11
rb1805,20170626,20170623,210320500,2865.0,436,79844,12511680.0,2867.0,3,2865.0,11
rb1805,20170626,20170623,210321000,2865.0,436,79844,12511680.0,2867.0,3,2865.0,11
rb1805,20170626,20170623,210323500,2865.0,436,79844,12511680.0,2867.0,3,2865.0,11
rb1805,20170626,20170623,210324500,2865.0,436,79844,12511680.0,2867.0,3,2865.0,11
rb1805,20170626,20170623,210326000,2865.0,438,79844,12568980.0,2867.0,3,2865.0,10
rb1805,20170626,20170623,210326500,2865.0,444,79850,12740880.0,2867.0,3,2865.0,7
rb1805,20170626,20170623,210330500,2865.0,444,79850,12740880.0,2867.0,3,2865.0,7
rb1805,20170626,20170623,210331500,2865.0,448,79850,12855520.0,2867.0,2,2865.0,6
rb1805,20170626,20170623,210332000,2865.0,448,79850,12855520.0,2867.0,2,2865.0,6
rb1805,20170626,20170623,210332500,2865.0,448,79850,12855520.0,2867.0,1,2865.0,6
rb1805,20170626,20170623,210333000,2865.0,448,79850,12855520.0,2867.0,1,2865.0,6
rb1805,20170626,20170623,210334000,2865.0,448,79850,12855520.0,2867.0,1,2865.0,6
rb1805,20170626,20170623,210334500,2865.0,448,79850,12855520.0,2867.0,1,2865.0,6
rb1805,20170626,20170623,210336500,2865.0,448,79850,12855520.0,2867.0,1,2865.0,6
rb1805,20170626,20170623,210337000,2865.0,448,79850,12855520.0,2867.0,1,2865.0,6
rb1805,20170626,20170623,210338000,2865.0,448,79850,12855520.0,2867.0,1,2865.0,7
rb1805,20170626,20170623,210338500,2865.0,450,79852,12912820.0,2867.0,1,2865.0,6
rb1805,20170626,20170623,210339500,2865.0,450,79852,12912820.0,2867.0,1,2865.0,6
rb1805,20170626,20170623,210340000,2865.0,450,79852,12912820.0,2867.0,1,2865.0,6
rb1805,20170626,20170623,210341500,2865.0,450,79852,12912820.0,2867.0,1,2866.0,1
rb1805,20170626,20170623,210342500,2865.0,450,79852,12912820.0,2867.0,1,2866.0,1
rb1805,20170626,20170623,210345000,2865.0,450,79852,12912820.0,2867.0,1,2866.0,1
rb1805,20170626,20170623,210346500,2867.0,452,79854,12970160.0,2868.0,2,2867.0,3
rb1805,20170626,20170623,210347500,2866.0,462,79854,13256820.0,2866.0,95,2865.0,6
rb1805,20170626,20170623,210348000,2866.0,462,79854,13256820.0,2866.0,95,2865.0,6
rb1805,20170626,20170623,210348500,2866.0,462,79854,13256820.0,2866.0,95,2865.0,2
rb1805,20170626,20170623,210349000,2866.0,464,79852,13314140.0,2866.0,94,2865.0,2
rb1805,20170626,20170623,210350500,2866.0,464,79852,13314140.0,2866.0,94,2865.0,2
rb1805,20170626,20170623,210351000,2866.0,464,79852,13314140.0,2866.0,94,2865.0,2
rb1805,20170626,20170623,210352000,2866.0,464,79852,13314140.0,2866.0,94,2865.0,2
rb1805,20170626,20170623,210352500,2866.0,464,79852,13314140.0,2866.0,94,2865.0,2
rb1805,20170626,20170623,210353000,2866.0,464,79852,13314140.0,2866.0,94,2865.0,3
rb1805,20170626,20170623,210354000,2866.0,464,79852,13314140.0,2866.0,94,2865.0,4
rb1805,20170626,20170623,210354500,2866.0,464,79852,13314140.0,2866.0,94,2865.0,5
rb1805,20170626,20170623,210356000,2866.0,464,79852,13314140.0,2866.0,94,2865.0,6
rb1805,20170626,20170623,210357000,2866.0,464,79852,13314140.0,2866.0,94,2865.0,6
rb1805,20170626,20170623,210357500,2866.0,464,79852,13314140.0,2866.0,94,2865.0,6
rb1805,20170626,20170623,210359500,2866.0,466,79852,13371460.0,2866.0,93,2865.0,6
rb1805,20170626,20170623,210400000,2866.0,466,79852,13371460.0,2866.0,94,2865.0,6
rb1805,20170626,20170623,210401500,2866.0,466,79852,13371460.0,2866.0,94,2865.0,21
rb1805,20170626,20170623,210402000,2866.0,466,79852,13371460.0,2866.0,94,2865.0,26
rb1805,20170626,20170623,210403000,2866.0,466,79852,13371460.0,2866.0,94,2865.0,26
rb1805,20170626,20170623,210403500,2866.0,466,79852,13371460.0,2866.0,94,2865.0,21
rb1805,20170626,20170623,210404000,2866.0,466,79852,13371460.0,2866.0,94,2865.0,21
rb1805,20170626,20170623,210405500,2866.0,466,79852,13371460.0,2866.0,94,2865.0,21
rb1805,20170626,20170623,210406000,2866.0,468,79852,13428780.0,2866.0,93,2865.0,21
rb1805,20170626,20170623,210407500,2866.0,530,79798,15205700.0,2866.0,62,2865.0,21
rb1805,20170626,20170623,210409000,2866.0,530,79798,15205700.0,2866.0,62,2865.0,21
rb1805,20170626,20170623,210409500,2866.0,530,79798,15205700.0,2866.0,62,2865.0,26
rb1805,20170626,20170623,210410500,2866.0,554,79774,15893540.0,2866.0,50,2865.0,26
rb1805,20170626,20170623,210415000,2866.0,554,79774,15893540.0,2866.0,50,2865.0,21
rb1805,20170626,20170623,210417000,2866.0,554,79774,15893540.0,2866.0,49,2865.0,21
rb1805,20170626,20170623,210418000,2866.0,554,79774,15893540.0,2866.0,49,2865.0,22
rb1805,20170626,20170623,210418500,2866.0,554,79774,15893540.0,2866.0,51,2865.0,22
rb1805,20170626,20170623,210420000,2866.0,554,79774,15893540.0,2866.0,51,2865.0,23
rb1805,20170626,20170623,210421500,2866.0,554,79774,15893540.0,2866.0,51,2865.0,23
rb1805,20170626,20170623,210425000,2866.0,554,79774,15893540.0,2866.0,51,2865.0,28
rb1805,20170626,20170623,210426000,2866.0,556,79774,15950860.0,2866.0,50,2865.0,28
rb1805,20170626,20170623,210426500,2866.0,556,79774,15950860.0,2866.0,50,2865.0,23
rb1805,20170626,20170623,210428500,2866.0,560,79774,16065500.0,2866.0,48,2865.0,23
rb1805,20170626,20170623,210429500,2866.0,560,79774,16065500.0,2866.0,48,2865.0,23
rb1805,20170626,20170623,210431500,2866.0,562,79774,16122820.0,2866.0,47,2865.0,22
rb1805,20170626,20170623,210432000,2866.0,562,79774,16122820.0,2866.0,47,2865.0,22
rb1805,20170626,20170623,210432500,2866.0,562,79774,16122820.0,2866.0,47,2865.0,22
rb1805,20170626,20170623,210433000,2866.0,562,79774,16122820.0,2866.0,47,2865.0,27
rb1805,20170626,20170623,210433500,2866.0,562,79774,16122820.0,2866.0,47,2865.0,28
rb1805,20170626,20170623,210434000,2866.0,562,79774,16122820.0,2866.0,47,2865.0,23
rb1805,20170626,20170623,210435000,2866.0,562,79774,16122820.0,2866.0,47,2865.0,23
rb1805,20170626,20170623,210436000,2866.0,562,79774,16122820.0,2866.0,47,2865.0,23
rb1805,20170626,20170623,210438500,2866.0,562,79774,16122820.0,2866.0,47,2865.0,23
rb1805,20170626,20170623,210439500,2866.0,562,79774,16122820.0,2866.0,47,2865.0,28
rb1805,20170626,20170623,210440500,2866.0,592,79744,16982620.0,2866.0,32,2865.0,23
rb1805,20170626,20170623,210441000,2866.0,592,79744,16982620.0,2866.0,32,2865.0,23
rb1805,20170626,20170623,210441500,2866.0,594,79744,17039940.0,2866.0,31,2865.0,23
rb1805,20170626,20170623,210443000,2866.0,594,79744,17039940.0,2866.0,31,2865.0,23
rb1805,20170626,20170623,210443500,2866.0,594,79744,17039940.0,2866.0,31,2865.0,23
rb1805,20170626,20170623,210444500,2866.0,594,79744,17039940.0,2866.0,31,2865.0,24
rb1805,20170626,20170623,210447500,2866.0,594,79744,17039940.0,2866.0,31,2865.0,24
rb1805,20170626,20170623,210449500,2866.0,596,79744,17097260.0,2866.0,30,2865.0,24
rb1805,20170626,20170623,210450500,2866.0,596,79744,17097260.0,2866.0,30,2865.0,24
rb1805,20170626,20170623,210452000,2866.0,596,79744,17097260.0,2866.0,30,2865.0,24
rb1805,20170626,20170623,210453000,2866.0,596,79744,17097260.0,2866.0,30,2865.0,24
rb1805,20170626,20170623,210457000,2866.0,596,79744,17097260.0,2866.0,30,2865.0,24
rb1805,20170626,20170623,210458000,2865.0,598,79744,17154560.0,2866.0,30,2865.0,23
rb1805,20170626,20170623,210459500,2866.0,600,79744,17211880.0,2866.0,29,2865.0,23
rb1805,20170626,20170623,210500500,2866.0,600,79744,17211880.0,2866.0,29,2865.0,23
rb1805,20170626,20170623,210503000,2866.0,600,79744,17211880.0,2866.0,29,2865.0,23
rb1805,20170626,20170623,210503500,2866.0,600,79744,17211880.0,2866.0,29,2865.0,23
rb1805,20170626,20170623,210504500,2866.0,600,79744,17211880.0,2866.0,29,2865.0,28
rb1805,20170626,20170623,210505000,2866.0,600,79744,17211880.0,2866.0,29,2865.0,28
rb1805,20170626,20170623,210507000,2866.0,644,79700,18472920.0,2866.0,7,2865.0,28
rb1805,20170626,20170623,210507500,2866.0,658,79690,18874160.0,2867.0,1,2865.0,28
rb1805,20170626,20170623,210508000,2866.0,658,79690,18874160.0,2867.0,1,2866.0,1
rb1805,20170626,20170623,210509000,2866.0,658,79690,18874160.0,2867.0,1,2866.0,1
rb1805,20170626,20170623,210510500,2866.0,660,79692,18931480.0,2867.0,1,2866.0,1
rb1805,20170626,20170623,210512500,2866.0,660,79692,18931480.0,2867.0,1,2866.0,1
rb1805,20170626,20170623,210513000,2866.0,660,79692,18931480.0,2867.0,1,2866.0,1
rb1805,20170626,20170623,210514000,2866.0,660,79692,18931480.0,2867.0,1,2866.0,1
rb1805,20170626,20170623,210517500,2866.0,660,79692,18931480.0,2867.0,1,2866.0,2
rb1805,20170626,20170623,210518000,2866.0,660,79692,18931480.0,2867.0,1,2866.0,2
rb1805,20170626,20170623,210519000,2867.0,662,79692,18988820.0,2868.0,1,2866.0,2
rb1805,20170626,20170623,210519500,2867.0,662,79692,18988820.0,2868.0,1,2866.0,7
rb1805,20170626,20170623,210520500,2867.0,662,79692,18988820.0,2868.0,1,2866.0,7
rb1805,20170626,20170623,210521500,2867.0,662,79692,18988820.0,2868.0,5,2866.0,7
rb1805,20170626,20170623,210525500,2867.0,662,79692,18988820.0,2868.0,5,2866.0,7
rb1805,20170626,20170623,210527000,2867.0,662,79692,18988820.0,2868.0,5,2867.0,6
rb1805,20170626,20170623,210528500,2867.0,662,79692,18988820.0,2868.0,6,2867.0,11
rb1805,20170626,20170623,210529000,2867.0,664,79692,19046160.0,2868.0,6,2867.0,8
rb1805,20170626,20170623,210530000,2868.0,670,79692,19218240.0,2868.0,3,2867.0,8
rb1805,20170626,20170623,210531000,2868.0,670,79692,19218240.0,2868.0,3,2867.0,8
rb1805,20170626,20170623,210532000,2868.0,670,79692,19218240.0,2868.0,3,2867.0,8
rb1805,20170626,20170623,210532500,2868.0,670,79692,19218240.0,2868.0,4,2867.0,8
rb1805,20170626,20170623,210533000,2868.0,672,79692,19275600.0,2868.0,3,2867.0,8
rb1805,20170626,20170623,210533500,2868.0,674,79690,19332960.0,2868.0,2,2867.0,8
rb1805,20170626,20170623,210534500,2867.0,676,79692,19390300.0,2868.0,2,2867.0,7
rb1805,20170626,20170623,210535500,2867.0,676,79692,19390300.0,2868.0,2,2867.0,7
rb1805,20170626,20170623,210536000,2867.0,676,79692,19390300.0,2868.0,2,2867.0,7
rb1805,20170626,20170623,210536500,2867.0,676,79692,19390300.0,2868.0,2,2867.0,7
rb1805,20170626,20170623,210538500,2867.0,676,79692,19390300.0,2868.0,4,2867.0,7
rb1805,20170626,20170623,210539000,2867.0,676,79692,19390300.0,2868.0,4,2867.0,7
rb1805,20170626,20170623,210540000,2867.0,680,79694,19504980.0,2868.0,5,2867.0,5
rb1805,20170626,20170623,210541500,2867.0,680,79694,19504980.0,2868.0,5,2867.0,5
rb1805,20170626,20170623,210542000,2867.0,680,79694,19504980.0,2868.0,5,2867.0,5
rb1805,20170626,20170623,210543000,2867.0,684,79698,19619660.0,2868.0,5,2867.0,3
rb1805,20170626,20170623,210543500,2867.0,684,79698,19619660.0,2868.0,4,2867.0,3
rb1805,20170626,20170623,210544000,2867.0,684,79698,19619660.0,2868.0,8,2867.0,3
rb1805,20170626,20170623,210544500,2867.0,684,79698,19619660.0,2868.0,8,2867.0,3
rb1805,20170626,20170623,210545000,2867.0,684,79698,19619660.0,2868.0,8,2867.0,3
rb1805,20170626,20170623,210546500,2867.0,684,79698,19619660.0,2868.0,8,2867.0,3
rb1805,20170626,20170623,210547000,2867.0,684,79698,19619660.0,2868.0,8,2867.0,3
rb1805,20170626,20170623,210548000,2867.0,684,79698,19619660.0,2868.0,8,2867.0,3
rb1805,20170626,20170623,210549000,2867.0,684,79698,19619660.0,2868.0,8,2867.0,3
rb1805,20170626,20170623,210552000,2868.0,700,79700,20078540.0,2869.0,6,2868.0,2
rb1805,20170626,20170623,210552500,2868.0,700,79700,20078540.0,2869.0,6,2868.0,2
rb1805,20170626,20170623,210554000,2868.0,702,79702,20135900.0,2869.0,6,2868.0,1
rb1805,20170626,20170623,210555500,2868.0,702,79702,20135900.0,2869.0,6,2868.0,1
rb1805,20170626,20170623,210556000,2868.0,704,79702,20193260.0,2868.0,3,2867.0,3
rb1805,20170626,20170623,210556500,2868.0,704,79702,20193260.0,2869.0,7,2867.0,3
rb1805,20170626,20170623,210557000,2868.0,704,79702,20193260.0,2869.0,8,2867.0,3
rb1805,20170626,20170623,210559000,2867.0,706,79702,20250600.0,2869.0,8,2867.0,2
rb1805,20170626,20170623,210559500,2867.0,706,79702,20250600.0,2869.0,8,2867.0,2
rb1805,20170626,20170623,210600500,2867.0,706,79702,20250600.0,2869.0,3,2867.0,7
rb1805,20170626,20170623,210601500,2867.0,706,79702,20250600.0,2869.0,1,2867.0,7
rb1805,20170626,20170623,210602000,2867.0,706,79702,20250600.0,2869.0,1,2867.0,8
rb1805,20170626,20170623,210603000,2867.0,706,79702,20250600.0,2869.0,1,2867.0,11
rb1805,20170626,20170623,210603500,2867.0,706,79702,20250600.0,2869.0,1,2867.0,11
rb1805,20170626,20170623,210604500,2867.0,706,79702,20250600.0,2869.0,3,2867.0,11
rb1805,20170626,20170623,210605500,2867.0,706,79702,20250600.0,2869.0,1,2867.0,11
rb1805,20170626,20170623,210606000,2867.0,706,79702,20250600.0,2869.0,1,2867.0,11
rb1805,20170626,20170623,210607000,2867.0,706,79702,20250600.0,2868.0,5,2867.0,11
rb1805,20170626,20170623,210611000,2868.0,716,79702,20537400.0,2869.0,2,2868.0,45
rb1805,20170626,20170623,210611500,2868.0,722,79702,20709480.0,2869.0,4,2868.0,42
rb1805,20170626,20170623,210612000,2868.0,722,79702,20709480.0,2869.0,3,2868.0,42
rb1805,20170626,20170623,210613500,2868.0,724,79704,20766840.0,2869.0,3,2868.0,41
rb1805,20170626,20170623,210616000,2869.0,738,79714,21168380.0,2869.0,2,2868.0,35
rb1805,20170626,20170623,210617000,2869.0,738,79714,21168380.0,2869.0,1,2868.0,35
rb1805,20170626,20170623,210617500,2869.0,740,79714,21225760.0,2870.0,79,2869.0,2
rb1805,20170626,20170623,210618000,2869.0,740,79714,21225760.0,2870.0,80,2869.0,2
rb1805,20170626,20170623,210619000,2869.0,740,79714,21225760.0,2870.0,80,2869.0,2
rb1805,20170626,20170623,210623000,2869.0,740,79714,21225760.0,2870.0,85,2869.0,2
rb1805,20170626,20170623,210627000,2869.0,740,79714,21225760.0,2870.0,85,2869.0,2
rb1805,20170626,20170623,210628000,2869.0,740,79714,21225760.0,2870.0,85,2869.0,2
rb1805,20170626,20170623,210629000,2869.0,740,79714,21225760.0,2870.0,85,2869.0,2
rb1805,20170626,20170623,210632000,2869.0,740,79714,21225760.0,2870.0,86,2869.0,2
rb1805,20170626,20170623,210632500,2869.0,740,79714,21225760.0,2870.0,87,2869.0,2
rb1805,20170626,20170623,210633000,2869.0,740,79714,21225760.0,2870.0,87,2869.0,2
rb1805,20170626,20170623,210633500,2869.0,740,79714,21225760.0,2870.0,87,2869.0,2
rb1805,20170626,20170623,210634000,2869.0,742,79714,21283140.0,2870.0,87,2869.0,1
rb1805,20170626,20170623,210635500,2869.0,742,79714,21283140.0,2870.0,84,2869.0,1
rb1805,20170626,20170623,210636000,2868.0,746,79718,21397880.0,2869.0,1,2868.0,34
rb1805,20170626,20170623,210643000,2868.0,746,79718,21397880.0,2869.0,1,2868.0,34
rb1805,20170626,20170623,210643500,2868.0,748,79720,21455240.0,2869.0,1,2868.0,38
rb1805,20170626,20170623,210644000,2868.0,748,79720,21455240.0,2869.0,2,2868.0,38
rb1805,20170626,20170623,210645000,2868.0,748,79720,21455240.0,2869.0,2,2868.0,38
rb1805,20170626,20170623,210648500,2868.0,748,79720,21455240.0,2869.0,2,2868.0,39
rb1805,20170626,20170623,210649500,2868.0,748,79720,21455240.0,2869.0,2,2868.0,39
rb1805,20170626,20170623,210651000,2868.0,748,79720,21455240.0,2869.0,2,2868.0,34
rb1805,20170626,20170623,210657000,2868.0,748,79720,21455240.0,2869.0,2,2868.0,34
rb1805,20170626,20170623,210659000,2868.0,748,79720,21455240.0,2869.0,2,2868.0,34
rb1805,20170626,20170623,210659500,2868.0,748,79720,21455240.0,2869.0,2,2868.0,34
rb1805,20170626,20170623,210702500,2868.0,748,79720,21455240.0,2869.0,2,2868.0,35
rb1805,20170626,20170623,210703000,2868.0,748,79720,21455240.0,2869.0,2,2868.0,36
rb1805,20170626,20170623,210704500,2868.0,748,79720,21455240.0,2869.0,2,2868.0,36
rb1805,20170626,20170623,210707000,2868.0,748,79720,21455240.0,2869.0,2,2868.0,36
rb1805,20170626,20170623,210708500,2868.0,750,79720,21512600.0,2869.0,2,2868.0,35
rb1805,20170626,20170623,210712500,2868.0,750,79720,21512600.0,2869.0,2,2868.0,35
rb1805,20170626,20170623,210713000,2868.0,770,79740,22086200.0,2869.0,2,2868.0,25
rb1805,20170626,20170623,210714500,2868.0,770,79740,22086200.0,2869.0,11,2868.0,25
rb1805,20170626,20170623,210716000,2868.0,774,79742,22200920.0,2869.0,11,2868.0,23
rb1805,20170626,20170623,210717000,2868.0,776,79744,22258280.0,2869.0,11,2868.0,22
rb1805,20170626,20170623,210719000,2868.0,776,79744,22258280.0,2869.0,11,2868.0,22
rb1805,20170626,20170623,210719500,2868.0,776,79744,22258280.0,2869.0,11,2868.0,21
rb1805,20170626,20170623,210721500,2868.0,776,79744,22258280.0,2869.0,11,2868.0,21
rb1805,20170626,20170623,210724000,2868.0,776,79744,22258280.0,2869.0,10,2868.0,21
rb1805,20170626,20170623,210724500,2868.0,776,79744,22258280.0,2869.0,10,2868.0,21
rb1805,20170626,20170623,210725000,2868.0,776,79744,22258280.0,2869.0,13,2868.0,21
rb1805,20170626,20170623,210725500,2868.0,778,79744,22315640.0,2869.0,13,2868.0,20
rb1805,20170626,20170623,210726500,2868.0,778,79744,22315640.0,2869.0,10,2868.0,20
rb1805,20170626,20170623,210728500,2868.0,780,79744,22373000.0,2869.0,10,2868.0,19
rb1805,20170626,20170623,210733500,2868.0,780,79744,22373000.0,2869.0,10,2868.0,19
rb1805,20170626,20170623,210736000,2868.0,780,79744,22373000.0,2869.0,10,2868.0,19
rb1805,20170626,20170623,210739000,2868.0,782,79744,22430360.0,2869.0,10,2868.0,18
rb1805,20170626,20170623,210741500,2868.0,782,79744,22430360.0,2869.0,10,2868.0,18
rb1805,20170626,20170623,210745500,2868.0,792,79744,22717160.0,2869.0,10,2868.0,13
rb1805,20170626,20170623,210746500,2868.0,800,79752,22946600.0,2869.0,10,2868.0,9
rb1805,20170626,20170623,210747000,2868.0,800,79752,22946600.0,2869.0,10,2868.0,9
rb1805,20170626,20170623,210751000,2869.0,810,79752,23233500.0,2869.0,5,2868.0,9
rb1805,20170626,20170623,210751500,2869.0,810,79752,23233500.0,2870.0,82,2868.0,9
rb1805,20170626,20170623,210752000,2869.0,810,79752,23233500.0,2869.0,4,2868.0,9
rb1805,20170626,20170623,210754000,2869.0,814,79756,23348260.0,2869.0,2,2868.0,9
rb1805,20170626,20170623,210755000,2868.0,824,79756,23635060.0,2869.0,2,2868.0,4
rb1805,20170626,20170623,210757500,2868.0,826,79756,23692420.0,2869.0,16,2868.0,3
rb1805,20170626,20170623,210758000,2869.0,830,79756,23807180.0,2869.0,14,2868.0,3
rb1805,20170626,20170623,210801000,2869.0,830,79756,23807180.0,2869.0,14,2868.0,3
rb1805,20170626,20170623,210802000,2869.0,830,79756,23807180.0,2869.0,14,2868.0,33
rb1805,20170626,20170623,210802500,2868.0,834,79758,23921900.0,2869.0,14,2868.0,31
rb1805,20170626,20170623,210803000,2868.0,836,79758,23979260.0,2869.0,14,2868.0,30
rb1805,20170626,20170623,210803500,2868.0,836,79758,23979260.0,2870.0,83,2868.0,30
rb1805,20170626,20170623,210804000,2868.0,836,79758,23979260.0,2870.0,86,2868.0,30
rb1805,20170626,20170623,210805000,2868.0,838,79758,24036620.0,2870.0,86,2868.0,31
rb1805,20170626,20170623,210805500,2868.0,838,79758,24036620.0,2870.0,86,2868.0,31
rb1805,20170626,20170623,210807000,2868.0,838,79758,24036620.0,2870.0,86,2868.0,31
rb1805,20170626,20170623,210808000,2868.0,890,79760,25527980.0,2870.0,86,2868.0,5
rb1805,20170626,20170623,210810500,2868.0,890,79760,25527980.0,2870.0,86,2868.0,35
rb1805,20170626,20170623,210811000,2868.0,892,79760,25585340.0,2870.0,86,2868.0,34
rb1805,20170626,20170623,210812000,2868.0,892,79760,25585340.0,2869.0,14,2868.0,34
rb1805,20170626,20170623,210812500,2868.0,892,79760,25585340.0,2870.0,84,2868.0,34
rb1805,20170626,20170623,210813000,2868.0,892,79760,25585340.0,2870.0,87,2868.0,34
rb1805,20170626,20170623,210813500,2870.0,906,79746,25987140.0,2870.0,77,2869.0,1
rb1805,20170626,20170623,210814000,2869.0,908,79748,26044520.0,2870.0,76,2868.0,69
rb1805,20170626,20170623,210817000,2869.0,908,79748,26044520.0,2870.0,76,2868.0,69
rb1805,20170626,20170623,210818000,2869.0,908,79748,26044520.0,2870.0,77,2868.0,69
rb1805,20170626,20170623,210819000,2868.0,948,79748,27191720.0,2870.0,77,2868.0,49
rb1805,20170626,20170623,210819500,2868.0,948,79748,27191720.0,2870.0,77,2868.0,50
rb1805,20170626,20170623,210822000,2868.0,948,79748,27191720.0,2870.0,77,2868.0,45
rb1805,20170626,20170623,210822500,2868.0,948,79748,27191720.0,2869.0,1,2868.0,45
rb1805,20170626,20170623,210824500,2868.0,950,79748,27249080.0,2869.0,1,2868.0,44
rb1805,20170626,20170623,210825000,2868.0,950,79748,27249080.0,2869.0,1,2868.0,44
rb1805,20170626,20170623,210825500,2868.0,950,79748,27249080.0,2869.0,1,2868.0,44
rb1805,20170626,20170623,210826500,2868.0,950,79748,27249080.0,2869.0,1,2868.0,44
rb1805,20170626,20170623,210830000,2868.0,950,79748,27249080.0,2869.0,1,2868.0,44
rb1805,20170626,20170623,210832000,2868.0,1038,79836,29772920.0,2869.0,1,2867.0,104
rb1805,20170626,20170623,210832500,2868.0,1038,79836,29772920.0,2869.0,1,2867.0,104
rb1805,20170626,20170623,210833000,2868.0,1038,79836,29772920.0,2869.0,1,2867.0,104
rb1805,20170626,20170623,210833500,2868.0,1038,79836,29772920.0,2869.0,1,2867.0,104
rb1805,20170626,20170623,210835000,2868.0,1038,79836,29772920.0,2869.0,2,2867.0,104
rb1805,20170626,20170623,210838000,2868.0,1038,79836,29772920.0,2869.0,4,2868.0,1
rb1805,20170626,20170623,210838500,2868.0,1040,79838,29830280.0,2869.0,4,2867.0,104
rb1805,20170626,20170623,210840000,2868.0,1040,79838,29830280.0,2869.0,3,2867.0,104
rb1805,20170626,20170623,210841500,2868.0,1040,79838,29830280.0,2869.0,3,2867.0,104
rb1805,20170626,20170623,210842000,2868.0,1040,79838,29830280.0,2869.0,3,2867.0,104
rb1805,20170626,20170623,210843500,2868.0,1040,79838,29830280.0,2869.0,3,2867.0,104
rb1805,20170626,20170623,210844000,2868.0,1040,79838,29830280.0,2869.0,3,2868.0,1
rb1805,20170626,20170623,210844500,2868.0,1042,79838,29887640.0,2869.0,3,2867.0,109
rb1805,20170626,20170623,210846500,2868.0,1042,79838,29887640.0,2869.0,3,2867.0,109
rb1805,20170626,20170623,210847000,2868.0,1042,79838,29887640.0,2869.0,3,2868.0,1
rb1805,20170626,20170623,210847500,2868.0,1044,79840,29945000.0,2869.0,4,2867.0,109
rb1805,20170626,20170623,210850500,2868.0,1044,79840,29945000.0,2868.0,2,2867.0,109
rb1805,20170626,20170623,210851000,2868.0,1044,79840,29945000.0,2868.0,3,2867.0,111
rb1805,20170626,20170623,210852500,2868.0,1044,79840,29945000.0,2868.0,3,2867.0,111
rb1805,20170626,20170623,210854000,2868.0,1048,79842,30059720.0,2868.0,1,2867.0,111
rb1805,20170626,20170623,210855000,2868.0,1048,79842,30059720.0,2868.0,1,2867.0,106
rb1805,20170626,20170623,210855500,2867.0,1056,79850,30289080.0,2868.0,2,2867.0,102
rb1805,20170626,20170623,210857000,2867.0,1058,79852,30346420.0,2868.0,2,2867.0,102
rb1805,20170626,20170623,210857500,2867.0,1058,79852,30346420.0,2868.0,5,2867.0,100
rb1805,20170626,20170623,210901000,2867.0,1058,79852,30346420.0,2868.0,10,2867.0,100
rb1805,20170626,20170623,210904500,2867.0,1072,79866,30747800.0,2868.0,10,2867.0,93
rb1805,20170626,20170623,210908500,2867.0,1072,79866,30747800.0,2868.0,11,2867.0,93
rb1805,20170626,20170623,210912000,2867.0,1072,79866,30747800.0,2868.0,8,2867.0,93
rb1805,20170626,20170623,210913000,2867.0,1074,79868,30805140.0,2868.0,11,2867.0,92
rb1805,20170626,20170623,210914000,2867.0,1084,79868,31091840.0,2868.0,11,2867.0,87
rb1805,20170626,20170623,210914500,2867.0,1084,79868,31091840.0,2868.0,11,2867.0,95
rb1805,20170626,20170623,210915000,2867.0,1084,79868,31091840.0,2868.0,20,2867.0,95
rb1805,20170626,20170623,210917500,2867.0,1084,79868,31091840.0,2868.0,21,2867.0,95
rb1805,20170626,20170623,210919500,2867.0,1084,79868,31091840.0,2868.0,21,2867.0,95
rb1805,20170626,20170623,210920000,2867.0,1084,79868,31091840.0,2868.0,21,2867.0,101
rb1805,20170626,20170623,210920500,2867.0,1084,79868,31091840.0,2868.0,21,2867.0,96
rb1805,20170626,20170623,210921500,2867.0,1086,79868,31149180.0,2868.0,21,2867.0,95
rb1805,20170626,20170623,210922000,2867.0,1086,79868,31149180.0,2868.0,21,2867.0,95
rb1805,20170626,20170623,210922500,2867.0,1086,79868,31149180.0,2868.0,21,2867.0,95
rb1805,20170626,20170623,210924000,2867.0,1086,79868,31149180.0,2868.0,21,2867.0,95
rb1805,20170626,20170623,210924500,2867.0,1142,79924,32754700.0,2868.0,20,2867.0,67
rb1805,20170626,20170623,210928000,2867.0,1142,79924,32754700.0,2868.0,11,2867.0,67
rb1805,20170626,20170623,210930500,2867.0,1144,79924,32812040.0,2868.0,11,2867.0,66
rb1805,20170626,20170623,210931500,2868.0,1164,79906,33385640.0,2868.0,1,2867.0,66
rb1805,20170626,20170623,210932000,2868.0,1164,79906,33385640.0,2868.0,1,2867.0,66
rb1805,20170626,20170623,210935500,2868.0,1164,79906,33385640.0,2868.0,1,2867.0,66
rb1805,20170626,20170623,210936000,2868.0,1164,79906,33385640.0,2868.0,2,2867.0,66
rb1805,20170626,20170623,210936500,2868.0,1164,79906,33385640.0,2868.0,2,2867.0,66
rb1805,20170626,20170623,210937000,2868.0,1164,79906,33385640.0,2868.0,2,2867.0,68
rb1805,20170626,20170623,210937500,2868.0,1164,79906,33385640.0,2868.0,7,2867.0,68
rb1805,20170626,20170623,210938000,2868.0,1164,79906,33385640.0,2868.0,7,2867.0,68
rb1805,20170626,20170623,210939000,2868.0,1164,79906,33385640.0,2868.0,7,2867.0,68
rb1805,20170626,20170623,210943500,2868.0,1168,79902,33500360.0,2868.0,5,2867.0,73
rb1805,20170626,20170623,210944500,2867.0,1170,79902,33557700.0,2868.0,5,2867.0,72
rb1805,20170626,20170623,210945000,2867.0,1170,79902,33557700.0,2868.0,5,2867.0,67
rb1805,20170626,20170623,210945500,2868.0,1172,79902,33615060.0,2868.0,4,2867.0,67
rb1805,20170626,20170623,210946000,2868.0,1180,79908,33844500.0,2869.0,3,2867.0,72
rb1805,20170626,20170623,210949000,2868.0,1180,79908,33844500.0,2868.0,20,2867.0,72
rb1805,20170626,20170623,210949500,2868.0,1180,79908,33844500.0,2868.0,20,2867.0,72
rb1805,20170626,20170623,210950000,2867.0,1200,79908,34417900.0,2868.0,20,2867.0,62
rb1805,20170626,20170623,210950500,2867.0,1200,79908,34417900.0,2868.0,20,2867.0,57
rb1805,20170626,20170623,210951000,2867.0,1200,79908,34417900.0,2868.0,20,2867.0,57
rb1805,20170626,20170623,210955000,2868.0,1206,79912,34589960.0,2868.0,18,2867.0,56
rb1805,20170626,20170623,210957500,2867.0,1208,79912,34647300.0,2868.0,18,2867.0,55
rb1805,20170626,20170623,211000500,2867.0,1208,79912,34647300.0,2868.0,18,2867.0,57
rb1805,20170626,20170623,211001000,2868.0,1212,79916,34762000.0,2868.0,17,2867.0,56
rb1805,20170626,20170623,211002500,2867.0,1222,79916,35048700.0,2868.0,17,2867.0,51
rb1805,20170626,20170623,211003000,2867.0,1222,79916,35048700.0,2868.0,17,2867.0,51
rb1805,20170626,20170623,211003500,2867.0,1222,79916,35048700.0,2868.0,17,2867.0,51
rb1805,20170626,20170623,211007000,2867.0,1222,79916,35048700.0,2868.0,17,2867.0,56
rb1805,20170626,20170623,211008000,2867.0,1222,79916,35048700.0,2868.0,17,2867.0,51
rb1805,20170626,20170623,211009500,2867.0,1222,79916,35048700.0,2868.0,17,2867.0,51
rb1805,20170626,20170623,211010000,2867.0,1222,79916,35048700.0,2868.0,17,2867.0,49
rb1805,20170626,20170623,211011500,2867.0,1224,79916,35106040.0,2868.0,17,2867.0,48
rb1805,20170626,20170623,211016500,2867.0,1224,79916,35106040.0,2868.0,17,2867.0,48
rb1805,20170626,20170623,211017500,2867.0,1224,79916,35106040.0,2868.0,17,2867.0,48
rb1805,20170626,20170623,211019000,2867.0,1224,79916,35106040.0,2868.0,17,2867.0,48
rb1805,20170626,20170623,211019500,2867.0,1224,79916,35106040.0,2868.0,17,2867.0,48
rb1805,20170626,20170623,211020000,2867.0,1228,79918,35220720.0,2868.0,17,2867.0,46
rb1805,20170626,20170623,211021000,2867.0,1228,79918,35220720.0,2868.0,17,2867.0,46
rb1805,20170626,20170623,211025000,2867.0,1228,79918,35220720.0,2868.0,22,2867.0,46
rb1805,20170626,20170623,211028000,2867.0,1228,79918,35220720.0,2868.0,22,2867.0,46
rb1805,20170626,20170623,211028500,2867.0,1228,79918,35220720.0,2868.0,24,2867.0,46
rb1805,20170626,20170623,211037000,2867.0,1228,79918,35220720.0,2868.0,29,2867.0,46
rb1805,20170626,20170623,211042500,2867.0,1230,79918,35278060.0,2868.0,29,2867.0,45
rb1805,20170626,20170623,211044500,2867.0,1230,79918,35278060.0,2868.0,29,2867.0,45
rb1805,20170626,20170623,211045000,2867.0,1236,79918,35450080.0,2868.0,29,2867.0,42
rb1805,20170626,20170623,211053500,2867.0,1236,79918,35450080.0,2868.0,29,2867.0,42
rb1805,20170626,20170623,211057000,2867.0,1236,79918,35450080.0,2868.0,29,2867.0,42
rb1805,20170626,20170623,211059500,2867.0,1236,79918,35450080.0,2868.0,25,2867.0,42
rb1805,20170626,20170623,211101500,2867.0,1236,79918,35450080.0,2868.0,25,2867.0,47
rb1805,20170626,20170623,211102000,2867.0,1236,79918,35450080.0,2868.0,25,2867.0,47
rb1805,20170626,20170623,211102500,2867.0,1236,79918,35450080.0,2868.0,25,2867.0,47
rb1805,20170626,20170623,211104000,2867.0,1236,79918,35450080.0,2868.0,25,2867.0,47
rb1805,20170626,20170623,211107500,2867.0,1238,79918,35507420.0,2868.0,25,2867.0,46
rb1805,20170626,20170623,211109000,2867.0,1248,79918,35794120.0,2868.0,25,2867.0,41
rb1805,20170626,20170623,211109500,2867.0,1248,79918,35794120.0,2868.0,25,2867.0,41
rb1805,20170626,20170623,211110500,2867.0,1248,79918,35794120.0,2868.0,25,2867.0,36
rb1805,20170626,20170623,211112000,2868.0,1288,79912,36941320.0,2868.0,5,2867.0,36
rb1805,20170626,20170623,211112500,2868.0,1288,79912,36941320.0,2868.0,6,2867.0,36
rb1805,20170626,20170623,211114000,2868.0,1290,79912,36998680.0,2868.0,5,2867.0,36
rb1805,20170626,20170623,211116500,2868.0,1290,79912,36998680.0,2868.0,5,2867.0,36
rb1805,20170626,20170623,211125000,2868.0,1290,79912,36998680.0,2868.0,5,2867.0,36
rb1805,20170626,20170623,211126500,2867.0,1300,79912,37285380.0,2868.0,5,2867.0,31
rb1805,20170626,20170623,211127000,2867.0,1302,79912,37342720.0,2868.0,5,2867.0,30
rb1805,20170626,20170623,211128000,2867.0,1302,79912,37342720.0,2868.0,5,2867.0,32
rb1805,20170626,20170623,211133500,2867.0,1302,79912,37342720.0,2868.0,5,2867.0,37
rb1805,20170626,20170623,211134000,2868.0,1312,79914,37629520.0,2869.0,2,2867.0,37
rb1805,20170626,20170623,211135500,2868.0,1312,79914,37629520.0,2869.0,2,2867.0,37
rb1805,20170626,20170623,211136500,2868.0,1312,79914,37629520.0,2869.0,2,2867.0,82
rb1805,20170626,20170623,211145500,2868.0,1312,79914,37629520.0,2869.0,2,2867.0,87
rb1805,20170626,20170623,211147500,2868.0,1312,79914,37629520.0,2869.0,2,2867.0,87
rb1805,20170626,20170623,211148500,2868.0,1312,79914,37629520.0,2869.0,2,2868.0,1
rb1805,20170626,20170623,211151000,2868.0,1312,79914,37629520.0,2869.0,2,2868.0,2
rb1805,20170626,20170623,211151500,2868.0,1312,79914,37629520.0,2869.0,4,2868.0,2
rb1805,20170626,20170623,211152000,2868.0,1312,79914,37629520.0,2869.0,5,2868.0,2
rb1805,20170626,20170623,211158500,2868.0,1316,79916,37744240.0,2868.0,18,2867.0,87
rb1805,20170626,20170623,211159000,2868.0,1316,79916,37744240.0,2868.0,18,2867.0,82
rb1805,20170626,20170623,211202500,2868.0,1316,79916,37744240.0,2868.0,23,2867.0,82
rb1805,20170626,20170623,211203000,2868.0,1316,79916,37744240.0,2868.0,24,2867.0,82
rb1805,20170626,20170623,211204000,2868.0,1316,79916,37744240.0,2868.0,24,2867.0,82
rb1805,20170626,20170623,211205000,2868.0,1316,79916,37744240.0,2868.0,6,2867.0,82
rb1805,20170626,20170623,211206000,2868.0,1316,79916,37744240.0,2868.0,6,2867.0,82
rb1805,20170626,20170623,211206500,2868.0,1316,79916,37744240.0,2868.0,11,2867.0,82
rb1805,20170626,20170623,211207500,2868.0,1316,79916,37744240.0,2868.0,11,2867.0,82
rb1805,20170626,20170623,211210000,2868.0,1316,79916,37744240.0,2868.0,11,2867.0,82
rb1805,20170626,20170623,211213000,2867.0,1318,79916,37801580.0,2868.0,11,2867.0,81
rb1805,20170626,20170623,211213500,2867.0,1318,79916,37801580.0,2868.0,11,2867.0,81
rb1805,20170626,20170623,211218500,2867.0,1318,79916,37801580.0,2868.0,11,2867.0,86
rb1805,20170626,20170623,211219500,2867.0,1318,79916,37801580.0,2868.0,11,2867.0,86
rb1805,20170626,20170623,211221000,2867.0,1318,79916,37801580.0,2868.0,11,2867.0,81
rb1805,20170626,20170623,211225000,2867.0,1318,79916,37801580.0,2868.0,11,2867.0,79
rb1805,20170626,20170623,211227500,2867.0,1318,79916,37801580.0,2868.0,11,2867.0,79
rb1805,20170626,20170623,211228500,2867.0,1320,79916,37858920.0,2868.0,11,2867.0,78
rb1805,20170626,20170623,211229500,2867.0,1322,79918,37916260.0,2868.0,11,2867.0,77
rb1805,20170626,20170623,211231000,2867.0,1322,79918,37916260.0,2868.0,11,2867.0,82
rb1805,20170626,20170623,211232000,2867.0,1322,79918,37916260.0,2868.0,12,2867.0,82
rb1805,20170626,20170623,211234500,2867.0,1332,79928,38202960.0,2868.0,12,2867.0,77
rb1805,20170626,20170623,211235000,2867.0,1332,79928,38202960.0,2868.0,12,2867.0,72
rb1805,20170626,20170623,211238000,2867.0,1332,79928,38202960.0,2868.0,12,2867.0,72
rb1805,20170626,20170623,211239000,2867.0,1332,79928,38202960.0,2868.0,14,2867.0,72
rb1805,20170626,20170623,211241000,2868.0,1336,79928,38317680.0,2868.0,12,2867.0,72
rb1805,20170626,20170623,211243500,2868.0,1336,79928,38317680.0,2868.0,12,2867.0,72
rb1805,20170626,20170623,211246500,2868.0,1336,79928,38317680.0,2868.0,12,2867.0,72
rb1805,20170626,20170623,211249500,2868.0,1336,79928,38317680.0,2868.0,12,2867.0,72
rb1805,20170626,20170623,211250500,2868.0,1336,79928,38317680.0,2868.0,12,2867.0,72
rb1805,20170626,20170623,211252500,2868.0,1336,79928,38317680.0,2868.0,12,2867.0,72
rb1805,20170626,20170623,211255500,2868.0,1336,79928,38317680.0,2868.0,12,2867.0,72
rb1805,20170626,20170623,211258000,2867.0,1340,79928,38432360.0,2868.0,12,2867.0,70
rb1805,20170626,20170623,211258500,2867.0,1360,79936,39005760.0,2868.0,12,2867.0,60
rb1805,20170626,20170623,211259000,2867.0,1360,79936,39005760.0,2868.0,12,2867.0,60
rb1805,20170626,20170623,211302000,2867.0,1362,79934,39063100.0,2868.0,12,2867.0,59
rb1805,20170626,20170623,211302500,2867.0,1362,79934,39063100.0,2868.0,12,2867.0,59
rb1805,20170626,20170623,211304000,2867.0,1362,79934,39063100.0,2868.0,12,2867.0,59
rb1805,20170626,20170623,211304500,2867.0,1362,79934,39063100.0,2868.0,21,2867.0,59
rb1805,20170626,20170623,211306000,2867.0,1362,79934,39063100.0,2868.0,21,2867.0,59
rb1805,20170626,20170623,211308000,2867.0,1362,79934,39063100.0,2868.0,21,2867.0,59
rb1805,20170626,20170623,211308500,2867.0,1362,79934,39063100.0,2868.0,21,2867.0,59
rb1805,20170626,20170623,211309000,2867.0,1362,79934,39063100.0,2868.0,12,2867.0,59
rb1805,20170626,20170623,211310500,2867.0,1374,79922,39407140.0,2868.0,10,2867.0,53
rb1805,20170626,20170623,211311000,2867.0,1374,79922,39407140.0,2868.0,10,2867.0,53
rb1805,20170626,20170623,211313500,2867.0,1384,79922,39693840.0,2868.0,10,2867.0,48
rb1805,20170626,20170623,211315000,2867.0,1384,79922,39693840.0,2868.0,10,2867.0,48
rb1805,20170626,20170623,211316000,2867.0,1384,79922,39693840.0,2868.0,11,2867.0,48
rb1805,20170626,20170623,211318000,2867.0,1388,79922,39808520.0,2868.0,11,2867.0,46
rb1805,20170626,20170623,211319500,2867.0,1390,79922,39865860.0,2868.0,11,2867.0,45
rb1805,20170626,20170623,211320500,2867.0,1392,79922,39923200.0,2868.0,11,2867.0,44
rb1805,20170626,20170623,211321000,2867.0,1392,79922,39923200.0,2868.0,12,2867.0,44
rb1805,20170626,20170623,211321500,2867.0,1402,79922,40209900.0,2868.0,12,2867.0,39
rb1805,20170626,20170623,211328000,2867.0,1402,79922,40209900.0,2868.0,12,2867.0,39
rb1805,20170626,20170623,211328500,2867.0,1404,79924,40267240.0,2868.0,12,2867.0,38
rb1805,20170626,20170623,211337000,2867.0,1404,79924,40267240.0,2868.0,12,2867.0,38
rb1805,20170626,20170623,211338000,2867.0,1404,79924,40267240.0,2868.0,12,2867.0,38
rb1805,20170626,20170623,211340500,2867.0,1406,79924,40324580.0,2868.0,12,2867.0,37
rb1805,20170626,20170623,211342000,2867.0,1406,79924,40324580.0,2868.0,12,2867.0,37
rb1805,20170626,20170623,211342500,2867.0,1406,79924,40324580.0,2868.0,12,2867.0,37
rb1805,20170626,20170623,211345000,2867.0,1410,79928,40439260.0,2868.0,12,2867.0,35
rb1805,20170626,20170623,211346000,2867.0,1412,79930,40496600.0,2868.0,12,2867.0,34
rb1805,20170626,20170623,211347500,2867.0,1412,79930,40496600.0,2868.0,13,2867.0,34
rb1805,20170626,20170623,211349000,2867.0,1412,79930,40496600.0,2868.0,13,2867.0,34
rb1805,20170626,20170623,211350500,2867.0,1414,79930,40553940.0,2868.0,13,2867.0,33
rb1805,20170626,20170623,211352500,2867.0,1414,79930,40553940.0,2868.0,13,2867.0,33
rb1805,20170626,20170623,211353000,2867.0,1414,79930,40553940.0,2868.0,13,2867.0,33
rb1805,20170626,20170623,211353500,2867.0,1414,79930,40553940.0,2868.0,13,2867.0,33
rb1805,20170626,20170623,211354000,2867.0,1414,79930,40553940.0,2868.0,20,2867.0,33
rb1805,20170626,20170623,211355000,2867.0,1414,79930,40553940.0,2868.0,20,2867.0,33
rb1805,20170626,20170623,211357000,2867.0,1414,79930,40553940.0,2868.0,21,2867.0,40
rb1805,20170626,20170623,211359000,2867.0,1414,79930,40553940.0,2868.0,21,2867.0,40
rb1805,20170626,20170623,211359500,2867.0,1414,79930,40553940.0,2868.0,21,2867.0,39
rb1805,20170626,20170623,211400000,2867.0,1414,79930,40553940.0,2868.0,21,2867.0,38
rb1805,20170626,20170623,211400500,2867.0,1414,79930,40553940.0,2868.0,21,2867.0,33
rb1805,20170626,20170623,211401500,2867.0,1424,79930,40840640.0,2868.0,21,2867.0,28
rb1805,20170626,20170623,211408000,2867.0,1424,79930,40840640.0,2868.0,21,2867.0,28
rb1805,20170626,20170623,211408500,2867.0,1424,79930,40840640.0,2868.0,22,2867.0,28
rb1805,20170626,20170623,211410000,2867.0,1426,79930,40897980.0,2868.0,22,2867.0,27
rb1805,20170626,20170623,211414500,2867.0,1426,79930,40897980.0,2868.0,22,2867.0,28
rb1805,20170626,20170623,211416500,2867.0,1426,79930,40897980.0,2868.0,22,2867.0,28
rb1805,20170626,20170623,211423000,2867.0,1428,79930,40955320.0,2868.0,22,2867.0,27
rb1805,20170626,20170623,211424000,2867.0,1430,79930,41012660.0,2868.0,22,2867.0,26
rb1805,20170626,20170623,211424500,2867.0,1430,79930,41012660.0,2868.0,21,2867.0,26
rb1805,20170626,20170623,211425000,2867.0,1430,79930,41012660.0,2868.0,21,2867.0,26
rb1805,20170626,20170623,211429500,2867.0,1430,79930,41012660.0,2868.0,21,2867.0,28
rb1805,20170626,20170623,211431000,2867.0,1430,79930,41012660.0,2868.0,21,2867.0,26
rb1805,20170626,20170623,211433500,2867.0,1430,79930,41012660.0,2868.0,21,2867.0,26
rb1805,20170626,20170623,211436500,2867.0,1430,79930,41012660.0,2868.0,22,2867.0,26
rb1805,20170626,20170623,211437000,2867.0,1430,79930,41012660.0,2868.0,23,2867.0,26
rb1805,20170626,20170623,211438500,2867.0,1430,79930,41012660.0,2868.0,23,2867.0,26
rb1805,20170626,20170623,211449500,2867.0,1432,79930,41070000.0,2868.0,22,2867.0,25
rb1805,20170626,20170623,211457500,2867.0,1432,79930,41070000.0,2868.0,22,2867.0,25
rb1805,20170626,20170623,211459000,2867.0,1432,79930,41070000.0,2868.0,22,2867.0,25
rb1805,20170626,20170623,211502000,2868.0,1444,79918,41414160.0,2868.0,16,2867.0,32
rb1805,20170626,20170623,211502500,2868.0,1444,79918,41414160.0,2868.0,17,2867.0,32
rb1805,20170626,20170623,211503000,2868.0,1444,79918,41414160.0,2868.0,17,2867.0,27
rb1805,20170626,20170623,211503500,2868.0,1450,79912,41586240.0,2868.0,14,2867.0,27
rb1805,20170626,20170623,211504500,2867.0,1452,79912,41643580.0,2868.0,14,2867.0,26
rb1805,20170626,20170623,211506000,2867.0,1452,79912,41643580.0,2868.0,14,2867.0,26
rb1805,20170626,20170623,211510000,2867.0,1452,79912,41643580.0,2868.0,14,2867.0,24
rb1805,20170626,20170623,211511000,2867.0,1454,79914,41700920.0,2868.0,14,2867.0,23
rb1805,20170626,20170623,211511500,2867.0,1454,79914,41700920.0,2868.0,13,2867.0,23
rb1805,20170626,20170623,211512000,2867.0,1454,79914,41700920.0,2868.0,14,2867.0,23
rb1805,20170626,20170623,211515500,2867.0,1454,79914,41700920.0,2868.0,14,2867.0,23
rb1805,20170626,20170623,211524500,2867.0,1456,79914,41758260.0,2868.0,14,2867.0,22
rb1805,20170626,20170623,211527000,2867.0,1456,79914,41758260.0,2868.0,14,2867.0,22
rb1805,20170626,20170623,211528000,2867.0,1456,79914,41758260.0,2868.0,15,2867.0,22
rb1805,20170626,20170623,211530000,2867.0,1458,79914,41815600.0,2868.0,15,2867.0,21
rb1805,20170626,20170623,211530500,2867.0,1458,79914,41815600.0,2868.0,17,2867.0,21
rb1805,20170626,20170623,211531000,2867.0,1460,79914,41872940.0,2868.0,17,2867.0,20
rb1805,20170626,20170623,211532000,2867.0,1460,79914,41872940.0,2868.0,17,2867.0,21
rb1805,20170626,20170623,211537500,2867.0,1462,79914,41930280.0,2868.0,17,2867.0,20
rb1805,20170626,20170623,211540500,2867.0,1462,79914,41930280.0,2868.0,18,2867.0,20
rb1805,20170626,20170623,211545000,2867.0,1464,79914,41987620.0,2868.0,18,2867.0,19
rb1805,20170626,20170623,211547500,2867.0,1464,79914,41987620.0,2868.0,18,2867.0,19
rb1805,20170626,20170623,211553000,2867.0,1464,79914,41987620.0,2868.0,18,2867.0,19
rb1805,20170626,20170623,211553500,2867.0,1464,79914,41987620.0,2868.0,18,2867.0,19
rb1805,20170626,20170623,211555500,2867.0,1464,79914,41987620.0,2868.0,18,2867.0,19
rb1805,20170626,20170623,211558000,2867.0,1464,79914,41987620.0,2868.0,18,2867.0,19
rb1805,20170626,20170623,211603500,2867.0,1464,79914,41987620.0,2868.0,18,2867.0,19
rb1805,20170626,20170623,211604500,2867.0,1464,79914,41987620.0,2868.0,17,2867.0,19
rb1805,20170626,20170623,211606500,2867.0,1464,79914,41987620.0,2868.0,18,2867.0,19
rb1805,20170626,20170623,211607000,2867.0,1464,79914,41987620.0,2868.0,17,2867.0,19
rb1805,20170626,20170623,211611000,2867.0,1466,79914,42044960.0,2868.0,17,2867.0,18
rb1805,20170626,20170623,211612000,2867.0,1466,79914,42044960.0,2868.0,17,2867.0,17
rb1805,20170626,20170623,211613000,2867.0,1466,79914,42044960.0,2868.0,18,2867.0,17
rb1805,20170626,20170623,211613500,2867.0,1466,79914,42044960.0,2868.0,18,2867.0,17
rb1805,20170626,20170623,211616000,2867.0,1466,79914,42044960.0,2868.0,17,2867.0,17
rb1805,20170626,20170623,211617000,2867.0,1466,79914,42044960.0,2868.0,18,2867.0,17
rb1805,20170626,20170623,211619500,2867.0,1466,79914,42044960.0,2868.0,18,2867.0,17
rb1805,20170626,20170623,211620000,2867.0,1472,79914,42216980.0,2868.0,18,2867.0,14
rb1805,20170626,20170623,211620500,2867.0,1472,79914,42216980.0,2868.0,17,2867.0,14
rb1805,20170626,20170623,211623000,2867.0,1472,79914,42216980.0,2868.0,20,2867.0,14
rb1805,20170626,20170623,211625000,2867.0,1474,79916,42274320.0,2868.0,20,2867.0,13
rb1805,20170626,20170623,211625500,2867.0,1474,79916,42274320.0,2868.0,29,2867.0,13
rb1805,20170626,20170623,211628500,2867.0,1498,79916,42962400.0,2868.0,22,2867.0,1
rb1805,20170626,20170623,211630000,2867.0,1498,79916,42962400.0,2868.0,22,2867.0,1
rb1805,20170626,20170623,211630500,2867.0,1498,79916,42962400.0,2868.0,22,2867.0,1
rb1805,20170626,20170623,211631500,2867.0,1500,79916,43019740.0,2868.0,22,2866.0,9
rb1805,20170626,20170623,211634500,2867.0,1500,79916,43019740.0,2868.0,21,2866.0,9
rb1805,20170626,20170623,211635000,2867.0,1500,79916,43019740.0,2868.0,21,2866.0,9
rb1805,20170626,20170623,211636000,2867.0,1500,79916,43019740.0,2868.0,21,2866.0,4
rb1805,20170626,20170623,211637000,2867.0,1500,79916,43019740.0,2868.0,21,2866.0,4
rb1805,20170626,20170623,211637500,2867.0,1500,79916,43019740.0,2868.0,21,2866.0,9
rb1805,20170626,20170623,211639000,2867.0,1500,79916,43019740.0,2867.0,1,2866.0,9
rb1805,20170626,20170623,211639500,2867.0,1500,79916,43019740.0,2867.0,1,2866.0,11
rb1805,20170626,20170623,211640000,2867.0,1500,79916,43019740.0,2867.0,1,2866.0,11
rb1805,20170626,20170623,211640500,2867.0,1500,79916,43019740.0,2867.0,1,2866.0,6
rb1805,20170626,20170623,211643000,2867.0,1502,79916,43077080.0,2867.0,1,2866.0,6
rb1805,20170626,20170623,211645000,2867.0,1502,79916,43077080.0,2867.0,1,2866.0,4
rb1805,20170626,20170623,211646000,2867.0,1502,79916,43077080.0,2867.0,2,2866.0,4
rb1805,20170626,20170623,211647500,2867.0,1502,79916,43077080.0,2867.0,3,2866.0,4
rb1805,20170626,20170623,211653500,2866.0,1506,79918,43191720.0,2867.0,3,2866.0,2
rb1805,20170626,20170623,211655000,2866.0,1506,79918,43191720.0,2867.0,3,2866.0,2
rb1805,20170626,20170623,211659500,2866.0,1510,79918,43306360.0,2867.0,3,2866.0,7
rb1805,20170626,20170623,211701000,2866.0,1510,79918,43306360.0,2867.0,3,2866.0,7
rb1805,20170626,20170623,211701500,2866.0,1510,79918,43306360.0,2867.0,3,2866.0,2
rb1805,20170626,20170623,211703000,2866.0,1510,79918,43306360.0,2867.0,3,2866.0,2
rb1805,20170626,20170623,211703500,2866.0,1514,79914,43421000.0,2866.0,3,2865.0,7
rb1805,20170626,20170623,211704000,2866.0,1520,79914,43592960.0,2867.0,3,2866.0,2
rb1805,20170626,20170623,211704500,2866.0,1520,79914,43592960.0,2867.0,3,2866.0,2
rb1805,20170626,20170623,211705000,2866.0,1522,79912,43650280.0,2867.0,3,2866.0,1
rb1805,20170626,20170623,211709000,2866.0,1522,79912,43650280.0,2867.0,2,2866.0,1
rb1805,20170626,20170623,211711500,2866.0,1522,79912,43650280.0,2867.0,2,2866.0,1
rb1805,20170626,20170623,211713500,2866.0,1522,79912,43650280.0,2867.0,2,2866.0,6
rb1805,20170626,20170623,211714000,2866.0,1522,79912,43650280.0,2867.0,2,2866.0,6
rb1805,20170626,20170623,211720500,2866.0,1522,79912,43650280.0,2867.0,3,2866.0,6
rb1805,20170626,20170623,211721500,2866.0,1522,79912,43650280.0,2867.0,3,2866.0,7
rb1805,20170626,20170623,211724500,2866.0,1522,79912,43650280.0,2867.0,3,2866.0,7
rb1805,20170626,20170623,211726000,2866.0,1526,79908,43764920.0,2866.0,3,2865.0,6
rb1805,20170626,20170623,211726500,2866.0,1528,79906,43822240.0,2866.0,2,2865.0,6
rb1805,20170626,20170623,211732500,2866.0,1528,79906,43822240.0,2866.0,2,2865.0,7
rb1805,20170626,20170623,211741000,2866.0,1528,79906,43822240.0,2866.0,3,2865.0,7
rb1805,20170626,20170623,211742500,2866.0,1528,79906,43822240.0,2866.0,3,2865.0,7
rb1805,20170626,20170623,211743000,2865.0,1538,79904,44108740.0,2866.0,3,2865.0,2
rb1805,20170626,20170623,211746000,2865.0,1538,79904,44108740.0,2866.0,4,2865.0,2
rb1805,20170626,20170623,211746500,2865.0,1538,79904,44108740.0,2866.0,4,2865.0,2
rb1805,20170626,20170623,211748500,2865.0,1538,79904,44108740.0,2866.0,5,2865.0,2
rb1805,20170626,20170623,211749500,2866.0,1540,79902,44166060.0,2866.0,4,2865.0,2
rb1805,20170626,20170623,211751500,2866.0,1540,79902,44166060.0,2866.0,4,2865.0,4
rb1805,20170626,20170623,211752500,2866.0,1540,79902,44166060.0,2866.0,4,2865.0,4
rb1805,20170626,20170623,211754000,2866.0,1542,79900,44223380.0,2866.0,3,2865.0,5
rb1805,20170626,20170623,211754500,2866.0,1542,79900,44223380.0,2866.0,6,2865.0,5
rb1805,20170626,20170623,211756000,2866.0,1542,79900,44223380.0,2866.0,6,2865.0,5
rb1805,20170626,20170623,211758000,2866.0,1542,79900,44223380.0,2866.0,6,2865.0,6
rb1805,20170626,20170623,211758500,2866.0,1542,79900,44223380.0,2866.0,6,2865.0,4
rb1805,20170626,20170623,211759000,2866.0,1546,79896,44338020.0,2866.0,4,2865.0,4
rb1805,20170626,20170623,211800000,2866.0,1546,79896,44338020.0,2866.0,4,2865.0,4
rb1805,20170626,20170623,211803500,2866.0,1546,79896,44338020.0,2866.0,4,2865.0,4
rb1805,20170626,20170623,211805000,2866.0,1546,79896,44338020.0,2866.0,4,2865.0,4
rb1805,20170626,20170623,211806000,2866.0,1546,79896,44338020.0,2866.0,4,2865.0,4
rb1805,20170626,20170623,211806500,2866.0,1546,79896,44338020.0,2866.0,4,2865.0,4
rb1805,20170626,20170623,211807000,2866.0,1546,79896,44338020.0,2866.0,4,2865.0,4
rb1805,20170626,20170623,211810000,2866.0,1546,79896,44338020.0,2866.0,4,2865.0,4
rb1805,20170626,20170623,211813500,2866.0,1546,79896,44338020.0,2866.0,4,2865.0,4
rb1805,20170626,20170623,211814000,2866.0,1546,79896,44338020.0,2866.0,4,2865.0,4
rb1805,20170626,20170623,211817500,2866.0,1546,79896,44338020.0,2866.0,4,2865.0,4
rb1805,20170626,20170623,211819000,2866.0,1546,79896,44338020.0,2866.0,4,2865.0,4
rb1805,20170626,20170623,211822500,2866.0,1546,79896,44338020.0,2866.0,4,2865.0,9
rb1805,20170626,20170623,211823000,2866.0,1546,79896,44338020.0,2866.0,4,2865.0,4
rb1805,20170626,20170623,211826500,2866.0,1546,79896,44338020.0,2866.0,4,2865.0,4
rb1805,20170626,20170623,211827000,2865.0,1554,79894,44567220.0,2865.0,6,2864.0,7
rb1805,20170626,20170623,211827500,2865.0,1566,79892,44911020.0,2866.0,4,2864.0,10
rb1805,20170626,20170623,211828500,2865.0,1566,79892,44911020.0,2866.0,4,2865.0,2
rb1805,20170626,20170623,211829000,2865.0,1566,79892,44911020.0,2866.0,4,2864.0,9
rb1805,20170626,20170623,211829500,2865.0,1566,79892,44911020.0,2866.0,4,2864.0,10
rb1805,20170626,20170623,211830000,2865.0,1566,79892,44911020.0,2866.0,4,2864.0,10
rb1805,20170626,20170623,211830500,2866.0,1574,79884,45140300.0,2867.0,2,2866.0,2
rb1805,20170626,20170623,211831000,2866.0,1578,79884,45254940.0,2867.0,2,2864.0,9
rb1805,20170626,20170623,211831500,2866.0,1578,79884,45254940.0,2867.0,2,2864.0,14
rb1805,20170626,20170623,211832000,2866.0,1578,79884,45254940.0,2866.0,2,2864.0,14
rb1805,20170626,20170623,211833500,2866.0,1578,79884,45254940.0,2866.0,2,2865.0,2
rb1805,20170626,20170623,211834000,2866.0,1578,79884,45254940.0,2866.0,2,2865.0,2
rb1805,20170626,20170623,211840500,2866.0,1578,79884,45254940.0,2866.0,2,2865.0,3
rb1805,20170626,20170623,211841000,2866.0,1578,79884,45254940.0,2866.0,2,2865.0,4
rb1805,20170626,20170623,211841500,2866.0,1578,79884,45254940.0,2866.0,2,2865.0,4
rb1805,20170626,20170623,211846500,2866.0,1578,79884,45254940.0,2866.0,2,2865.0,4
rb1805,20170626,20170623,211847000,2866.0,1578,79884,45254940.0,2866.0,2,2865.0,5
rb1805,20170626,20170623,211849500,2866.0,1578,79884,45254940.0,2867.0,2,2865.0,5
rb1805,20170626,20170623,211850000,2866.0,1578,79884,45254940.0,2867.0,2,2865.0,7
rb1805,20170626,20170623,211851000,2866.0,1578,79884,45254940.0,2867.0,2,2865.0,7
rb1805,20170626,20170623,211851500,2866.0,1578,79884,45254940.0,2867.0,2,2865.0,5
rb1805,20170626,20170623,211852500,2866.0,1578,79884,45254940.0,2867.0,2,2865.0,6
rb1805,20170626,20170623,211854500,2866.0,1578,79884,45254940.0,2867.0,2,2865.0,5
rb1805,20170626,20170623,211855500,2866.0,1578,79884,45254940.0,2867.0,2,2865.0,3
rb1805,20170626,20170623,211856000,2866.0,1578,79884,45254940.0,2867.0,2,2865.0,3
rb1805,20170626,20170623,211858500,2866.0,1578,79884,45254940.0,2867.0,2,2865.0,4
rb1805,20170626,20170623,211859500,2865.0,1584,79880,45426840.0,2867.0,2,2865.0,1
rb1805,20170626,20170623,211900000,2865.0,1584,79880,45426840.0,2867.0,2,2866.0,1
rb1805,20170626,20170623,211900500,2865.0,1584,79880,45426840.0,2867.0,2,2864.0,13
rb1805,20170626,20170623,211901000,2865.0,1584,79880,45426840.0,2867.0,2,2865.0,1
rb1805,20170626,20170623,211901500,2865.0,1584,79880,45426840.0,2866.0,1,2865.0,2
rb1805,20170626,20170623,211902000,2865.0,1584,79880,45426840.0,2866.0,1,2865.0,3
rb1805,20170626,20170623,211905500,2865.0,1584,79880,45426840.0,2866.0,1,2865.0,3
rb1805,20170626,20170623,211907500,2865.0,1584,79880,45426840.0,2866.0,1,2865.0,8
rb1805,20170626,20170623,211908000,2866.0,1586,79880,45484160.0,2867.0,2,2865.0,7
rb1805,20170626,20170623,211916000,2866.0,1586,79880,45484160.0,2866.0,1,2865.0,7
rb1805,20170626,20170623,211916500,2866.0,1586,79880,45484160.0,2866.0,1,2865.0,2
rb1805,20170626,20170623,211917500,2866.0,1586,79880,45484160.0,2866.0,1,2865.0,3
rb1805,20170626,20170623,211918500,2866.0,1586,79880,45484160.0,2866.0,1,2865.0,4
rb1805,20170626,20170623,211922000,2866.0,1586,79880,45484160.0,2866.0,1,2865.0,4
rb1805,20170626,20170623,211922500,2866.0,1588,79880,45541480.0,2867.0,3,2865.0,4
rb1805,20170626,20170623,211925000,2866.0,1588,79880,45541480.0,2867.0,3,2865.0,4
rb1805,20170626,20170623,211926500,2866.0,1588,79880,45541480.0,2867.0,3,2865.0,9
rb1805,20170626,20170623,211927500,2866.0,1588,79880,45541480.0,2867.0,3,2865.0,10
rb1805,20170626,20170623,211928000,2866.0,1588,79880,45541480.0,2867.0,3,2865.0,10
rb1805,20170626,20170623,211936000,2866.0,1588,79880,45541480.0,2867.0,3,2865.0,10
rb1805,20170626,20170623,211936500,2866.0,1588,79880,45541480.0,2867.0,3,2865.0,5
rb1805,20170626,20170623,211938000,2866.0,1588,79880,45541480.0,2867.0,3,2865.0,5
rb1805,20170626,20170623,211939000,2866.0,1588,79880,45541480.0,2867.0,3,2865.0,3
rb1805,20170626,20170623,211939500,2866.0,1588,79880,45541480.0,2866.0,20,2865.0,3
rb1805,20170626,20170623,211940000,2866.0,1592,79880,45656120.0,2866.0,18,2865.0,3
rb1805,20170626,20170623,211942500,2866.0,1592,79880,45656120.0,2866.0,18,2865.0,5
rb1805,20170626,20170623,211943500,2866.0,1594,79882,45713440.0,2866.0,17,2865.0,5
rb1805,20170626,20170623,211944000,2866.0,1596,79882,45770760.0,2866.0,16,2865.0,7
rb1805,20170626,20170623,211944500,2866.0,1596,79882,45770760.0,2866.0,16,2865.0,5
rb1805,20170626,20170623,211949000,2866.0,1596,79882,45770760.0,2866.0,17,2865.0,5
rb1805,20170626,20170623,211950500,2866.0,1596,79882,45770760.0,2866.0,17,2865.0,5
rb1805,20170626,20170623,211952000,2866.0,1596,79882,45770760.0,2866.0,17,2865.0,5
rb1805,20170626,20170623,211955500,2866.0,1596,79882,45770760.0,2866.0,1,2865.0,5
rb1805,20170626,20170623,211958000,2866.0,1596,79882,45770760.0,2866.0,1,2865.0,3
rb1805,20170626,20170623,212001000,2866.0,1596,79882,45770760.0,2866.0,1,2865.0,3
rb1805,20170626,20170623,212001500,2866.0,1596,79882,45770760.0,2866.0,1,2865.0,3
rb1805,20170626,20170623,212002000,2866.0,1596,79882,45770760.0,2866.0,1,2865.0,3
rb1805,20170626,20170623,212002500,2866.0,1596,79882,45770760.0,2866.0,1,2865.0,4
rb1805,20170626,20170623,212008500,2866.0,1596,79882,45770760.0,2866.0,1,2865.0,4
rb1805,20170626,20170623,212014500,2865.0,1600,79880,45885380.0,2867.0,3,2865.0,3
rb1805,20170626,20170623,212016000,2865.0,1600,79880,45885380.0,2867.0,3,2865.0,3
rb1805,20170626,20170623,212018000,2865.0,1600,79880,45885380.0,2866.0,1,2865.0,3
rb1805,20170626,20170623,212018500,2865.0,1600,79880,45885380.0,2866.0,1,2865.0,3
rb1805,20170626,20170623,212019000,2865.0,1602,79880,45942680.0,2866.0,1,2865.0,2
rb1805,20170626,20170623,212019500,2865.0,1602,79880,45942680.0,2866.0,1,2865.0,2
rb1805,20170626,20170623,212030000,2865.0,1604,79880,45999980.0,2866.0,1,2865.0,1
rb1805,20170626,20170623,212034500,2865.0,1604,79880,45999980.0,2866.0,2,2865.0,1
rb1805,20170626,20170623,212035000,2865.0,1604,79880,45999980.0,2866.0,1,2865.0,1
rb1805,20170626,20170623,212037000,2866.0,1606,79880,46057300.0,2867.0,2,2865.0,1
rb1805,20170626,20170623,212037500,2865.0,1608,79880,46114600.0,2865.0,9,2864.0,12
rb1805,20170626,20170623,212038000,2865.0,1610,79880,46171900.0,2865.0,8,2864.0,7
rb1805,20170626,20170623,212038500,2865.0,1610,79880,46171900.0,2865.0,8,2864.0,7
rb1805,20170626,20170623,212042500,2865.0,1610,79880,46171900.0,2865.0,8,2864.0,7
rb1805,20170626,20170623,212050500,2865.0,1610,79880,46171900.0,2865.0,8,2864.0,12
rb1805,20170626,20170623,212051500,2865.0,1610,79880,46171900.0,2865.0,8,2864.0,12
rb1805,20170626,20170623,212052500,2865.0,1610,79880,46171900.0,2865.0,8,2864.0,7
rb1805,20170626,20170623,212053000,2865.0,1610,79880,46171900.0,2865.0,8,2864.0,7
rb1805,20170626,20170623,212053500,2865.0,1610,79880,46171900.0,2865.0,8,2864.0,7
rb1805,20170626,20170623,212055000,2865.0,1610,79880,46171900.0,2865.0,8,2864.0,12
rb1805,20170626,20170623,212103500,2865.0,1610,79880,46171900.0,2865.0,9,2864.0,12
rb1805,20170626,20170623,212106500,2865.0,1610,79880,46171900.0,2865.0,9,2864.0,12
rb1805,20170626,20170623,212107500,2864.0,1620,79878,46458300.0,2865.0,9,2864.0,7
rb1805,20170626,20170623,212108000,2864.0,1622,79878,46515580.0,2865.0,9,2864.0,6
rb1805,20170626,20170623,212113500,2864.0,1622,79878,46515580.0,2865.0,9,2864.0,6
rb1805,20170626,20170623,212114500,2864.0,1622,79878,46515580.0,2865.0,9,2864.0,6
rb1805,20170626,20170623,212117000,2864.0,1622,79878,46515580.0,2865.0,9,2864.0,10
rb1805,20170626,20170623,212118500,2864.0,1622,79878,46515580.0,2865.0,9,2864.0,10
rb1805,20170626,20170623,212119000,2864.0,1622,79878,46515580.0,2865.0,9,2864.0,11
rb1805,20170626,20170623,212121000,2864.0,1622,79878,46515580.0,2865.0,9,2864.0,11
rb1805,20170626,20170623,212122000,2864.0,1622,79878,46515580.0,2865.0,9,2864.0,11
rb1805,20170626,20170623,212122500,2864.0,1622,79878,46515580.0,2865.0,9,2864.0,6
rb1805,20170626,20170623,212123500,2864.0,1622,79878,46515580.0,2865.0,9,2864.0,6
rb1805,20170626,20170623,212124500,2865.0,1624,79876,46572880.0,2865.0,8,2864.0,6
rb1805,20170626,20170623,212125000,2865.0,1624,79876,46572880.0,2865.0,8,2864.0,11
rb1805,20170626,20170623,212126500,2865.0,1624,79876,46572880.0,2865.0,8,2864.0,11
rb1805,20170626,20170623,212128000,2865.0,1624,79876,46572880.0,2865.0,8,2864.0,11
rb1805,20170626,20170623,212129500,2865.0,1624,79876,46572880.0,2865.0,8,2864.0,11
rb1805,20170626,20170623,212130500,2865.0,1624,79876,46572880.0,2865.0,8,2864.0,11
rb1805,20170626,20170623,212132000,2865.0,1624,79876,46572880.0,2865.0,8,2864.0,11
rb1805,20170626,20170623,212133000,2865.0,1624,79876,46572880.0,2865.0,8,2864.0,11
rb1805,20170626,20170623,212134500,2865.0,1624,79876,46572880.0,2865.0,8,2864.0,11
rb1805,20170626,20170623,212136000,2865.0,1624,79876,46572880.0,2865.0,8,2864.0,11
rb1805,20170626,20170623,212136500,2865.0,1628,79872,46687480.0,2865.0,6,2864.0,11
rb1805,20170626,20170623,212137000,2865.0,1628,79872,46687480.0,2865.0,7,2864.0,11
rb1805,20170626,20170623,212138000,2865.0,1628,79872,46687480.0,2865.0,7,2864.0,11
rb1805,20170626,20170623,212139000,2865.0,1628,79872,46687480.0,2865.0,7,2864.0,11
rb1805,20170626,20170623,212139500,2865.0,1628,79872,46687480.0,2865.0,7,2864.0,10
rb1805,20170626,20170623,212140500,2865.0,1628,79872,46687480.0,2865.0,7,2864.0,10
rb1805,20170626,20170623,212142000,2865.0,1628,79872,46687480.0,2865.0,7,2864.0,10
rb1805,20170626,20170623,212143000,2865.0,1628,79872,46687480.0,2865.0,7,2864.0,10
rb1805,20170626,20170623,212144500,2865.0,1628,79872,46687480.0,2865.0,7,2864.0,6
rb1805,20170626,20170623,212145000,2865.0,1630,79872,46744780.0,2865.0,6,2864.0,6
rb1805,20170626,20170623,212146000,2865.0,1630,79872,46744780.0,2865.0,6,2864.0,6
rb1805,20170626,20170623,212147500,2865.0,1630,79872,46744780.0,2865.0,6,2864.0,1
rb1805,20170626,20170623,212148000,2865.0,1632,79872,46802080.0,2865.0,5,2864.0,1
rb1805,20170626,20170623,212149000,2865.0,1632,79872,46802080.0,2865.0,5,2864.0,1
rb1805,20170626,20170623,212150000,2865.0,1634,79872,46859380.0,2865.0,4,2864.0,1
rb1805,20170626,20170623,212152500,2865.0,1634,79872,46859380.0,2865.0,4,2864.0,1
rb1805,20170626,20170623,212153000,2865.0,1634,79872,46859380.0,2865.0,5,2864.0,1
rb1805,20170626,20170623,212205000,2865.0,1634,79872,46859380.0,2865.0,5,2864.0,1
rb1805,20170626,20170623,212205500,2865.0,1634,79872,46859380.0,2865.0,10,2864.0,1
rb1805,20170626,20170623,212213500,2864.0,1636,79874,46916660.0,2865.0,10,2863.0,9
rb1805,20170626,20170623,212214000,2864.0,1636,79874,46916660.0,2865.0,10,2863.0,9
rb1805,20170626,20170623,212215000,2865.0,1638,79874,46973960.0,2865.0,9,2863.0,9
rb1805,20170626,20170623,212218000,2865.0,1638,79874,46973960.0,2865.0,9,2863.0,9
rb1805,20170626,20170623,212221000,2865.0,1638,79874,46973960.0,2865.0,9,2863.0,9
rb1805,20170626,20170623,212222000,2865.0,1638,79874,46973960.0,2865.0,9,2863.0,9
rb1805,20170626,20170623,212229000,2865.0,1638,79874,46973960.0,2865.0,9,2863.0,9
rb1805,20170626,20170623,212237000,2865.0,1638,79874,46973960.0,2865.0,9,2863.0,13
rb1805,20170626,20170623,212246000,2865.0,1638,79874,46973960.0,2865.0,9,2863.0,14
rb1805,20170626,20170623,212246500,2865.0,1638,79874,46973960.0,2865.0,9,2863.0,13
rb1805,20170626,20170623,212248000,2863.0,1640,79874,47031220.0,2865.0,9,2863.0,12
rb1805,20170626,20170623,212254500,2863.0,1640,79874,47031220.0,2865.0,8,2863.0,12
rb1805,20170626,20170623,212255000,2863.0,1640,79874,47031220.0,2865.0,8,2863.0,12
rb1805,20170626,20170623,212255500,2863.0,1642,79874,47088480.0,2865.0,8,2863.0,11
rb1805,20170626,20170623,212257500,2863.0,1642,79874,47088480.0,2865.0,8,2864.0,4
rb1805,20170626,20170623,212259000,2863.0,1642,79874,47088480.0,2865.0,8,2864.0,4
rb1805,20170626,20170623,212303000,2863.0,1642,79874,47088480.0,2865.0,8,2864.0,4
rb1805,20170626,20170623,212303500,2865.0,1644,79876,47145780.0,2865.0,7,2864.0,4
rb1805,20170626,20170623,212304500,2865.0,1644,79876,47145780.0,2865.0,7,2864.0,4
rb1805,20170626,20170623,212308500,2865.0,1644,79876,47145780.0,2865.0,7,2864.0,4
rb1805,20170626,20170623,212313000,2865.0,1646,79876,47203080.0,2865.0,6,2864.0,4
rb1805,20170626,20170623,212314000,2865.0,1646,79876,47203080.0,2865.0,6,2864.0,4
rb1805,20170626,20170623,212319000,2865.0,1646,79876,47203080.0,2865.0,6,2864.0,4
rb1805,20170626,20170623,212320500,2865.0,1646,79876,47203080.0,2865.0,6,2864.0,5
rb1805,20170626,20170623,212322500,2865.0,1646,79876,47203080.0,2865.0,6,2864.0,5
rb1805,20170626,20170623,212324500,2865.0,1646,79876,47203080.0,2865.0,6,2864.0,5
rb1805,20170626,20170623,212328000,2865.0,1646,79876,47203080.0,2865.0,6,2864.0,5
rb1805,20170626,20170623,212328500,2865.0,1646,79876,47203080.0,2865.0,6,2864.0,5
rb1805,20170626,20170623,212329000,2865.0,1656,79868,47489580.0,2865.0,1,2864.0,5
rb1805,20170626,20170623,212330500,2865.0,1656,79868,47489580.0,2865.0,1,2864.0,5
rb1805,20170626,20170623,212332000,2865.0,1656,79868,47489580.0,2865.0,1,2864.0,5
rb1805,20170626,20170623,212336000,2865.0,1656,79868,47489580.0,2865.0,1,2864.0,5
rb1805,20170626,20170623,212338500,2865.0,1656,79868,47489580.0,2865.0,1,2864.0,5
rb1805,20170626,20170623,212339500,2865.0,1658,79868,47546880.0,2866.0,1,2864.0,5
rb1805,20170626,20170623,212342000,2864.0,1660,79868,47604160.0,2866.0,1,2864.0,4
rb1805,20170626,20170623,212345000,2864.0,1660,79868,47604160.0,2866.0,1,2864.0,4
rb1805,20170626,20170623,212347500,2864.0,1660,79868,47604160.0,2866.0,1,2864.0,4
rb1805,20170626,20170623,212348500,2864.0,1660,79868,47604160.0,2866.0,1,2864.0,4
rb1805,20170626,20170623,212349000,2864.0,1660,79868,47604160.0,2866.0,1,2864.0,4
rb1805,20170626,20170623,212350500,2864.0,1660,79868,47604160.0,2866.0,1,2864.0,4
rb1805,20170626,20170623,212351500,2864.0,1662,79866,47661440.0,2866.0,1,2864.0,3
rb1805,20170626,20170623,212354000,2864.0,1662,79866,47661440.0,2866.0,1,2864.0,3
rb1805,20170626,20170623,212400000,2864.0,1662,79866,47661440.0,2866.0,1,2864.0,3
rb1805,20170626,20170623,212406500,2864.0,1662,79866,47661440.0,2866.0,1,2864.0,3
rb1805,20170626,20170623,212408500,2864.0,1662,79866,47661440.0,2866.0,1,2864.0,3
rb1805,20170626,20170623,212410000,2864.0,1662,79866,47661440.0,2866.0,1,2864.0,3
rb1805,20170626,20170623,212412500,2864.0,1662,79866,47661440.0,2866.0,1,2864.0,4
rb1805,20170626,20170623,212415500,2864.0,1662,79866,47661440.0,2866.0,1,2864.0,4
rb1805,20170626,20170623,212423500,2864.0,1662,79866,47661440.0,2866.0,1,2864.0,4
rb1805,20170626,20170623,212427500,2864.0,1662,79866,47661440.0,2866.0,1,2864.0,4
rb1805,20170626,20170623,212439000,2866.0,1664,79864,47718760.0,2867.0,2,2866.0,3
rb1805,20170626,20170623,212439500,2864.0,1672,79856,47948000.0,2866.0,4,2864.0,3
rb1805,20170626,20170623,212441000,2864.0,1672,79856,47948000.0,2866.0,4,2864.0,3
rb1805,20170626,20170623,212445500,2864.0,1672,79856,47948000.0,2866.0,4,2864.0,4
rb1805,20170626,20170623,212447000,2864.0,1672,79856,47948000.0,2865.0,1,2864.0,4
rb1805,20170626,20170623,212447500,2864.0,1672,79856,47948000.0,2865.0,1,2864.0,4
rb1805,20170626,20170623,212448500,2864.0,1672,79856,47948000.0,2865.0,1,2864.0,4
rb1805,20170626,20170623,212450500,2864.0,1672,79856,47948000.0,2865.0,1,2864.0,4
rb1805,20170626,20170623,212455000,2864.0,1672,79856,47948000.0,2865.0,1,2864.0,4
rb1805,20170626,20170623,212455500,2864.0,1672,79856,47948000.0,2865.0,1,2864.0,4
rb1805,20170626,20170623,212456000,2864.0,1672,79856,47948000.0,2865.0,1,2864.0,4
rb1805,20170626,20170623,212458500,2864.0,1672,79856,47948000.0,2865.0,1,2864.0,4
rb1805,20170626,20170623,212459500,2864.0,1672,79856,47948000.0,2865.0,1,2864.0,4
rb1805,20170626,20170623,212503000,2864.0,1672,79856,47948000.0,2865.0,1,2864.0,4
rb1805,20170626,20170623,212504500,2864.0,1674,79854,48005280.0,2865.0,1,2864.0,3
rb1805,20170626,20170623,212507000,2864.0,1674,79854,48005280.0,2865.0,1,2864.0,3
rb1805,20170626,20170623,212507500,2864.0,1674,79854,48005280.0,2865.0,2,2864.0,3
rb1805,20170626,20170623,212514500,2864.0,1674,79854,48005280.0,2865.0,4,2864.0,3
rb1805,20170626,20170623,212523000,2864.0,1674,79854,48005280.0,2865.0,7,2864.0,3
rb1805,20170626,20170623,212523500,2864.0,1674,79854,48005280.0,2865.0,7,2864.0,3
rb1805,20170626,20170623,212529000,2864.0,1680,79852,48177120.0,2864.0,2,2863.0,7
rb1805,20170626,20170623,212529500,2864.0,1680,79852,48177120.0,2864.0,2,2863.0,7
rb1805,20170626,20170623,212534500,2864.0,1680,79852,48177120.0,2864.0,2,2863.0,7
rb1805,20170626,20170623,212535000,2864.0,1680,79852,48177120.0,2864.0,2,2863.0,7
rb1805,20170626,20170623,212535500,2864.0,1680,79852,48177120.0,2864.0,2,2863.0,7
rb1805,20170626,20170623,212541500,2864.0,1682,79852,48234400.0,2864.0,1,2863.0,7
rb1805,20170626,20170623,212542000,2864.0,1682,79852,48234400.0,2864.0,1,2863.0,7
rb1805,20170626,20170623,212550000,2864.0,1682,79852,48234400.0,2864.0,1,2863.0,7
rb1805,20170626,20170623,212550500,2864.0,1682,79852,48234400.0,2864.0,6,2863.0,7
rb1805,20170626,20170623,212553000,2864.0,1682,79852,48234400.0,2864.0,6,2863.0,7
rb1805,20170626,20170623,212555000,2864.0,1682,79852,48234400.0,2864.0,6,2863.0,7
rb1805,20170626,20170623,212613500,2864.0,1682,79852,48234400.0,2864.0,1,2863.0,7
rb1805,20170626,20170623,212615500,2864.0,1682,79852,48234400.0,2865.0,7,2863.0,8
rb1805,20170626,20170623,212616500,2864.0,1682,79852,48234400.0,2865.0,7,2863.0,13
rb1805,20170626,20170623,212617000,2864.0,1682,79852,48234400.0,2865.0,7,2864.0,3
rb1805,20170626,20170623,212617500,2864.0,1682,79852,48234400.0,2865.0,7,2864.0,2
rb1805,20170626,20170623,212618000,2865.0,1688,79846,48406300.0,2865.0,4,2864.0,2
rb1805,20170626,20170623,212618500,2864.0,1690,79846,48463580.0,2865.0,4,2864.0,2
rb1805,20170626,20170623,212620000,2864.0,1690,79846,48463580.0,2865.0,4,2864.0,2
rb1805,20170626,20170623,212620500,2864.0,1690,79846,48463580.0,2866.0,1,2864.0,2
rb1805,20170626,20170623,212621500,2864.0,1690,79846,48463580.0,2866.0,1,2864.0,3
rb1805,20170626,20170623,212622500,2864.0,1690,79846,48463580.0,2866.0,1,2864.0,4
rb1805,20170626,20170623,212623000,2864.0,1690,79846,48463580.0,2866.0,1,2864.0,4
rb1805,20170626,20170623,212625500,2864.0,1690,79846,48463580.0,2866.0,1,2864.0,4
rb1805,20170626,20170623,212626500,2864.0,1690,79846,48463580.0,2866.0,2,2864.0,4
rb1805,20170626,20170623,212627500,2864.0,1690,79846,48463580.0,2866.0,2,2864.0,4
rb1805,20170626,20170623,212629500,2866.0,1692,79848,48520900.0,2866.0,1,2864.0,4
rb1805,20170626,20170623,212632000,2866.0,1692,79848,48520900.0,2866.0,1,2864.0,4
rb1805,20170626,20170623,212634000,2866.0,1692,79848,48520900.0,2865.0,1,2864.0,4
rb1805,20170626,20170623,212635500,2865.0,1694,79846,48578200.0,2866.0,1,2865.0,5
rb1805,20170626,20170623,212636000,2865.0,1694,79846,48578200.0,2866.0,1,2865.0,5
rb1805,20170626,20170623,212636500,2865.0,1696,79846,48635500.0,2866.0,2,2865.0,4
rb1805,20170626,20170623,212641500,2865.0,1696,79846,48635500.0,2866.0,3,2865.0,4
rb1805,20170626,20170623,212642500,2865.0,1696,79846,48635500.0,2866.0,3,2865.0,4
rb1805,20170626,20170623,212647000,2865.0,1696,79846,48635500.0,2866.0,3,2865.0,5
rb1805,20170626,20170623,212648000,2865.0,1698,79844,48692800.0,2866.0,3,2865.0,4
rb1805,20170626,20170623,212648500,2865.0,1698,79844,48692800.0,2866.0,3,2865.0,5
rb1805,20170626,20170623,212649500,2865.0,1698,79844,48692800.0,2866.0,3,2865.0,6
rb1805,20170626,20170623,212650000,2865.0,1700,79844,48750100.0,2866.0,3,2865.0,5
rb1805,20170626,20170623,212651000,2865.0,1700,79844,48750100.0,2866.0,4,2865.0,5
rb1805,20170626,20170623,212652000,2865.0,1700,79844,48750100.0,2866.0,4,2865.0,5
rb1805,20170626,20170623,212655000,2865.0,1700,79844,48750100.0,2866.0,4,2865.0,5
rb1805,20170626,20170623,212657500,2865.0,1700,79844,48750100.0,2866.0,4,2865.0,5
rb1805,20170626,20170623,212700500,2866.0,1708,79838,48979380.0,2867.0,4,2866.0,16
rb1805,20170626,20170623,212701000,2866.0,1710,79838,49036700.0,2867.0,4,2866.0,15
rb1805,20170626,20170623,212703000,2866.0,1710,79838,49036700.0,2867.0,4,2866.0,15
rb1805,20170626,20170623,212703500,2866.0,1710,79838,49036700.0,2867.0,5,2866.0,15
rb1805,20170626,20170623,212704000,2866.0,1710,79838,49036700.0,2867.0,5,2866.0,15
rb1805,20170626,20170623,212706000,2866.0,1710,79838,49036700.0,2867.0,5,2866.0,15
rb1805,20170626,20170623,212709500,2866.0,1710,79838,49036700.0,2867.0,5,2866.0,15
rb1805,20170626,20170623,212710500,2866.0,1710,79838,49036700.0,2867.0,5,2866.0,15
rb1805,20170626,20170623,212715000,2866.0,1710,79838,49036700.0,2867.0,5,2866.0,15
rb1805,20170626,20170623,212717500,2866.0,1710,79838,49036700.0,2867.0,5,2866.0,15
rb1805,20170626,20170623,212719000,2866.0,1710,79838,49036700.0,2867.0,5,2866.0,15
rb1805,20170626,20170623,212723000,2866.0,1710,79838,49036700.0,2867.0,5,2866.0,16
rb1805,20170626,20170623,212723500,2866.0,1710,79838,49036700.0,2867.0,5,2866.0,16
rb1805,20170626,20170623,212726500,2866.0,1710,79838,49036700.0,2867.0,5,2866.0,16
rb1805,20170626,20170623,212728500,2866.0,1710,79838,49036700.0,2867.0,5,2866.0,17
rb1805,20170626,20170623,212734500,2866.0,1710,79838,49036700.0,2867.0,5,2866.0,17
rb1805,20170626,20170623,212736500,2866.0,1710,79838,49036700.0,2867.0,5,2866.0,17
rb1805,20170626,20170623,212743000,2866.0,1710,79838,49036700.0,2867.0,5,2866.0,17
rb1805,20170626,20170623,212744500,2866.0,1714,79834,49151340.0,2867.0,5,2866.0,15
rb1805,20170626,20170623,212746500,2866.0,1714,79834,49151340.0,2867.0,5,2866.0,15
rb1805,20170626,20170623,212747000,2866.0,1716,79832,49208660.0,2867.0,5,2866.0,14
rb1805,20170626,20170623,212755000,2866.0,1716,79832,49208660.0,2867.0,4,2866.0,14
rb1805,20170626,20170623,212759500,2866.0,1722,79832,49380620.0,2867.0,4,2866.0,11
rb1805,20170626,20170623,212801000,2866.0,1722,79832,49380620.0,2867.0,6,2866.0,11
rb1805,20170626,20170623,212802000,2866.0,1722,79832,49380620.0,2867.0,6,2866.0,11
rb1805,20170626,20170623,212804000,2866.0,1722,79832,49380620.0,2867.0,6,2866.0,11
rb1805,20170626,20170623,212804500,2866.0,1724,79832,49437940.0,2867.0,6,2866.0,10
rb1805,20170626,20170623,212807000,2866.0,1726,79832,49495260.0,2867.0,6,2866.0,9
rb1805,20170626,20170623,212810000,2866.0,1728,79832,49552580.0,2867.0,6,2866.0,8
rb1805,20170626,20170623,212813000,2866.0,1728,79832,49552580.0,2867.0,6,2866.0,8
rb1805,20170626,20170623,212815500,2866.0,1728,79832,49552580.0,2867.0,6,2866.0,8
rb1805,20170626,20170623,212817500,2866.0,1734,79826,49724540.0,2867.0,6,2866.0,5
rb1805,20170626,20170623,212818000,2866.0,1734,79826,49724540.0,2867.0,5,2866.0,5
rb1805,20170626,20170623,212820000,2866.0,1734,79826,49724540.0,2867.0,4,2866.0,5
rb1805,20170626,20170623,212821000,2866.0,1740,79820,49896500.0,2867.0,5,2866.0,2
rb1805,20170626,20170623,212822000,2866.0,1740,79820,49896500.0,2867.0,5,2866.0,2
rb1805,20170626,20170623,212823000,2866.0,1740,79820,49896500.0,2867.0,5,2866.0,2
rb1805,20170626,20170623,212825000,2866.0,1744,79820,50011140.0,2866.0,1,2865.0,3
rb1805,20170626,20170623,212825500,2866.0,1746,79820,50068460.0,2867.0,5,2865.0,3
rb1805,20170626,20170623,212828000,2866.0,1746,79820,50068460.0,2867.0,5,2865.0,8
rb1805,20170626,20170623,212828500,2866.0,1746,79820,50068460.0,2867.0,4,2865.0,8
rb1805,20170626,20170623,212830000,2866.0,1746,79820,50068460.0,2867.0,4,2865.0,3
rb1805,20170626,20170623,212834000,2866.0,1746,79820,50068460.0,2867.0,5,2865.0,3
rb1805,20170626,20170623,212837000,2866.0,1746,79820,50068460.0,2867.0,5,2865.0,8
rb1805,20170626,20170623,212846500,2866.0,1746,79820,50068460.0,2867.0,5,2865.0,8
rb1805,20170626,20170623,212848500,2866.0,1746,79820,50068460.0,2867.0,5,2865.0,9
rb1805,20170626,20170623,212850500,2866.0,1746,79820,50068460.0,2867.0,6,2865.0,9
rb1805,20170626,20170623,212852000,2866.0,1746,79820,50068460.0,2866.0,1,2865.0,9
rb1805,20170626,20170623,212854500,2866.0,1746,79820,50068460.0,2866.0,1,2865.0,4
rb1805,20170626,20170623,212903000,2866.0,1748,79818,50125780.0,2867.0,6,2866.0,3
rb1805,20170626,20170623,212903500,2866.0,1748,79818,50125780.0,2867.0,6,2866.0,3
rb1805,20170626,20170623,212911500,2866.0,1748,79818,50125780.0,2867.0,6,2866.0,8
rb1805,20170626,20170623,212918000,2867.0,1754,79818,50297800.0,2867.0,3,2866.0,8
rb1805,20170626,20170623,212918500,2867.0,1760,79818,50469820.0,2868.0,22,2866.0,8
rb1805,20170626,20170623,212924000,2867.0,1760,79818,50469820.0,2868.0,22,2866.0,9
rb1805,20170626,20170623,212928000,2866.0,1762,79818,50527140.0,2868.0,22,2866.0,8
rb1805,20170626,20170623,212928500,2866.0,1762,79818,50527140.0,2868.0,22,2866.0,9
rb1805,20170626,20170623,212930000,2866.0,1762,79818,50527140.0,2868.0,22,2866.0,9
rb1805,20170626,20170623,212933000,2866.0,1762,79818,50527140.0,2868.0,22,2866.0,7
rb1805,20170626,20170623,212933500,2866.0,1762,79818,50527140.0,2868.0,22,2866.0,7
rb1805,20170626,20170623,212937000,2868.0,1764,79818,50584500.0,2868.0,21,2866.0,8
rb1805,20170626,20170623,212939000,2868.0,1764,79818,50584500.0,2868.0,21,2866.0,18
rb1805,20170626,20170623,212940000,2868.0,1766,79816,50641860.0,2868.0,20,2866.0,18
rb1805,20170626,20170623,212942500,2868.0,1766,79816,50641860.0,2868.0,20,2866.0,18
rb1805,20170626,20170623,212945000,2868.0,1766,79816,50641860.0,2868.0,20,2866.0,18
rb1805,20170626,20170623,212951500,2868.0,1766,79816,50641860.0,2868.0,20,2866.0,18
rb1805,20170626,20170623,212952000,2868.0,1766,79816,50641860.0,2868.0,19,2866.0,18
rb1805,20170626,20170623,212952500,2868.0,1766,79816,50641860.0,2868.0,19,2866.0,18
rb1805,20170626,20170623,212953500,2868.0,1766,79816,50641860.0,2868.0,19,2866.0,17
rb1805,20170626,20170623,212955000,2866.0,1768,79816,50699180.0,2868.0,19,2866.0,16
rb1805,20170626,20170623,212959500,2868.0,1770,79816,50756540.0,2868.0,18,2866.0,18
rb1805,20170626,20170623,213004500,2868.0,1770,79816,50756540.0,2868.0,18,2866.0,15
rb1805,20170626,20170623,213005000,2868.0,1770,79816,50756540.0,2868.0,18,2867.0,1
rb1805,20170626,20170623,213005500,2868.0,1770,79816,50756540.0,2868.0,18,2867.0,1
rb1805,20170626,20170623,213008000,2868.0,1770,79816,50756540.0,2868.0,18,2867.0,6
rb1805,20170626,20170623,213008500,2868.0,1770,79816,50756540.0,2868.0,18,2867.0,6
rb1805,20170626,20170623,213009000,2868.0,1770,79816,50756540.0,2868.0,18,2867.0,6
rb1805,20170626,20170623,213009500,2868.0,1770,79816,50756540.0,2868.0,18,2867.0,6
rb1805,20170626,20170623,213012000,2868.0,1770,79816,50756540.0,2868.0,18,2867.0,1
rb1805,20170626,20170623,213014500,2868.0,1770,79816,50756540.0,2868.0,18,2867.0,1
rb1805,20170626,20170623,213017500,2868.0,1770,79816,50756540.0,2868.0,18,2867.0,2
rb1805,20170626,20170623,213019500,2867.0,1774,79816,50871220.0,2868.0,19,2866.0,17
rb1805,20170626,20170623,213021500,2867.0,1774,79816,50871220.0,2868.0,18,2866.0,17
rb1805,20170626,20170623,213022000,2867.0,1774,79816,50871220.0,2868.0,18,2866.0,17
rb1805,20170626,20170623,213022500,2867.0,1776,79818,50928560.0,2868.0,18,2866.0,17
rb1805,20170626,20170623,213024000,2867.0,1776,79818,50928560.0,2868.0,19,2866.0,17
rb1805,20170626,20170623,213024500,2867.0,1776,79818,50928560.0,2868.0,19,2866.0,17
rb1805,20170626,20170623,213028500,2866.0,1778,79818,50985880.0,2868.0,19,2866.0,16
rb1805,20170626,20170623,213029000,2866.0,1778,79818,50985880.0,2868.0,18,2866.0,17
rb1805,20170626,20170623,213030500,2866.0,1778,79818,50985880.0,2868.0,18,2866.0,17
rb1805,20170626,20170623,213036000,2866.0,1778,79818,50985880.0,2867.0,3,2866.0,17
rb1805,20170626,20170623,213036500,2866.0,1778,79818,50985880.0,2867.0,3,2866.0,15
rb1805,20170626,20170623,213039500,2867.0,1784,79816,51157900.0,2868.0,18,2866.0,14
rb1805,20170626,20170623,213040000,2867.0,1784,79816,51157900.0,2868.0,18,2866.0,13
rb1805,20170626,20170623,213044000,2867.0,1784,79816,51157900.0,2868.0,18,2866.0,13
rb1805,20170626,20170623,213047500,2867.0,1784,79816,51157900.0,2868.0,18,2866.0,18
rb1805,20170626,20170623,213049000,2868.0,1794,79822,51444700.0,2868.0,13,2866.0,18
rb1805,20170626,20170623,213049500,2868.0,1804,79822,51731500.0,2868.0,8,2866.0,18
rb1805,20170626,20170623,213050500,2868.0,1820,79806,52190380.0,2869.0,7,2868.0,2
rb1805,20170626,20170623,213051000,2868.0,1824,79806,52305100.0,2868.0,1,2866.0,18
rb1805,20170626,20170623,213051500,2866.0,1838,79812,52706620.0,2869.0,3,2866.0,16
rb1805,20170626,20170623,213052000,2866.0,1838,79812,52706620.0,2869.0,5,2866.0,16
rb1805,20170626,20170623,213053000,2866.0,1838,79812,52706620.0,2869.0,6,2866.0,16
rb1805,20170626,20170623,213053500,2866.0,1838,79812,52706620.0,2869.0,5,2866.0,16
rb1805,20170626,20170623,213055000,2866.0,1838,79812,52706620.0,2869.0,5,2866.0,16
rb1805,20170626,20170623,213057500,2869.0,1848,79814,52993520.0,2870.0,10,2869.0,45
rb1805,20170626,20170623,213058000,2869.0,1864,79826,53452560.0,2870.0,11,2869.0,37
rb1805,20170626,20170623,213059500,2870.0,1874,79828,53739560.0,2870.0,6,2869.0,37
rb1805,20170626,20170623,213100000,2870.0,1884,79828,54026560.0,2870.0,1,2869.0,37
rb1805,20170626,20170623,213101000,2872.0,1894,79830,54313680.0,2872.0,5,2869.0,37
rb1805,20170626,20170623,213101500,2872.0,1894,79830,54313680.0,2870.0,1,2869.0,42
rb1805,20170626,20170623,213102500,2872.0,1904,79834,54600880.0,2871.0,3,2869.0,42
rb1805,20170626,20170623,213103000,2872.0,1904,79834,54600880.0,2870.0,3,2869.0,42
rb1805,20170626,20170623,213104500,2872.0,1904,79834,54600880.0,2870.0,5,2869.0,42
rb1805,20170626,20170623,213105000,2872.0,1904,79834,54600880.0,2870.0,5,2869.0,37
rb1805,20170626,20170623,213106000,2872.0,1914,79844,54888080.0,2871.0,3,2869.0,37
rb1805,20170626,20170623,213106500,2872.0,1924,79850,55175280.0,2871.0,1,2869.0,37
rb1805,20170626,20170623,213107000,2869.0,1926,79852,55232660.0,2871.0,1,2869.0,36
rb1805,20170626,20170623,213110000,2869.0,1926,79852,55232660.0,2871.0,1,2869.0,41
rb1805,20170626,20170623,213110500,2869.0,1926,79852,55232660.0,2871.0,6,2869.0,41
rb1805,20170626,20170623,213111500,2869.0,1926,79852,55232660.0,2871.0,6,2869.0,41
rb1805,20170626,20170623,213112000,2869.0,1926,79852,55232660.0,2871.0,6,2869.0,41
rb1805,20170626,20170623,213112500,2869.0,1926,79852,55232660.0,2871.0,6,2869.0,41
rb1805,20170626,20170623,213113500,2869.0,1926,79852,55232660.0,2871.0,6,2869.0,41
rb1805,20170626,20170623,213114000,2869.0,1926,79852,55232660.0,2871.0,6,2869.0,41
rb1805,20170626,20170623,213116000,2869.0,1926,79852,55232660.0,2871.0,5,2869.0,41
rb1805,20170626,20170623,213116500,2869.0,1928,79852,55290040.0,2871.0,5,2869.0,40
rb1805,20170626,20170623,213117500,2869.0,1930,79854,55347420.0,2871.0,5,2869.0,39
rb1805,20170626,20170623,213118500,2869.0,1930,79854,55347420.0,2870.0,20,2869.0,39
rb1805,20170626,20170623,213120500,2869.0,1930,79854,55347420.0,2870.0,20,2869.0,39
rb1805,20170626,20170623,213121500,2869.0,1930,79854,55347420.0,2870.0,20,2869.0,39
rb1805,20170626,20170623,213122500,2869.0,1930,79854,55347420.0,2870.0,20,2869.0,39
rb1805,20170626,20170623,213123500,2869.0,1930,79854,55347420.0,2870.0,120,2869.0,39
rb1805,20170626,20170623,213124000,2869.0,1930,79854,55347420.0,2870.0,121,2869.0,39
rb1805,20170626,20170623,213125000,2870.0,1942,79842,55691820.0,2870.0,115,2869.0,39
rb1805,20170626,20170623,213126500,2870.0,1944,79842,55749220.0,2870.0,114,2869.0,39
rb1805,20170626,20170623,213127000,2870.0,1944,79842,55749220.0,2870.0,114,2869.0,39
rb1805,20170626,20170623,213127500,2870.0,1946,79842,55806620.0,2870.0,113,2869.0,39
rb1805,20170626,20170623,213130000,2870.0,1946,79842,55806620.0,2870.0,113,2869.0,39
rb1805,20170626,20170623,213132500,2870.0,1948,79840,55864020.0,2870.0,112,2869.0,39
rb1805,20170626,20170623,213133500,2870.0,1948,79840,55864020.0,2870.0,112,2869.0,39
rb1805,20170626,20170623,213134000,2870.0,1948,79840,55864020.0,2870.0,112,2869.0,39
rb1805,20170626,20170623,213134500,2869.0,1950,79840,55921400.0,2870.0,112,2869.0,38
rb1805,20170626,20170623,213136000,2869.0,1950,79840,55921400.0,2870.0,112,2869.0,38
rb1805,20170626,20170623,213138500,2869.0,1950,79840,55921400.0,2870.0,113,2869.0,38
rb1805,20170626,20170623,213140500,2869.0,1950,79840,55921400.0,2870.0,113,2869.0,38
rb1805,20170626,20170623,213142000,2869.0,1950,79840,55921400.0,2870.0,114,2869.0,38
rb1805,20170626,20170623,213144000,2869.0,1950,79840,55921400.0,2870.0,114,2869.0,39
rb1805,20170626,20170623,213144500,2869.0,1950,79840,55921400.0,2870.0,114,2869.0,39
rb1805,20170626,20170623,213146000,2869.0,1950,79840,55921400.0,2870.0,114,2869.0,41
rb1805,20170626,20170623,213146500,2869.0,1950,79840,55921400.0,2870.0,114,2869.0,39
rb1805,20170626,20170623,213148000,2869.0,1950,79840,55921400.0,2870.0,114,2869.0,34
rb1805,20170626,20170623,213148500,2869.0,1950,79840,55921400.0,2870.0,114,2869.0,34
rb1805,20170626,20170623,213150000,2869.0,1950,79840,55921400.0,2870.0,114,2869.0,34
rb1805,20170626,20170623,213150500,2869.0,1950,79840,55921400.0,2870.0,114,2869.0,34
rb1805,20170626,20170623,213153000,2869.0,1950,79840,55921400.0,2870.0,114,2869.0,34
