instrument,tradingday,calendarday,time,lastp,volume,openinterest,turnover,ask1,asksz1,bid1,bidsz1
rb1805,20170705,20170704,182914500,3036.0,0,75394,0.0,0.0,0,0.0,0
rb1805,20170705,20170704,205900500,3038.0,8,75390,243040.0,3040.0,1,3037.0,2
rb1805,20170705,20170704,210000500,3040.0,128,75384,3891040.0,3040.0,11,3037.0,2
rb1805,20170705,20170704,210001000,3040.0,306,75256,9302240.0,3040.0,22,3039.0,1
rb1805,20170705,20170704,210001500,3046.0,352,75224,10700760.0,3048.0,5,3047.0,1
rb1805,20170705,20170704,210002000,3048.0,356,75228,10822680.0,3048.0,3,3042.0,4
rb1805,20170705,20170704,210002500,3050.0,372,75242,11310520.0,3050.0,18,3049.0,1
rb1805,20170705,20170704,210003000,3044.0,376,75238,11432400.0,3049.0,4,3043.0,1
rb1805,20170705,20170704,210003500,3049.0,382,75232,11615340.0,3049.0,2,3047.0,3
rb1805,20170705,20170704,210004000,3049.0,388,75226,11798280.0,3050.0,17,3044.0,6
rb1805,20170705,20170704,210004500,3049.0,388,75226,11798280.0,3050.0,17,3045.0,4
rb1805,20170705,20170704,210005000,3049.0,388,75226,11798280.0,3050.0,17,3045.0,11
rb1805,20170705,20170704,210005500,3049.0,388,75226,11798280.0,3050.0,17,3045.0,3
rb1805,20170705,20170704,210006500,3043.0,390,75224,11859140.0,3050.0,17,3042.0,4
rb1805,20170705,20170704,210007000,3043.0,390,75224,11859140.0,3049.0,1,3044.0,3
rb1805,20170705,20170704,210007500,3043.0,390,75224,11859140.0,3049.0,2,3044.0,3
rb1805,20170705,20170704,210008000,3050.0,396,75224,12042100.0,3050.0,20,3044.0,4
rb1805,20170705,20170704,210008500,3050.0,396,75224,12042100.0,3050.0,20,3044.0,4
rb1805,20170705,20170704,210009000,3050.0,396,75224,12042100.0,3050.0,20,3044.0,3
rb1805,20170705,20170704,210009500,3050.0,396,75224,12042100.0,3050.0,20,3044.0,1
rb1805,20170705,20170704,210010000,3050.0,396,75224,12042100.0,3050.0,20,3044.0,1
rb1805,20170705,20170704,210010500,3050.0,396,75224,12042100.0,3050.0,20,3044.0,1
rb1805,20170705,20170704,210011000,3050.0,396,75224,12042100.0,3050.0,20,3044.0,1
rb1805,20170705,20170704,210011500,3050.0,396,75224,12042100.0,3050.0,20,3046.0,1
rb1805,20170705,20170704,210012000,3050.0,396,75224,12042100.0,3049.0,1,3046.0,1
rb1805,20170705,20170704,210012500,3050.0,396,75224,12042100.0,3050.0,16,3047.0,1
rb1805,20170705,20170704,210013000,3050.0,396,75224,12042100.0,3049.0,1,3047.0,6
rb1805,20170705,20170704,210013500,3050.0,396,75224,12042100.0,3049.0,1,3047.0,7
rb1805,20170705,20170704,210014000,3050.0,396,75224,12042100.0,3049.0,1,3047.0,7
rb1805,20170705,20170704,210014500,3050.0,396,75224,12042100.0,3049.0,5,3047.0,7
rb1805,20170705,20170704,210015500,3047.0,410,75210,12468680.0,3047.0,43,3046.0,3
rb1805,20170705,20170704,210016000,3047.0,478,75142,14540640.0,3047.0,9,3046.0,3
rb1805,20170705,20170704,210016500,3046.0,492,75142,14967160.0,3046.0,47,3044.0,1
rb1805,20170705,20170704,210017000,3046.0,492,75142,14967160.0,3046.0,47,3044.0,1
rb1805,20170705,20170704,210018000,3046.0,492,75142,14967160.0,3046.0,47,3044.0,2
rb1805,20170705,20170704,210018500,3046.0,528,75106,16063720.0,3046.0,29,3044.0,1
rb1805,20170705,20170704,210019000,3046.0,528,75106,16063720.0,3046.0,29,3044.0,1
rb1805,20170705,20170704,210019500,3046.0,528,75106,16063720.0,3046.0,29,3044.0,1
rb1805,20170705,20170704,210020000,3046.0,528,75106,16063720.0,3046.0,29,3044.0,1
rb1805,20170705,20170704,210020500,3046.0,528,75106,16063720.0,3046.0,29,3044.0,2
rb1805,20170705,20170704,210021000,3046.0,558,75076,16977520.0,3046.0,14,3044.0,1
rb1805,20170705,20170704,210021500,3046.0,558,75076,16977520.0,3046.0,14,3044.0,2
rb1805,20170705,20170704,210022000,3046.0,558,75076,16977520.0,3046.0,14,3044.0,1
rb1805,20170705,20170704,210022500,3046.0,558,75076,16977520.0,3046.0,14,3044.0,2
rb1805,20170705,20170704,210023000,3046.0,558,75076,16977520.0,3046.0,14,3044.0,1
rb1805,20170705,20170704,210023500,3046.0,560,75074,17038440.0,3046.0,13,3045.0,1
rb1805,20170705,20170704,210024000,3046.0,570,75074,17343040.0,3046.0,8,3045.0,4
rb1805,20170705,20170704,210024500,3046.0,570,75074,17343040.0,3046.0,8,3045.0,4
rb1805,20170705,20170704,210025000,3045.0,578,75076,17586640.0,3045.0,1,3044.0,2
rb1805,20170705,20170704,210025500,3045.0,580,75076,17647540.0,3046.0,8,3045.0,8
rb1805,20170705,20170704,210026000,3045.0,580,75076,17647540.0,3046.0,8,3045.0,1
rb1805,20170705,20170704,210026500,3045.0,580,75076,17647540.0,3046.0,8,3044.0,2
rb1805,20170705,20170704,210027000,3045.0,580,75076,17647540.0,3046.0,8,3044.0,3
rb1805,20170705,20170704,210027500,3045.0,582,75076,17708440.0,3045.0,1,3044.0,4
rb1805,20170705,20170704,210028000,3045.0,584,75074,17769340.0,3046.0,8,3045.0,3
rb1805,20170705,20170704,210028500,3045.0,586,75072,17830240.0,3046.0,8,3044.0,12
rb1805,20170705,20170704,210029500,3045.0,586,75072,17830240.0,3046.0,8,3044.0,13
rb1805,20170705,20170704,210030000,3045.0,586,75072,17830240.0,3046.0,33,3044.0,12
rb1805,20170705,20170704,210030500,3045.0,586,75072,17830240.0,3046.0,33,3044.0,13
rb1805,20170705,20170704,210031000,3045.0,586,75072,17830240.0,3046.0,33,3044.0,12
rb1805,20170705,20170704,210031500,3046.0,604,75054,18378520.0,3046.0,24,3044.0,12
rb1805,20170705,20170704,210032000,3046.0,604,75054,18378520.0,3046.0,24,3045.0,2
rb1805,20170705,20170704,210033000,3045.0,608,75054,18500320.0,3045.0,2,3044.0,12
rb1805,20170705,20170704,210033500,3046.0,616,75050,18743960.0,3046.0,18,3045.0,9
rb1805,20170705,20170704,210034000,3046.0,616,75050,18743960.0,3046.0,18,3045.0,3
rb1805,20170705,20170704,210034500,3046.0,624,75042,18987640.0,3046.0,14,3044.0,13
rb1805,20170705,20170704,210035000,3045.0,626,75042,19048540.0,3046.0,14,3045.0,1
rb1805,20170705,20170704,210036000,3045.0,628,75044,19109440.0,3046.0,14,3044.0,12
rb1805,20170705,20170704,210036500,3045.0,628,75044,19109440.0,3046.0,14,3045.0,1
rb1805,20170705,20170704,210037000,3046.0,656,75034,19962320.0,3047.0,5,3045.0,3
rb1805,20170705,20170704,210037500,3046.0,656,75034,19962320.0,3047.0,5,3045.0,1
rb1805,20170705,20170704,210039500,3045.0,658,75034,20023220.0,3047.0,5,3044.0,12
rb1805,20170705,20170704,210040000,3045.0,658,75034,20023220.0,3047.0,5,3045.0,11
rb1805,20170705,20170704,210040500,3045.0,658,75034,20023220.0,3047.0,5,3045.0,12
rb1805,20170705,20170704,210041000,3045.0,658,75034,20023220.0,3047.0,5,3045.0,12
rb1805,20170705,20170704,210041500,3045.0,658,75034,20023220.0,3047.0,5,3046.0,2
rb1805,20170705,20170704,210042000,3046.0,660,75036,20084140.0,3047.0,5,3046.0,3
rb1805,20170705,20170704,210042500,3046.0,660,75036,20084140.0,3047.0,5,3046.0,3
rb1805,20170705,20170704,210043000,3046.0,660,75036,20084140.0,3047.0,5,3046.0,3
rb1805,20170705,20170704,210043500,3046.0,660,75036,20084140.0,3047.0,5,3046.0,3
rb1805,20170705,20170704,210044000,3047.0,664,75032,20206020.0,3047.0,3,3045.0,5
rb1805,20170705,20170704,210044500,3047.0,664,75032,20206020.0,3047.0,3,3046.0,9
rb1805,20170705,20170704,210045500,3046.0,666,75030,20266940.0,3047.0,3,3046.0,8
rb1805,20170705,20170704,210046000,3046.0,666,75030,20266940.0,3047.0,3,3046.0,8
rb1805,20170705,20170704,210046500,3046.0,666,75030,20266940.0,3047.0,3,3046.0,8
rb1805,20170705,20170704,210047000,3046.0,666,75030,20266940.0,3047.0,3,3045.0,3
rb1805,20170705,20170704,210047500,3046.0,666,75030,20266940.0,3047.0,4,3045.0,3
rb1805,20170705,20170704,210048000,3047.0,674,75024,20510700.0,3048.0,2,3047.0,5
rb1805,20170705,20170704,210048500,3047.0,674,75024,20510700.0,3048.0,2,3047.0,5
rb1805,20170705,20170704,210049000,3047.0,674,75024,20510700.0,3048.0,3,3046.0,1
rb1805,20170705,20170704,210049500,3047.0,674,75024,20510700.0,3048.0,3,3046.0,1
rb1805,20170705,20170704,210050000,3046.0,676,75026,20571620.0,3048.0,3,3045.0,3
rb1805,20170705,20170704,210050500,3046.0,676,75026,20571620.0,3048.0,3,3046.0,5
rb1805,20170705,20170704,210051000,3046.0,676,75026,20571620.0,3048.0,3,3047.0,1
rb1805,20170705,20170704,210051500,3048.0,682,75024,20754500.0,3050.0,20,3048.0,2
rb1805,20170705,20170704,210052000,3048.0,686,75024,20876420.0,3049.0,1,3047.0,1
rb1805,20170705,20170704,210052500,3048.0,686,75024,20876420.0,3049.0,1,3047.0,1
rb1805,20170705,20170704,210053500,3049.0,692,75022,21059360.0,3050.0,20,3049.0,1
rb1805,20170705,20170704,210054000,3049.0,694,75020,21120340.0,3049.0,2,3047.0,2
rb1805,20170705,20170704,210054500,3049.0,694,75020,21120340.0,3050.0,20,3047.0,2
rb1805,20170705,20170704,210055000,3049.0,694,75020,21120340.0,3050.0,23,3047.0,2
rb1805,20170705,20170704,210055500,3049.0,694,75020,21120340.0,3049.0,20,3047.0,2
rb1805,20170705,20170704,210056500,3046.0,702,75020,21364120.0,3047.0,48,3045.0,2
rb1805,20170705,20170704,210057000,3046.0,702,75020,21364120.0,3047.0,48,3046.0,3
rb1805,20170705,20170704,210057500,3046.0,702,75020,21364120.0,3047.0,48,3046.0,3
rb1805,20170705,20170704,210058000,3047.0,720,75002,21912580.0,3047.0,39,3046.0,3
rb1805,20170705,20170704,210058500,3047.0,798,74924,24289240.0,3049.0,20,3047.0,1
rb1805,20170705,20170704,210059000,3047.0,798,74924,24289240.0,3049.0,20,3045.0,4
rb1805,20170705,20170704,210059500,3047.0,798,74924,24289240.0,3049.0,2,3046.0,4
rb1805,20170705,20170704,210100000,3047.0,798,74924,24289240.0,3049.0,2,3047.0,2
rb1805,20170705,20170704,210101000,3049.0,812,74936,24716100.0,3050.0,20,3049.0,3
rb1805,20170705,20170704,210101500,3049.0,812,74936,24716100.0,3050.0,21,3047.0,2
rb1805,20170705,20170704,210102000,3049.0,812,74936,24716100.0,3050.0,21,3047.0,2
rb1805,20170705,20170704,210102500,3049.0,812,74936,24716100.0,3050.0,20,3047.0,7
rb1805,20170705,20170704,210103500,3047.0,814,74936,24777040.0,3050.0,20,3047.0,6
rb1805,20170705,20170704,210104000,3047.0,814,74936,24777040.0,3050.0,20,3047.0,6
rb1805,20170705,20170704,210104500,3047.0,814,74936,24777040.0,3050.0,19,3047.0,6
rb1805,20170705,20170704,210105000,3050.0,822,74934,25021040.0,3050.0,15,3048.0,3
rb1805,20170705,20170704,210105500,3050.0,822,74934,25021040.0,3050.0,16,3047.0,6
rb1805,20170705,20170704,210106000,3050.0,822,74934,25021040.0,3050.0,16,3048.0,3
rb1805,20170705,20170704,210107500,3050.0,822,74934,25021040.0,3049.0,10,3048.0,3
rb1805,20170705,20170704,210108000,3049.0,842,74942,25630840.0,3050.0,16,3049.0,1
rb1805,20170705,20170704,210108500,3049.0,842,74942,25630840.0,3050.0,16,3047.0,6
rb1805,20170705,20170704,210109000,3049.0,842,74942,25630840.0,3050.0,18,3048.0,3
rb1805,20170705,20170704,210109500,3049.0,842,74942,25630840.0,3050.0,18,3048.0,1
rb1805,20170705,20170704,210110000,3049.0,842,74942,25630840.0,3050.0,18,3047.0,6
rb1805,20170705,20170704,210110500,3049.0,842,74942,25630840.0,3050.0,18,3048.0,4
rb1805,20170705,20170704,210111000,3049.0,842,74942,25630840.0,3050.0,18,3048.0,3
rb1805,20170705,20170704,210111500,3049.0,842,74942,25630840.0,3050.0,18,3047.0,7
rb1805,20170705,20170704,210112000,3049.0,842,74942,25630840.0,3050.0,18,3049.0,3
rb1805,20170705,20170704,210112500,3050.0,844,74942,25691840.0,3050.0,17,3048.0,1
rb1805,20170705,20170704,210113000,3050.0,844,74942,25691840.0,3050.0,17,3047.0,7
rb1805,20170705,20170704,210113500,3050.0,844,74942,25691840.0,3050.0,16,3049.0,1
rb1805,20170705,20170704,210114000,3050.0,848,74942,25813840.0,3050.0,14,3048.0,1
rb1805,20170705,20170704,210114500,3050.0,848,74942,25813840.0,3050.0,14,3047.0,7
rb1805,20170705,20170704,210115000,3050.0,848,74942,25813840.0,3049.0,1,3048.0,4
rb1805,20170705,20170704,210115500,3050.0,848,74942,25813840.0,3049.0,1,3048.0,4
rb1805,20170705,20170704,210116000,3050.0,850,74944,25874840.0,3050.0,14,3048.0,4
rb1805,20170705,20170704,210116500,3050.0,850,74944,25874840.0,3050.0,14,3048.0,8
rb1805,20170705,20170704,210117500,3050.0,850,74944,25874840.0,3050.0,14,3049.0,1
rb1805,20170705,20170704,210118500,3050.0,854,74944,25996820.0,3050.0,13,3048.0,8
rb1805,20170705,20170704,210119500,3050.0,854,74944,25996820.0,3050.0,13,3048.0,6
rb1805,20170705,20170704,210120000,3050.0,860,74944,26179820.0,3050.0,10,3049.0,3
rb1805,20170705,20170704,210121000,3050.0,860,74944,26179820.0,3050.0,10,3049.0,3
rb1805,20170705,20170704,210123000,3050.0,860,74944,26179820.0,3050.0,10,3049.0,4
rb1805,20170705,20170704,210123500,3050.0,872,74952,26545820.0,3050.0,4,3049.0,9
rb1805,20170705,20170704,210124000,3050.0,880,74950,26789820.0,3052.0,2,3050.0,1
rb1805,20170705,20170704,210124500,3050.0,880,74950,26789820.0,3052.0,2,3049.0,6
rb1805,20170705,20170704,210125000,3050.0,880,74950,26789820.0,3052.0,7,3050.0,8
rb1805,20170705,20170704,210125500,3050.0,880,74950,26789820.0,3052.0,7,3050.0,12
rb1805,20170705,20170704,210126500,3050.0,880,74950,26789820.0,3052.0,7,3050.0,12
rb1805,20170705,20170704,210127000,3050.0,882,74948,26850820.0,3052.0,7,3050.0,11
rb1805,20170705,20170704,210129000,3050.0,882,74948,26850820.0,3052.0,7,3050.0,11
rb1805,20170705,20170704,210129500,3050.0,882,74948,26850820.0,3052.0,7,3050.0,12
rb1805,20170705,20170704,210131000,3050.0,882,74948,26850820.0,3052.0,7,3050.0,12
rb1805,20170705,20170704,210131500,3050.0,882,74948,26850820.0,3052.0,7,3050.0,12
rb1805,20170705,20170704,210132000,3050.0,882,74948,26850820.0,3052.0,7,3050.0,8
rb1805,20170705,20170704,210132500,3051.0,884,74950,26911840.0,3052.0,2,3050.0,13
rb1805,20170705,20170704,210133000,3050.0,886,74948,26972840.0,3052.0,2,3050.0,12
rb1805,20170705,20170704,210133500,3050.0,890,74946,27094840.0,3052.0,7,3050.0,5
rb1805,20170705,20170704,210134000,3050.0,890,74946,27094840.0,3052.0,7,3050.0,5
rb1805,20170705,20170704,210134500,3050.0,890,74946,27094840.0,3052.0,8,3050.0,5
rb1805,20170705,20170704,210135000,3050.0,890,74946,27094840.0,3052.0,8,3050.0,5
rb1805,20170705,20170704,210135500,3050.0,890,74946,27094840.0,3052.0,8,3050.0,5
rb1805,20170705,20170704,210136000,3050.0,890,74946,27094840.0,3051.0,1,3050.0,5
rb1805,20170705,20170704,210137000,3050.0,890,74946,27094840.0,3051.0,1,3050.0,5
rb1805,20170705,20170704,210137500,3050.0,890,74946,27094840.0,3051.0,1,3050.0,6
rb1805,20170705,20170704,210138000,3050.0,890,74946,27094840.0,3051.0,1,3050.0,16
rb1805,20170705,20170704,210139000,3050.0,890,74946,27094840.0,3051.0,1,3050.0,16
rb1805,20170705,20170704,210139500,3050.0,890,74946,27094840.0,3051.0,3,3050.0,16
rb1805,20170705,20170704,210140000,3050.0,890,74946,27094840.0,3051.0,8,3050.0,16
rb1805,20170705,20170704,210140500,3051.0,898,74950,27338920.0,3051.0,5,3050.0,16
rb1805,20170705,20170704,210141000,3051.0,900,74952,27399940.0,3051.0,4,3050.0,16
rb1805,20170705,20170704,210141500,3050.0,920,74952,28009940.0,3051.0,4,3050.0,9
rb1805,20170705,20170704,210142000,3051.0,928,74958,28253960.0,3051.0,3,3050.0,6
rb1805,20170705,20170704,210142500,3050.0,930,74958,28314960.0,3051.0,3,3050.0,5
rb1805,20170705,20170704,210143000,3050.0,930,74958,28314960.0,3051.0,3,3050.0,5
rb1805,20170705,20170704,210143500,3050.0,930,74958,28314960.0,3051.0,3,3050.0,6
rb1805,20170705,20170704,210144000,3050.0,942,74968,28680960.0,3050.0,1,3049.0,6
rb1805,20170705,20170704,210144500,3050.0,942,74968,28680960.0,3051.0,3,3049.0,6
rb1805,20170705,20170704,210145000,3050.0,942,74968,28680960.0,3051.0,5,3049.0,6
rb1805,20170705,20170704,210145500,3050.0,942,74968,28680960.0,3051.0,5,3049.0,6
rb1805,20170705,20170704,210146000,3050.0,942,74968,28680960.0,3051.0,6,3049.0,6
rb1805,20170705,20170704,210146500,3050.0,942,74968,28680960.0,3051.0,23,3050.0,1
rb1805,20170705,20170704,210147000,3050.0,944,74970,28741960.0,3051.0,23,3049.0,6
rb1805,20170705,20170704,210147500,3050.0,944,74970,28741960.0,3051.0,25,3049.0,6
rb1805,20170705,20170704,210149000,3050.0,944,74970,28741960.0,3051.0,24,3049.0,6
rb1805,20170705,20170704,210149500,3050.0,944,74970,28741960.0,3050.0,3,3049.0,6
rb1805,20170705,20170704,210150000,3050.0,944,74970,28741960.0,3050.0,3,3049.0,6
rb1805,20170705,20170704,210150500,3050.0,944,74970,28741960.0,3050.0,3,3049.0,6
rb1805,20170705,20170704,210151000,3050.0,944,74970,28741960.0,3050.0,3,3049.0,6
rb1805,20170705,20170704,210152500,3050.0,948,74970,28863960.0,3050.0,1,3049.0,6
rb1805,20170705,20170704,210153000,3050.0,950,74970,28924960.0,3051.0,21,3050.0,2
rb1805,20170705,20170704,210153500,3050.0,950,74970,28924960.0,3051.0,22,3050.0,2
rb1805,20170705,20170704,210154000,3050.0,952,74970,28985960.0,3051.0,22,3050.0,1
rb1805,20170705,20170704,210154500,3050.0,952,74970,28985960.0,3051.0,24,3050.0,1
rb1805,20170705,20170704,210155500,3050.0,952,74970,28985960.0,3051.0,24,3050.0,3
rb1805,20170705,20170704,210156500,3050.0,952,74970,28985960.0,3051.0,21,3050.0,3
rb1805,20170705,20170704,210158000,3050.0,952,74970,28985960.0,3051.0,21,3050.0,3
rb1805,20170705,20170704,210158500,3050.0,952,74970,28985960.0,3051.0,21,3050.0,3
rb1805,20170705,20170704,210159000,3050.0,952,74970,28985960.0,3051.0,21,3050.0,8
rb1805,20170705,20170704,210159500,3050.0,952,74970,28985960.0,3051.0,21,3050.0,8
rb1805,20170705,20170704,210200000,3050.0,952,74970,28985960.0,3051.0,5,3050.0,8
rb1805,20170705,20170704,210200500,3050.0,952,74970,28985960.0,3051.0,5,3050.0,3
rb1805,20170705,20170704,210201000,3050.0,952,74970,28985960.0,3051.0,3,3050.0,3
rb1805,20170705,20170704,210202000,3050.0,960,74970,29229960.0,3050.0,6,3049.0,5
rb1805,20170705,20170704,210202500,3050.0,960,74970,29229960.0,3050.0,6,3049.0,5
rb1805,20170705,20170704,210203000,3050.0,960,74970,29229960.0,3050.0,6,3049.0,5
rb1805,20170705,20170704,210203500,3050.0,972,74958,29595960.0,3052.0,21,3050.0,4
rb1805,20170705,20170704,210204000,3050.0,972,74958,29595960.0,3052.0,24,3049.0,5
rb1805,20170705,20170704,210204500,3050.0,972,74958,29595960.0,3052.0,26,3050.0,1
rb1805,20170705,20170704,210205000,3050.0,972,74958,29595960.0,3052.0,26,3049.0,5
rb1805,20170705,20170704,210205500,3050.0,972,74958,29595960.0,3051.0,4,3049.0,5
rb1805,20170705,20170704,210206000,3050.0,972,74958,29595960.0,3051.0,7,3049.0,5
rb1805,20170705,20170704,210208000,3049.0,974,74960,29656940.0,3051.0,7,3049.0,4
rb1805,20170705,20170704,210208500,3049.0,974,74960,29656940.0,3050.0,1,3049.0,4
rb1805,20170705,20170704,210209000,3049.0,974,74960,29656940.0,3050.0,1,3049.0,4
rb1805,20170705,20170704,210209500,3049.0,974,74960,29656940.0,3050.0,1,3049.0,1
rb1805,20170705,20170704,210210000,3049.0,978,74960,29778920.0,3050.0,3,3048.0,6
rb1805,20170705,20170704,210210500,3050.0,980,74960,29839920.0,3050.0,2,3048.0,6
rb1805,20170705,20170704,210211000,3050.0,980,74960,29839920.0,3050.0,5,3048.0,6
rb1805,20170705,20170704,210212000,3050.0,980,74960,29839920.0,3050.0,5,3048.0,6
rb1805,20170705,20170704,210212500,3050.0,980,74960,29839920.0,3049.0,2,3048.0,6
rb1805,20170705,20170704,210213000,3050.0,982,74958,29900920.0,3049.0,1,3048.0,6
rb1805,20170705,20170704,210214000,3048.0,984,74958,29961880.0,3049.0,1,3048.0,5
rb1805,20170705,20170704,210214500,3049.0,990,74958,30144780.0,3050.0,2,3047.0,2
rb1805,20170705,20170704,210215000,3049.0,990,74958,30144780.0,3050.0,2,3047.0,7
rb1805,20170705,20170704,210215500,3049.0,990,74958,30144780.0,3049.0,1,3047.0,7
rb1805,20170705,20170704,210216000,3049.0,990,74958,30144780.0,3049.0,1,3047.0,7
rb1805,20170705,20170704,210218000,3049.0,990,74958,30144780.0,3049.0,1,3047.0,7
rb1805,20170705,20170704,210218500,3049.0,990,74958,30144780.0,3050.0,2,3047.0,7
rb1805,20170705,20170704,210219000,3049.0,990,74958,30144780.0,3050.0,5,3048.0,1
rb1805,20170705,20170704,210219500,3048.0,996,74958,30327740.0,3049.0,2,3047.0,7
rb1805,20170705,20170704,210220000,3048.0,996,74958,30327740.0,3049.0,2,3047.0,7
rb1805,20170705,20170704,210220500,3048.0,996,74958,30327740.0,3049.0,2,3047.0,7
rb1805,20170705,20170704,210221000,3048.0,996,74958,30327740.0,3049.0,5,3047.0,7
rb1805,20170705,20170704,210221500,3048.0,996,74958,30327740.0,3049.0,5,3047.0,7
rb1805,20170705,20170704,210222500,3048.0,996,74958,30327740.0,3049.0,5,3047.0,7
rb1805,20170705,20170704,210223000,3048.0,996,74958,30327740.0,3049.0,2,3047.0,7
rb1805,20170705,20170704,210223500,3048.0,996,74958,30327740.0,3049.0,2,3047.0,7
rb1805,20170705,20170704,210224500,3048.0,996,74958,30327740.0,3049.0,5,3047.0,7
rb1805,20170705,20170704,210226000,3048.0,996,74958,30327740.0,3049.0,5,3047.0,7
rb1805,20170705,20170704,210226500,3048.0,996,74958,30327740.0,3049.0,7,3047.0,7
rb1805,20170705,20170704,210227500,3048.0,996,74958,30327740.0,3049.0,7,3047.0,7
rb1805,20170705,20170704,210228500,3048.0,996,74958,30327740.0,3049.0,5,3047.0,7
rb1805,20170705,20170704,210229000,3048.0,996,74958,30327740.0,3049.0,2,3047.0,7
rb1805,20170705,20170704,210230000,3048.0,996,74958,30327740.0,3049.0,7,3048.0,4
rb1805,20170705,20170704,210230500,3048.0,996,74958,30327740.0,3049.0,7,3048.0,4
rb1805,20170705,20170704,210231000,3048.0,996,74958,30327740.0,3049.0,5,3048.0,4
rb1805,20170705,20170704,210231500,3048.0,996,74958,30327740.0,3049.0,5,3048.0,4
rb1805,20170705,20170704,210232000,3048.0,996,74958,30327740.0,3049.0,5,3048.0,4
rb1805,20170705,20170704,210232500,3048.0,996,74958,30327740.0,3049.0,5,3048.0,4
rb1805,20170705,20170704,210233000,3048.0,1008,74960,30693600.0,3050.0,1,3048.0,3
rb1805,20170705,20170704,210233500,3048.0,1008,74960,30693600.0,3049.0,3,3048.0,3
rb1805,20170705,20170704,210234000,3048.0,1014,74954,30876480.0,3050.0,1,3047.0,2
rb1805,20170705,20170704,210234500,3048.0,1016,74954,30937440.0,3049.0,4,3047.0,7
rb1805,20170705,20170704,210235000,3048.0,1016,74954,30937440.0,3049.0,5,3047.0,7
rb1805,20170705,20170704,210236000,3048.0,1016,74954,30937440.0,3049.0,5,3047.0,7
rb1805,20170705,20170704,210236500,3048.0,1016,74954,30937440.0,3048.0,1,3047.0,7
rb1805,20170705,20170704,210237000,3048.0,1018,74954,30998400.0,3049.0,105,3048.0,1
rb1805,20170705,20170704,210237500,3048.0,1018,74954,30998400.0,3049.0,105,3047.0,2
rb1805,20170705,20170704,210238000,3048.0,1018,74954,30998400.0,3049.0,110,3047.0,2
rb1805,20170705,20170704,210238500,3048.0,1018,74954,30998400.0,3049.0,110,3047.0,2
rb1805,20170705,20170704,210239500,3048.0,1018,74954,30998400.0,3049.0,105,3047.0,2
rb1805,20170705,20170704,210240000,3048.0,1018,74954,30998400.0,3049.0,110,3047.0,2
rb1805,20170705,20170704,210240500,3048.0,1018,74954,30998400.0,3049.0,106,3047.0,2
rb1805,20170705,20170704,210241000,3048.0,1018,74954,30998400.0,3049.0,111,3047.0,2
rb1805,20170705,20170704,210241500,3048.0,1018,74954,30998400.0,3049.0,112,3047.0,2
rb1805,20170705,20170704,210242000,3048.0,1018,74954,30998400.0,3049.0,111,3047.0,2
rb1805,20170705,20170704,210242500,3048.0,1018,74954,30998400.0,3049.0,106,3047.0,2
rb1805,20170705,20170704,210243000,3048.0,1018,74954,30998400.0,3049.0,106,3047.0,2
rb1805,20170705,20170704,210244000,3048.0,1018,74954,30998400.0,3049.0,106,3047.0,2
rb1805,20170705,20170704,210244500,3048.0,1018,74954,30998400.0,3049.0,107,3047.0,2
rb1805,20170705,20170704,210245000,3048.0,1018,74954,30998400.0,3049.0,106,3047.0,2
rb1805,20170705,20170704,210246000,3048.0,1018,74954,30998400.0,3049.0,106,3047.0,2
rb1805,20170705,20170704,210246500,3048.0,1018,74954,30998400.0,3049.0,104,3047.0,7
rb1805,20170705,20170704,210248000,3048.0,1018,74954,30998400.0,3049.0,104,3047.0,7
rb1805,20170705,20170704,210248500,3048.0,1018,74954,30998400.0,3048.0,5,3047.0,7
rb1805,20170705,20170704,210249000,3047.0,1026,74954,31242220.0,3048.0,2,3047.0,6
rb1805,20170705,20170704,210249500,3048.0,1030,74958,31364140.0,3049.0,103,3048.0,3
rb1805,20170705,20170704,210250000,3048.0,1030,74958,31364140.0,3049.0,103,3047.0,6
rb1805,20170705,20170704,210251500,3048.0,1030,74958,31364140.0,3049.0,103,3047.0,6
rb1805,20170705,20170704,210252000,3048.0,1030,74958,31364140.0,3048.0,1,3047.0,6
rb1805,20170705,20170704,210252500,3048.0,1030,74958,31364140.0,3048.0,1,3047.0,6
rb1805,20170705,20170704,210253500,3048.0,1030,74958,31364140.0,3048.0,1,3047.0,6
rb1805,20170705,20170704,210254000,3048.0,1030,74958,31364140.0,3048.0,1,3047.0,6
rb1805,20170705,20170704,210254500,3048.0,1032,74956,31425100.0,3049.0,111,3048.0,3
rb1805,20170705,20170704,210255000,3047.0,1036,74952,31546980.0,3049.0,112,3047.0,4
rb1805,20170705,20170704,210255500,3047.0,1036,74952,31546980.0,3049.0,111,3047.0,4
rb1805,20170705,20170704,210257000,3049.0,1038,74954,31607960.0,3049.0,110,3047.0,4
rb1805,20170705,20170704,210257500,3049.0,1038,74954,31607960.0,3049.0,110,3047.0,4
rb1805,20170705,20170704,210258500,3047.0,1040,74954,31668900.0,3049.0,110,3047.0,3
rb1805,20170705,20170704,210259500,3047.0,1040,74954,31668900.0,3049.0,109,3047.0,3
rb1805,20170705,20170704,210300000,3047.0,1040,74954,31668900.0,3047.0,3,3046.0,11
rb1805,20170705,20170704,210300500,3047.0,1046,74954,31851720.0,3049.0,113,3047.0,1
rb1805,20170705,20170704,210301000,3047.0,1046,74954,31851720.0,3049.0,113,3046.0,11
rb1805,20170705,20170704,210301500,3047.0,1046,74954,31851720.0,3049.0,114,3047.0,2
rb1805,20170705,20170704,210302000,3047.0,1046,74954,31851720.0,3049.0,114,3047.0,1
rb1805,20170705,20170704,210302500,3047.0,1048,74952,31912660.0,3049.0,110,3047.0,5
rb1805,20170705,20170704,210304000,3049.0,1074,74952,32705400.0,3049.0,97,3047.0,6
rb1805,20170705,20170704,210304500,3049.0,1074,74952,32705400.0,3049.0,94,3048.0,3
rb1805,20170705,20170704,210305000,3049.0,1074,74952,32705400.0,3049.0,94,3048.0,8
rb1805,20170705,20170704,210305500,3049.0,1082,74952,32949320.0,3049.0,90,3048.0,8
rb1805,20170705,20170704,210306000,3049.0,1084,74952,33010300.0,3049.0,89,3048.0,8
rb1805,20170705,20170704,210308500,3049.0,1084,74952,33010300.0,3049.0,90,3047.0,6
rb1805,20170705,20170704,210309000,3049.0,1084,74952,33010300.0,3049.0,90,3048.0,1
rb1805,20170705,20170704,210309500,3049.0,1086,74950,33071280.0,3049.0,89,3048.0,1
rb1805,20170705,20170704,210310500,3049.0,1086,74950,33071280.0,3049.0,93,3048.0,2
rb1805,20170705,20170704,210311500,3049.0,1086,74950,33071280.0,3049.0,89,3048.0,2
rb1805,20170705,20170704,210312500,3049.0,1086,74950,33071280.0,3049.0,88,3048.0,7
rb1805,20170705,20170704,210313500,3049.0,1086,74950,33071280.0,3049.0,88,3048.0,2
rb1805,20170705,20170704,210314500,3049.0,1086,74950,33071280.0,3049.0,88,3048.0,7
rb1805,20170705,20170704,210315000,3049.0,1088,74950,33132260.0,3049.0,87,3048.0,7
rb1805,20170705,20170704,210316000,3049.0,1088,74950,33132260.0,3049.0,87,3048.0,7
rb1805,20170705,20170704,210316500,3049.0,1088,74950,33132260.0,3049.0,87,3048.0,7
rb1805,20170705,20170704,210317000,3049.0,1088,74950,33132260.0,3049.0,87,3048.0,7
rb1805,20170705,20170704,210320000,3049.0,1090,74948,33193240.0,3049.0,86,3048.0,6
rb1805,20170705,20170704,210322500,3049.0,1090,74948,33193240.0,3049.0,86,3048.0,6
rb1805,20170705,20170704,210323000,3049.0,1092,74948,33254220.0,3049.0,85,3048.0,6
rb1805,20170705,20170704,210323500,3049.0,1092,74948,33254220.0,3049.0,85,3048.0,1
rb1805,20170705,20170704,210324500,3048.0,1094,74948,33315180.0,3048.0,99,3047.0,5
rb1805,20170705,20170704,210325500,3048.0,1100,74948,33498060.0,3048.0,96,3047.0,5
rb1805,20170705,20170704,210326500,3048.0,1100,74948,33498060.0,3048.0,96,3047.0,6
rb1805,20170705,20170704,210327500,3048.0,1100,74948,33498060.0,3048.0,96,3047.0,6
rb1805,20170705,20170704,210328500,3048.0,1100,74948,33498060.0,3048.0,96,3047.0,6
rb1805,20170705,20170704,210330000,3048.0,1102,74948,33559020.0,3048.0,95,3047.0,6
rb1805,20170705,20170704,210330500,3048.0,1102,74948,33559020.0,3048.0,96,3047.0,6
rb1805,20170705,20170704,210332500,3048.0,1102,74948,33559020.0,3048.0,96,3047.0,7
rb1805,20170705,20170704,210333000,3048.0,1102,74948,33559020.0,3048.0,96,3047.0,2
rb1805,20170705,20170704,210335000,3048.0,1102,74948,33559020.0,3048.0,96,3047.0,2
rb1805,20170705,20170704,210338500,3048.0,1102,74948,33559020.0,3048.0,101,3047.0,2
rb1805,20170705,20170704,210339500,3048.0,1102,74948,33559020.0,3048.0,101,3047.0,2
rb1805,20170705,20170704,210340000,3048.0,1102,74948,33559020.0,3048.0,97,3047.0,2
rb1805,20170705,20170704,210340500,3048.0,1102,74948,33559020.0,3048.0,98,3047.0,2
rb1805,20170705,20170704,210341500,3047.0,1104,74950,33619960.0,3048.0,102,3047.0,1
rb1805,20170705,20170704,210342000,3048.0,1114,74952,33924740.0,3048.0,98,3047.0,1
rb1805,20170705,20170704,210342500,3048.0,1118,74950,34046660.0,3048.0,96,3047.0,1
rb1805,20170705,20170704,210343000,3048.0,1118,74950,34046660.0,3048.0,95,3047.0,1
rb1805,20170705,20170704,210343500,3048.0,1118,74950,34046660.0,3048.0,95,3047.0,5
rb1805,20170705,20170704,210344500,3048.0,1118,74950,34046660.0,3048.0,91,3047.0,6
rb1805,20170705,20170704,210345000,3048.0,1120,74948,34107620.0,3048.0,90,3047.0,12
rb1805,20170705,20170704,210346000,3048.0,1120,74948,34107620.0,3048.0,90,3047.0,11
rb1805,20170705,20170704,210348000,3048.0,1120,74948,34107620.0,3048.0,90,3047.0,6
rb1805,20170705,20170704,210349000,3048.0,1120,74948,34107620.0,3048.0,90,3047.0,6
rb1805,20170705,20170704,210349500,3047.0,1130,74956,34412320.0,3048.0,95,3047.0,1
rb1805,20170705,20170704,210350000,3047.0,1130,74956,34412320.0,3048.0,95,3047.0,1
rb1805,20170705,20170704,210351500,3047.0,1130,74956,34412320.0,3048.0,90,3047.0,1
rb1805,20170705,20170704,210354000,3047.0,1130,74956,34412320.0,3048.0,90,3047.0,1
rb1805,20170705,20170704,210354500,3047.0,1132,74958,34473260.0,3047.0,4,3046.0,17
rb1805,20170705,20170704,210355000,3047.0,1132,74958,34473260.0,3047.0,4,3046.0,12
rb1805,20170705,20170704,210355500,3047.0,1134,74960,34534200.0,3047.0,3,3046.0,12
rb1805,20170705,20170704,210357000,3047.0,1134,74960,34534200.0,3047.0,3,3046.0,13
rb1805,20170705,20170704,210357500,3047.0,1134,74960,34534200.0,3047.0,3,3046.0,13
rb1805,20170705,20170704,210358500,3047.0,1134,74960,34534200.0,3047.0,3,3046.0,13
rb1805,20170705,20170704,210400000,3047.0,1134,74960,34534200.0,3047.0,3,3046.0,12
rb1805,20170705,20170704,210401000,3047.0,1138,74960,34656080.0,3047.0,2,3046.0,17
rb1805,20170705,20170704,210401500,3047.0,1138,74960,34656080.0,3047.0,2,3046.0,18
rb1805,20170705,20170704,210402000,3047.0,1138,74960,34656080.0,3047.0,2,3046.0,18
rb1805,20170705,20170704,210403500,3047.0,1138,74960,34656080.0,3047.0,2,3046.0,18
rb1805,20170705,20170704,210404500,3047.0,1138,74960,34656080.0,3047.0,2,3046.0,18
rb1805,20170705,20170704,210405000,3047.0,1138,74960,34656080.0,3047.0,2,3046.0,19
rb1805,20170705,20170704,210405500,3047.0,1138,74960,34656080.0,3047.0,2,3046.0,18
rb1805,20170705,20170704,210406500,3047.0,1140,74962,34717020.0,3047.0,2,3046.0,18
rb1805,20170705,20170704,210407000,3047.0,1140,74962,34717020.0,3047.0,2,3046.0,19
rb1805,20170705,20170704,210407500,3047.0,1140,74962,34717020.0,3047.0,2,3046.0,13
rb1805,20170705,20170704,210408000,3046.0,1142,74962,34777940.0,3047.0,7,3046.0,12
rb1805,20170705,20170704,210408500,3046.0,1142,74962,34777940.0,3047.0,7,3046.0,12
rb1805,20170705,20170704,210409500,3046.0,1142,74962,34777940.0,3047.0,7,3046.0,12
rb1805,20170705,20170704,210410000,3047.0,1156,74960,35204520.0,3048.0,95,3047.0,2
rb1805,20170705,20170704,210410500,3047.0,1160,74956,35326400.0,3048.0,95,3046.0,11
rb1805,20170705,20170704,210411000,3047.0,1160,74956,35326400.0,3048.0,95,3047.0,2
rb1805,20170705,20170704,210411500,3047.0,1160,74956,35326400.0,3048.0,95,3047.0,2
rb1805,20170705,20170704,210412000,3047.0,1160,74956,35326400.0,3048.0,95,3047.0,3
rb1805,20170705,20170704,210413500,3047.0,1160,74956,35326400.0,3048.0,95,3047.0,3
rb1805,20170705,20170704,210415500,3047.0,1160,74956,35326400.0,3048.0,95,3047.0,4
rb1805,20170705,20170704,210418500,3047.0,1160,74956,35326400.0,3048.0,95,3047.0,4
rb1805,20170705,20170704,210420000,3047.0,1160,74956,35326400.0,3048.0,95,3047.0,4
rb1805,20170705,20170704,210421500,3047.0,1160,74956,35326400.0,3048.0,95,3047.0,9
rb1805,20170705,20170704,210422000,3047.0,1160,74956,35326400.0,3048.0,95,3047.0,9
rb1805,20170705,20170704,210423000,3048.0,1170,74956,35631200.0,3048.0,90,3047.0,9
rb1805,20170705,20170704,210423500,3048.0,1172,74954,35692160.0,3048.0,89,3047.0,9
rb1805,20170705,20170704,210424000,3048.0,1178,74954,35875040.0,3048.0,86,3047.0,9
rb1805,20170705,20170704,210424500,3048.0,1190,74950,36240800.0,3048.0,80,3047.0,12
rb1805,20170705,20170704,210425000,3047.0,1206,74956,36728340.0,3048.0,79,3047.0,4
rb1805,20170705,20170704,210425500,3048.0,1218,74944,37094100.0,3048.0,73,3047.0,5
rb1805,20170705,20170704,210426000,3048.0,1218,74944,37094100.0,3048.0,73,3047.0,2
rb1805,20170705,20170704,210427000,3048.0,1238,74944,37703700.0,3048.0,63,3047.0,2
rb1805,20170705,20170704,210428000,3048.0,1242,74944,37825620.0,3048.0,67,3047.0,2
rb1805,20170705,20170704,210428500,3048.0,1242,74944,37825620.0,3048.0,67,3047.0,1
rb1805,20170705,20170704,210429000,3047.0,1244,74944,37886560.0,3048.0,67,3046.0,17
rb1805,20170705,20170704,210429500,3047.0,1244,74944,37886560.0,3048.0,67,3046.0,12
rb1805,20170705,20170704,210430000,3047.0,1244,74944,37886560.0,3048.0,67,3047.0,1
rb1805,20170705,20170704,210432000,3047.0,1244,74944,37886560.0,3048.0,67,3047.0,2
rb1805,20170705,20170704,210434500,3048.0,1272,74920,38739980.0,3048.0,54,3047.0,1
rb1805,20170705,20170704,210435000,3048.0,1272,74920,38739980.0,3048.0,49,3047.0,1
rb1805,20170705,20170704,210438500,3048.0,1272,74920,38739980.0,3048.0,49,3046.0,12
rb1805,20170705,20170704,210439000,3048.0,1272,74920,38739980.0,3048.0,49,3046.0,12
rb1805,20170705,20170704,210439500,3048.0,1272,74920,38739980.0,3048.0,49,3046.0,12
rb1805,20170705,20170704,210441500,3048.0,1272,74920,38739980.0,3048.0,49,3046.0,12
rb1805,20170705,20170704,210442000,3048.0,1272,74920,38739980.0,3048.0,48,3047.0,2
rb1805,20170705,20170704,210442500,3048.0,1272,74920,38739980.0,3048.0,48,3047.0,2
rb1805,20170705,20170704,210443500,3048.0,1272,74920,38739980.0,3048.0,48,3047.0,2
rb1805,20170705,20170704,210444500,3048.0,1274,74918,38800940.0,3048.0,47,3047.0,2
rb1805,20170705,20170704,210446000,3048.0,1274,74918,38800940.0,3048.0,48,3047.0,2
rb1805,20170705,20170704,210448000,3048.0,1274,74918,38800940.0,3048.0,48,3047.0,2
rb1805,20170705,20170704,210449000,3047.0,1278,74920,38922820.0,3047.0,1,3046.0,12
rb1805,20170705,20170704,210449500,3047.0,1278,74920,38922820.0,3047.0,1,3046.0,12
rb1805,20170705,20170704,210450000,3047.0,1280,74918,38983760.0,3048.0,53,3046.0,12
rb1805,20170705,20170704,210453000,3047.0,1280,74918,38983760.0,3048.0,63,3046.0,12
rb1805,20170705,20170704,210453500,3047.0,1280,74918,38983760.0,3048.0,62,3046.0,12
rb1805,20170705,20170704,210454500,3047.0,1280,74918,38983760.0,3048.0,62,3046.0,12
rb1805,20170705,20170704,210455000,3047.0,1280,74918,38983760.0,3048.0,62,3047.0,1
rb1805,20170705,20170704,210455500,3047.0,1280,74918,38983760.0,3048.0,62,3047.0,2
rb1805,20170705,20170704,210456000,3047.0,1284,74918,39105640.0,3048.0,62,3046.0,12
rb1805,20170705,20170704,210456500,3048.0,1316,74918,40081000.0,3048.0,46,3046.0,12
rb1805,20170705,20170704,210458500,3048.0,1316,74918,40081000.0,3048.0,46,3046.0,12
rb1805,20170705,20170704,210459000,3048.0,1316,74918,40081000.0,3047.0,5,3046.0,12
rb1805,20170705,20170704,210459500,3048.0,1316,74918,40081000.0,3047.0,5,3046.0,12
rb1805,20170705,20170704,210500500,3046.0,1318,74920,40141920.0,3047.0,5,3046.0,11
rb1805,20170705,20170704,210502000,3047.0,1328,74920,40446620.0,3048.0,46,3047.0,11
rb1805,20170705,20170704,210502500,3047.0,1328,74920,40446620.0,3048.0,41,3047.0,13
rb1805,20170705,20170704,210503000,3047.0,1328,74920,40446620.0,3048.0,42,3047.0,13
rb1805,20170705,20170704,210503500,3047.0,1328,74920,40446620.0,3048.0,42,3047.0,11
rb1805,20170705,20170704,210505500,3047.0,1328,74920,40446620.0,3048.0,42,3047.0,12
rb1805,20170705,20170704,210507000,3047.0,1330,74922,40507560.0,3048.0,42,3047.0,11
rb1805,20170705,20170704,210509500,3047.0,1330,74922,40507560.0,3048.0,42,3047.0,11
rb1805,20170705,20170704,210510000,3047.0,1330,74922,40507560.0,3048.0,42,3047.0,13
rb1805,20170705,20170704,210511500,3048.0,1334,74920,40629480.0,3048.0,40,3047.0,14
rb1805,20170705,20170704,210512500,3048.0,1334,74920,40629480.0,3048.0,40,3047.0,14
rb1805,20170705,20170704,210514000,3048.0,1334,74920,40629480.0,3048.0,40,3047.0,14
rb1805,20170705,20170704,210515500,3048.0,1334,74920,40629480.0,3048.0,40,3047.0,14
rb1805,20170705,20170704,210516500,3048.0,1346,74920,40995240.0,3048.0,34,3047.0,14
rb1805,20170705,20170704,210518000,3047.0,1356,74930,41299940.0,3048.0,34,3047.0,9
rb1805,20170705,20170704,210519000,3047.0,1356,74930,41299940.0,3048.0,35,3047.0,9
rb1805,20170705,20170704,210520500,3047.0,1356,74930,41299940.0,3048.0,35,3047.0,9
rb1805,20170705,20170704,210521000,3048.0,1364,74930,41543780.0,3048.0,31,3047.0,9
rb1805,20170705,20170704,210521500,3048.0,1364,74930,41543780.0,3048.0,31,3047.0,9
rb1805,20170705,20170704,210525000,3048.0,1426,74882,43433540.0,3049.0,83,3047.0,12
rb1805,20170705,20170704,210525500,3048.0,1426,74882,43433540.0,3049.0,83,3048.0,3
rb1805,20170705,20170704,210526000,3048.0,1426,74882,43433540.0,3049.0,83,3048.0,3
rb1805,20170705,20170704,210526500,3048.0,1426,74882,43433540.0,3049.0,83,3048.0,3
rb1805,20170705,20170704,210528500,3048.0,1426,74882,43433540.0,3049.0,83,3048.0,4
rb1805,20170705,20170704,210529000,3048.0,1434,74882,43677380.0,3048.0,46,3047.0,9
rb1805,20170705,20170704,210529500,3048.0,1466,74850,44652740.0,3048.0,30,3047.0,11
rb1805,20170705,20170704,210530000,3048.0,1466,74850,44652740.0,3048.0,30,3047.0,9
rb1805,20170705,20170704,210530500,3048.0,1470,74846,44774660.0,3048.0,28,3047.0,11
rb1805,20170705,20170704,210531000,3048.0,1470,74846,44774660.0,3048.0,28,3047.0,9
rb1805,20170705,20170704,210531500,3048.0,1472,74844,44835620.0,3048.0,27,3047.0,11
rb1805,20170705,20170704,210532000,3048.0,1472,74844,44835620.0,3048.0,27,3047.0,9
rb1805,20170705,20170704,210534000,3048.0,1474,74844,44896580.0,3048.0,26,3047.0,9
rb1805,20170705,20170704,210534500,3048.0,1492,74826,45445220.0,3048.0,17,3047.0,11
rb1805,20170705,20170704,210537500,3048.0,1494,74826,45506180.0,3048.0,16,3047.0,11
rb1805,20170705,20170704,210538000,3048.0,1500,74820,45689060.0,3048.0,13,3047.0,12
rb1805,20170705,20170704,210539000,3048.0,1526,74808,46481540.0,3049.0,83,3048.0,16
rb1805,20170705,20170704,210539500,3048.0,1526,74808,46481540.0,3049.0,83,3048.0,32
rb1805,20170705,20170704,210540000,3049.0,1528,74808,46542520.0,3049.0,82,3048.0,23
rb1805,20170705,20170704,210540500,3049.0,1534,74808,46725460.0,3049.0,79,3048.0,31
rb1805,20170705,20170704,210541000,3049.0,1534,74808,46725460.0,3049.0,79,3048.0,13
rb1805,20170705,20170704,210542000,3049.0,1564,74808,47640160.0,3049.0,64,3048.0,13
rb1805,20170705,20170704,210542500,3049.0,1564,74808,47640160.0,3049.0,64,3048.0,23
rb1805,20170705,20170704,210544000,3049.0,1570,74804,47823100.0,3049.0,61,3048.0,23
rb1805,20170705,20170704,210545000,3049.0,1570,74804,47823100.0,3049.0,61,3048.0,24
rb1805,20170705,20170704,210545500,3049.0,1570,74804,47823100.0,3049.0,61,3048.0,26
rb1805,20170705,20170704,210546000,3049.0,1570,74804,47823100.0,3049.0,61,3048.0,26
rb1805,20170705,20170704,210547000,3049.0,1570,74804,47823100.0,3049.0,61,3048.0,25
rb1805,20170705,20170704,210547500,3048.0,1624,74778,49469040.0,3048.0,24,3047.0,12
rb1805,20170705,20170704,210548000,3048.0,1672,74734,50932080.0,3049.0,60,3048.0,36
rb1805,20170705,20170704,210548500,3048.0,1672,74734,50932080.0,3049.0,60,3048.0,43
rb1805,20170705,20170704,210549000,3049.0,1674,74734,50993060.0,3049.0,59,3048.0,38
rb1805,20170705,20170704,210549500,3049.0,1692,74734,51541880.0,3049.0,50,3048.0,29
rb1805,20170705,20170704,210550000,3049.0,1692,74734,51541880.0,3049.0,50,3048.0,12
rb1805,20170705,20170704,210550500,3049.0,1726,74728,52578540.0,3049.0,33,3048.0,2
rb1805,20170705,20170704,210551000,3049.0,1732,74728,52761480.0,3049.0,30,3047.0,12
rb1805,20170705,20170704,210551500,3049.0,1770,74724,53920100.0,3049.0,11,3048.0,6
rb1805,20170705,20170704,210552000,3049.0,1786,74724,54407940.0,3049.0,3,3048.0,6
rb1805,20170705,20170704,210552500,3049.0,1786,74724,54407940.0,3049.0,3,3047.0,12
rb1805,20170705,20170704,210553500,3049.0,1786,74724,54407940.0,3049.0,9,3047.0,10
rb1805,20170705,20170704,210554000,3047.0,1796,74734,54712640.0,3049.0,9,3047.0,3
rb1805,20170705,20170704,210554500,3047.0,1808,74734,55078280.0,3047.0,1,3046.0,18
rb1805,20170705,20170704,210555000,3047.0,1808,74734,55078280.0,3049.0,8,3047.0,2
rb1805,20170705,20170704,210555500,3047.0,1808,74734,55078280.0,3049.0,8,3047.0,2
rb1805,20170705,20170704,210556000,3049.0,1810,74734,55139260.0,3049.0,8,3047.0,1
rb1805,20170705,20170704,210556500,3049.0,1810,74734,55139260.0,3049.0,7,3047.0,2
rb1805,20170705,20170704,210557000,3049.0,1812,74732,55200240.0,3049.0,6,3047.0,2
rb1805,20170705,20170704,210557500,3049.0,1812,74732,55200240.0,3048.0,2,3047.0,2
rb1805,20170705,20170704,210559000,3049.0,1812,74732,55200240.0,3048.0,2,3047.0,7
rb1805,20170705,20170704,210559500,3049.0,1812,74732,55200240.0,3048.0,2,3047.0,11
rb1805,20170705,20170704,210601000,3048.0,1816,74736,55322160.0,3049.0,7,3048.0,1
rb1805,20170705,20170704,210601500,3048.0,1818,74736,55383120.0,3049.0,1,3048.0,7
rb1805,20170705,20170704,210602500,3048.0,1818,74736,55383120.0,3049.0,1,3048.0,8
rb1805,20170705,20170704,210603000,3049.0,1820,74736,55444100.0,3050.0,13,3048.0,11
rb1805,20170705,20170704,210603500,3049.0,1820,74736,55444100.0,3050.0,13,3048.0,9
rb1805,20170705,20170704,210604000,3049.0,1820,74736,55444100.0,3050.0,15,3048.0,4
rb1805,20170705,20170704,210605500,3049.0,1820,74736,55444100.0,3050.0,15,3048.0,2
rb1805,20170705,20170704,210606000,3049.0,1820,74736,55444100.0,3050.0,15,3048.0,4
rb1805,20170705,20170704,210606500,3049.0,1820,74736,55444100.0,3050.0,15,3048.0,2
rb1805,20170705,20170704,210607000,3049.0,1820,74736,55444100.0,3049.0,2,3048.0,7
rb1805,20170705,20170704,210607500,3049.0,1820,74736,55444100.0,3049.0,2,3048.0,7
rb1805,20170705,20170704,210608000,3049.0,1824,74736,55566060.0,3050.0,11,3049.0,1
rb1805,20170705,20170704,210609000,3049.0,1824,74736,55566060.0,3050.0,11,3049.0,1
rb1805,20170705,20170704,210609500,3049.0,1824,74736,55566060.0,3050.0,11,3049.0,1
rb1805,20170705,20170704,210610000,3049.0,1826,74736,55627040.0,3049.0,1,3048.0,8
rb1805,20170705,20170704,210610500,3049.0,1826,74736,55627040.0,3050.0,12,3048.0,2
rb1805,20170705,20170704,210611500,3049.0,1826,74736,55627040.0,3050.0,12,3048.0,4
rb1805,20170705,20170704,210612000,3049.0,1826,74736,55627040.0,3050.0,12,3048.0,7
rb1805,20170705,20170704,210612500,3049.0,1826,74736,55627040.0,3050.0,12,3049.0,1
rb1805,20170705,20170704,210613000,3049.0,1826,74736,55627040.0,3050.0,12,3049.0,1
rb1805,20170705,20170704,210614000,3049.0,1826,74736,55627040.0,3050.0,12,3049.0,2
rb1805,20170705,20170704,210614500,3049.0,1826,74736,55627040.0,3050.0,12,3049.0,2
rb1805,20170705,20170704,210615500,3049.0,1826,74736,55627040.0,3050.0,13,3049.0,2
rb1805,20170705,20170704,210616000,3049.0,1826,74736,55627040.0,3050.0,13,3049.0,2
rb1805,20170705,20170704,210618000,3049.0,1826,74736,55627040.0,3050.0,12,3049.0,2
rb1805,20170705,20170704,210618500,3049.0,1826,74736,55627040.0,3050.0,12,3049.0,2
rb1805,20170705,20170704,210619500,3049.0,1826,74736,55627040.0,3050.0,12,3049.0,2
rb1805,20170705,20170704,210620000,3050.0,1830,74736,55749040.0,3050.0,10,3049.0,8
rb1805,20170705,20170704,210620500,3050.0,1830,74736,55749040.0,3050.0,10,3049.0,4
rb1805,20170705,20170704,210622500,3049.0,1834,74734,55871000.0,3050.0,10,3049.0,2
rb1805,20170705,20170704,210623000,3049.0,1838,74738,55992960.0,3049.0,1,3048.0,9
rb1805,20170705,20170704,210623500,3049.0,1840,74740,56053940.0,3050.0,10,3049.0,3
rb1805,20170705,20170704,210624000,3049.0,1840,74740,56053940.0,3050.0,10,3049.0,2
rb1805,20170705,20170704,210624500,3050.0,1842,74742,56114940.0,3050.0,9,3049.0,1
rb1805,20170705,20170704,210625500,3050.0,1842,74742,56114940.0,3050.0,9,3049.0,1
rb1805,20170705,20170704,210627000,3050.0,1842,74742,56114940.0,3050.0,9,3049.0,1
rb1805,20170705,20170704,210628500,3050.0,1842,74742,56114940.0,3050.0,11,3049.0,1
rb1805,20170705,20170704,210630500,3050.0,1846,74744,56236940.0,3050.0,9,3049.0,1
rb1805,20170705,20170704,210631000,3050.0,1848,74746,56297940.0,3050.0,8,3049.0,1
rb1805,20170705,20170704,210633500,3050.0,1848,74746,56297940.0,3050.0,8,3049.0,1
rb1805,20170705,20170704,210635500,3050.0,1864,74746,56785940.0,3051.0,13,3050.0,1
rb1805,20170705,20170704,210636000,3050.0,1868,74746,56907940.0,3051.0,13,3050.0,7
rb1805,20170705,20170704,210636500,3050.0,1880,74756,57273940.0,3051.0,14,3050.0,1
rb1805,20170705,20170704,210637000,3050.0,1880,74756,57273940.0,3051.0,14,3050.0,1
rb1805,20170705,20170704,210637500,3050.0,1880,74756,57273940.0,3051.0,14,3050.0,1
rb1805,20170705,20170704,210638000,3050.0,1880,74756,57273940.0,3051.0,14,3049.0,1
rb1805,20170705,20170704,210638500,3050.0,1880,74756,57273940.0,3051.0,13,3049.0,6
rb1805,20170705,20170704,210639000,3050.0,1880,74756,57273940.0,3051.0,13,3049.0,6
rb1805,20170705,20170704,210639500,3050.0,1880,74756,57273940.0,3051.0,13,3049.0,6
rb1805,20170705,20170704,210641500,3051.0,1882,74756,57334960.0,3051.0,12,3049.0,6
rb1805,20170705,20170704,210642500,3051.0,1882,74756,57334960.0,3051.0,18,3049.0,1
rb1805,20170705,20170704,210643000,3051.0,1882,74756,57334960.0,3051.0,18,3049.0,2
rb1805,20170705,20170704,210644000,3051.0,1882,74756,57334960.0,3051.0,12,3049.0,7
rb1805,20170705,20170704,210644500,3051.0,1884,74756,57395980.0,3051.0,11,3049.0,7
rb1805,20170705,20170704,210645000,3051.0,1884,74756,57395980.0,3051.0,11,3050.0,1
rb1805,20170705,20170704,210645500,3051.0,1884,74756,57395980.0,3051.0,11,3050.0,1
rb1805,20170705,20170704,210647500,3051.0,1884,74756,57395980.0,3051.0,12,3050.0,1
rb1805,20170705,20170704,210648500,3051.0,1884,74756,57395980.0,3051.0,12,3050.0,1
rb1805,20170705,20170704,210649000,3051.0,1884,74756,57395980.0,3051.0,12,3050.0,1
rb1805,20170705,20170704,210649500,3050.0,1886,74756,57456980.0,3051.0,12,3049.0,7
rb1805,20170705,20170704,210650000,3050.0,1886,74756,57456980.0,3051.0,11,3050.0,1
rb1805,20170705,20170704,210651500,3050.0,1886,74756,57456980.0,3051.0,11,3050.0,6
rb1805,20170705,20170704,210652000,3050.0,1886,74756,57456980.0,3051.0,11,3050.0,6
rb1805,20170705,20170704,210653000,3050.0,1886,74756,57456980.0,3051.0,11,3050.0,6
rb1805,20170705,20170704,210655500,3050.0,1886,74756,57456980.0,3051.0,11,3050.0,7
rb1805,20170705,20170704,210656000,3050.0,1886,74756,57456980.0,3051.0,11,3050.0,7
rb1805,20170705,20170704,210657000,3050.0,1886,74756,57456980.0,3051.0,11,3050.0,7
rb1805,20170705,20170704,210658000,3050.0,1886,74756,57456980.0,3051.0,11,3050.0,7
rb1805,20170705,20170704,210658500,3050.0,1886,74756,57456980.0,3051.0,11,3050.0,12
rb1805,20170705,20170704,210700000,3050.0,1886,74756,57456980.0,3051.0,11,3050.0,7
rb1805,20170705,20170704,210700500,3050.0,1886,74756,57456980.0,3051.0,12,3050.0,7
rb1805,20170705,20170704,210702500,3050.0,1886,74756,57456980.0,3051.0,12,3050.0,7
rb1805,20170705,20170704,210705000,3050.0,1886,74756,57456980.0,3051.0,11,3050.0,7
rb1805,20170705,20170704,210705500,3051.0,1896,74746,57762080.0,3051.0,6,3050.0,7
rb1805,20170705,20170704,210706000,3052.0,1948,74744,59349000.0,3052.0,12,3050.0,7
rb1805,20170705,20170704,210706500,3052.0,1950,74742,59410040.0,3052.0,11,3050.0,7
rb1805,20170705,20170704,210707000,3052.0,1952,74740,59471080.0,3051.0,1,3050.0,7
rb1805,20170705,20170704,210707500,3055.0,1986,74726,60508900.0,3055.0,29,3051.0,1
rb1805,20170705,20170704,210708000,3055.0,2022,74720,61608320.0,3055.0,21,3051.0,5
rb1805,20170705,20170704,210708500,3055.0,2022,74720,61608320.0,3052.0,3,3051.0,5
rb1805,20170705,20170704,210709000,3055.0,2022,74720,61608320.0,3052.0,3,3051.0,5
rb1805,20170705,20170704,210710000,3055.0,2022,74720,61608320.0,3052.0,3,3050.0,12
rb1805,20170705,20170704,210710500,3055.0,2022,74720,61608320.0,3052.0,3,3050.0,13
rb1805,20170705,20170704,210711000,3055.0,2022,74720,61608320.0,3052.0,3,3050.0,13
rb1805,20170705,20170704,210712500,3055.0,2022,74720,61608320.0,3052.0,3,3050.0,12
rb1805,20170705,20170704,210713000,3052.0,2028,74720,61791440.0,3055.0,20,3050.0,12
rb1805,20170705,20170704,210713500,3054.0,2032,74716,61913600.0,3054.0,1,3050.0,13
rb1805,20170705,20170704,210714000,3054.0,2032,74716,61913600.0,3054.0,3,3051.0,2
rb1805,20170705,20170704,210714500,3054.0,2032,74716,61913600.0,3052.0,3,3051.0,7
rb1805,20170705,20170704,210715000,3054.0,2032,74716,61913600.0,3052.0,3,3051.0,2
rb1805,20170705,20170704,210715500,3052.0,2036,74712,62035680.0,3052.0,1,3051.0,2
rb1805,20170705,20170704,210716000,3052.0,2036,74712,62035680.0,3055.0,20,3051.0,2
rb1805,20170705,20170704,210716500,3052.0,2036,74712,62035680.0,3054.0,3,3051.0,7
rb1805,20170705,20170704,210717000,3052.0,2036,74712,62035680.0,3054.0,2,3051.0,7
rb1805,20170705,20170704,210717500,3052.0,2036,74712,62035680.0,3054.0,2,3052.0,1
rb1805,20170705,20170704,210718000,3052.0,2036,74712,62035680.0,3055.0,21,3052.0,6
rb1805,20170705,20170704,210718500,3052.0,2036,74712,62035680.0,3053.0,1,3052.0,6
rb1805,20170705,20170704,210719000,3052.0,2036,74712,62035680.0,3053.0,1,3052.0,1
rb1805,20170705,20170704,210719500,3052.0,2036,74712,62035680.0,3054.0,12,3052.0,1
rb1805,20170705,20170704,210720000,3052.0,2036,74712,62035680.0,3053.0,1,3052.0,5
rb1805,20170705,20170704,210720500,3053.0,2038,74710,62096740.0,3054.0,13,3053.0,2
rb1805,20170705,20170704,210721000,3053.0,2038,74710,62096740.0,3054.0,1,3052.0,5
rb1805,20170705,20170704,210723000,3054.0,2040,74712,62157820.0,3054.0,1,3052.0,5
rb1805,20170705,20170704,210723500,3054.0,2040,74712,62157820.0,3054.0,1,3051.0,9
rb1805,20170705,20170704,210724000,3054.0,2040,74712,62157820.0,3054.0,3,3052.0,1
rb1805,20170705,20170704,210724500,3054.0,2044,74712,62279980.0,3054.0,1,3052.0,1
rb1805,20170705,20170704,210725000,3054.0,2046,74712,62341060.0,3055.0,21,3053.0,2
rb1805,20170705,20170704,210725500,3054.0,2046,74712,62341060.0,3055.0,21,3053.0,7
rb1805,20170705,20170704,210726000,3054.0,2046,74712,62341060.0,3055.0,21,3053.0,7
rb1805,20170705,20170704,210727000,3055.0,2056,74712,62646560.0,3055.0,16,3053.0,7
rb1805,20170705,20170704,210727500,3052.0,2082,74700,63440220.0,3052.0,267,3051.0,8
rb1805,20170705,20170704,210728000,3052.0,2162,74694,65881820.0,3052.0,227,3051.0,3
rb1805,20170705,20170704,210729000,3052.0,2196,74678,66919500.0,3052.0,210,3051.0,5
rb1805,20170705,20170704,210729500,3052.0,2196,74678,66919500.0,3052.0,211,3051.0,3
rb1805,20170705,20170704,210730500,3052.0,2198,74678,66980540.0,3052.0,210,3051.0,3
rb1805,20170705,20170704,210731500,3052.0,2198,74678,66980540.0,3052.0,210,3051.0,3
rb1805,20170705,20170704,210732000,3052.0,2198,74678,66980540.0,3052.0,209,3051.0,3
rb1805,20170705,20170704,210737000,3052.0,2198,74678,66980540.0,3052.0,209,3051.0,3
rb1805,20170705,20170704,210738000,3051.0,2200,74678,67041560.0,3052.0,209,3051.0,2
rb1805,20170705,20170704,210738500,3051.0,2200,74678,67041560.0,3052.0,209,3051.0,2
rb1805,20170705,20170704,210740000,3052.0,2202,74678,67102600.0,3052.0,208,3051.0,2
rb1805,20170705,20170704,210740500,3052.0,2204,74678,67163640.0,3052.0,207,3051.0,2
rb1805,20170705,20170704,210741000,3052.0,2204,74678,67163640.0,3052.0,207,3051.0,3
rb1805,20170705,20170704,210741500,3052.0,2218,74670,67590920.0,3052.0,200,3051.0,5
rb1805,20170705,20170704,210742000,3052.0,2218,74670,67590920.0,3052.0,200,3051.0,3
rb1805,20170705,20170704,210743000,3052.0,2222,74670,67713000.0,3052.0,198,3051.0,3
rb1805,20170705,20170704,210743500,3052.0,2230,74670,67957160.0,3052.0,194,3051.0,3
rb1805,20170705,20170704,210744000,3052.0,2250,74658,68567560.0,3052.0,184,3051.0,5
rb1805,20170705,20170704,210744500,3052.0,2250,74658,68567560.0,3052.0,184,3051.0,3
rb1805,20170705,20170704,210745500,3052.0,2342,74654,71375400.0,3052.0,138,3051.0,5
rb1805,20170705,20170704,210746000,3052.0,2342,74654,71375400.0,3052.0,138,3051.0,3
rb1805,20170705,20170704,210747000,3052.0,2344,74654,71436440.0,3052.0,137,3051.0,3
rb1805,20170705,20170704,210747500,3052.0,2346,74652,71497480.0,3052.0,137,3051.0,3
rb1805,20170705,20170704,210748500,3052.0,2346,74652,71497480.0,3052.0,137,3051.0,4
rb1805,20170705,20170704,210750000,3052.0,2352,74646,71680600.0,3052.0,133,3051.0,4
rb1805,20170705,20170704,210753500,3052.0,2352,74646,71680600.0,3052.0,134,3051.0,4
rb1805,20170705,20170704,210754000,3052.0,2352,74646,71680600.0,3052.0,134,3051.0,4
rb1805,20170705,20170704,210754500,3052.0,2352,74646,71680600.0,3052.0,134,3051.0,3
rb1805,20170705,20170704,210755000,3052.0,2352,74646,71680600.0,3052.0,134,3051.0,4
rb1805,20170705,20170704,210756000,3052.0,2352,74646,71680600.0,3052.0,134,3051.0,4
rb1805,20170705,20170704,210757000,3052.0,2352,74646,71680600.0,3052.0,134,3051.0,4
rb1805,20170705,20170704,210758000,3052.0,2352,74646,71680600.0,3052.0,135,3051.0,4
rb1805,20170705,20170704,210800500,3052.0,2352,74646,71680600.0,3052.0,134,3051.0,4
rb1805,20170705,20170704,210801000,3052.0,2484,74646,75709240.0,3052.0,68,3051.0,4
rb1805,20170705,20170704,210801500,3052.0,2484,74646,75709240.0,3052.0,68,3051.0,3
rb1805,20170705,20170704,210802000,3052.0,2484,74646,75709240.0,3052.0,68,3051.0,4
rb1805,20170705,20170704,210804000,3051.0,2486,74646,75770260.0,3052.0,68,3051.0,3
rb1805,20170705,20170704,210805000,3052.0,2488,74644,75831300.0,3052.0,67,3051.0,3
rb1805,20170705,20170704,210805500,3052.0,2490,74642,75892340.0,3052.0,66,3051.0,3
rb1805,20170705,20170704,210806500,3052.0,2490,74642,75892340.0,3052.0,66,3051.0,3
rb1805,20170705,20170704,210807000,3052.0,2490,74642,75892340.0,3052.0,67,3051.0,3
rb1805,20170705,20170704,210807500,3051.0,2492,74642,75953360.0,3052.0,67,3051.0,2
rb1805,20170705,20170704,210808000,3051.0,2496,74640,76075400.0,3051.0,28,3050.0,9
rb1805,20170705,20170704,210808500,3051.0,2554,74636,77844980.0,3052.0,72,3051.0,2
rb1805,20170705,20170704,210809000,3052.0,2556,74636,77906020.0,3052.0,71,3051.0,2
rb1805,20170705,20170704,210809500,3052.0,2558,74636,77967060.0,3052.0,70,3051.0,1
rb1805,20170705,20170704,210810500,3052.0,2558,74636,77967060.0,3052.0,65,3050.0,9
rb1805,20170705,20170704,210813000,3052.0,2558,74636,77967060.0,3052.0,70,3050.0,9
rb1805,20170705,20170704,210814000,3052.0,2558,74636,77967060.0,3052.0,70,3050.0,10
rb1805,20170705,20170704,210817500,3052.0,2558,74636,77967060.0,3052.0,70,3050.0,10
rb1805,20170705,20170704,210818000,3052.0,2558,74636,77967060.0,3052.0,69,3050.0,10
rb1805,20170705,20170704,210819500,3052.0,2558,74636,77967060.0,3052.0,69,3051.0,1
rb1805,20170705,20170704,210820000,3051.0,2560,74636,78028080.0,3052.0,69,3050.0,10
rb1805,20170705,20170704,210821000,3051.0,2560,74636,78028080.0,3051.0,5,3050.0,10
rb1805,20170705,20170704,210821500,3051.0,2570,74646,78333180.0,3052.0,69,3051.0,1
rb1805,20170705,20170704,210822000,3051.0,2572,74646,78394200.0,3051.0,2,3050.0,10
rb1805,20170705,20170704,210822500,3051.0,2572,74646,78394200.0,3052.0,65,3051.0,3
rb1805,20170705,20170704,210823000,3051.0,2578,74652,78577260.0,3051.0,4,3050.0,10
rb1805,20170705,20170704,210823500,3051.0,2578,74652,78577260.0,3052.0,65,3051.0,5
rb1805,20170705,20170704,210824000,3051.0,2590,74652,78943380.0,3052.0,65,3051.0,3
rb1805,20170705,20170704,210825000,3051.0,2592,74654,79004400.0,3052.0,65,3051.0,2
rb1805,20170705,20170704,210825500,3051.0,2592,74654,79004400.0,3052.0,70,3051.0,2
rb1805,20170705,20170704,210826000,3051.0,2594,74654,79065420.0,3052.0,70,3050.0,10
rb1805,20170705,20170704,210826500,3051.0,2594,74654,79065420.0,3051.0,2,3050.0,10
rb1805,20170705,20170704,210828000,3051.0,2594,74654,79065420.0,3051.0,2,3050.0,10
rb1805,20170705,20170704,210828500,3051.0,2596,74652,79126440.0,3051.0,1,3050.0,10
rb1805,20170705,20170704,210829500,3050.0,2598,74652,79187440.0,3051.0,1,3050.0,9
rb1805,20170705,20170704,210831500,3050.0,2598,74652,79187440.0,3051.0,1,3050.0,10
rb1805,20170705,20170704,210832000,3050.0,2602,74650,79309460.0,3052.0,70,3050.0,9
rb1805,20170705,20170704,210832500,3050.0,2602,74650,79309460.0,3051.0,1,3050.0,9
rb1805,20170705,20170704,210833000,3051.0,2604,74650,79370480.0,3052.0,70,3050.0,9
rb1805,20170705,20170704,210833500,3051.0,2604,74650,79370480.0,3052.0,65,3050.0,9
rb1805,20170705,20170704,210835000,3050.0,2606,74650,79431480.0,3052.0,65,3050.0,8
rb1805,20170705,20170704,210835500,3052.0,2608,74650,79492520.0,3052.0,64,3050.0,8
rb1805,20170705,20170704,210836000,3052.0,2612,74650,79614560.0,3052.0,63,3050.0,12
rb1805,20170705,20170704,210839000,3052.0,2612,74650,79614560.0,3052.0,63,3050.0,13
rb1805,20170705,20170704,210841500,3052.0,2612,74650,79614560.0,3052.0,63,3050.0,13
rb1805,20170705,20170704,210842500,3050.0,2614,74650,79675560.0,3052.0,63,3050.0,12
rb1805,20170705,20170704,210844000,3050.0,2614,74650,79675560.0,3052.0,63,3050.0,13
rb1805,20170705,20170704,210844500,3050.0,2614,74650,79675560.0,3052.0,63,3051.0,10
rb1805,20170705,20170704,210845500,3050.0,2614,74650,79675560.0,3052.0,63,3051.0,10
rb1805,20170705,20170704,210846000,3050.0,2614,74650,79675560.0,3052.0,63,3051.0,11
rb1805,20170705,20170704,210847000,3051.0,2616,74648,79736580.0,3052.0,63,3051.0,10
rb1805,20170705,20170704,210847500,3051.0,2616,74648,79736580.0,3052.0,63,3051.0,10
rb1805,20170705,20170704,210848500,3051.0,2616,74648,79736580.0,3052.0,63,3051.0,10
rb1805,20170705,20170704,210849500,3051.0,2618,74646,79797600.0,3052.0,63,3051.0,9
rb1805,20170705,20170704,210850500,3051.0,2618,74646,79797600.0,3052.0,63,3051.0,9
rb1805,20170705,20170704,210852000,3051.0,2618,74646,79797600.0,3052.0,63,3051.0,9
rb1805,20170705,20170704,210854000,3051.0,2620,74644,79858620.0,3052.0,63,3051.0,8
rb1805,20170705,20170704,210855000,3051.0,2620,74644,79858620.0,3052.0,63,3051.0,8
rb1805,20170705,20170704,210856500,3051.0,2636,74630,80346780.0,3051.0,92,3050.0,13
rb1805,20170705,20170704,210857000,3051.0,2706,74630,82482480.0,3051.0,57,3050.0,13
rb1805,20170705,20170704,210857500,3051.0,2708,74630,82543500.0,3051.0,56,3050.0,13
rb1805,20170705,20170704,210858000,3051.0,2718,74630,82848600.0,3051.0,51,3050.0,13
rb1805,20170705,20170704,210859000,3051.0,2732,74630,83275740.0,3051.0,44,3050.0,13
rb1805,20170705,20170704,210859500,3051.0,2732,74630,83275740.0,3051.0,44,3050.0,13
rb1805,20170705,20170704,210900500,3051.0,2746,74630,83702880.0,3051.0,37,3050.0,13
rb1805,20170705,20170704,210902000,3051.0,2760,74630,84130020.0,3051.0,30,3050.0,13
rb1805,20170705,20170704,210902500,3051.0,2760,74630,84130020.0,3051.0,30,3050.0,14
rb1805,20170705,20170704,210903500,3051.0,2760,74630,84130020.0,3051.0,30,3050.0,14
rb1805,20170705,20170704,210904500,3051.0,2760,74630,84130020.0,3051.0,30,3050.0,13
rb1805,20170705,20170704,210909000,3051.0,2760,74630,84130020.0,3051.0,30,3050.0,12
rb1805,20170705,20170704,210916000,3051.0,2760,74630,84130020.0,3051.0,30,3050.0,13
rb1805,20170705,20170704,210916500,3051.0,2762,74628,84191040.0,3051.0,29,3050.0,13
rb1805,20170705,20170704,210920000,3051.0,2762,74628,84191040.0,3051.0,29,3050.0,12
rb1805,20170705,20170704,210924000,3051.0,2778,74628,84679200.0,3051.0,21,3050.0,12
rb1805,20170705,20170704,210925000,3051.0,2778,74628,84679200.0,3051.0,21,3050.0,13
rb1805,20170705,20170704,210926500,3051.0,2778,74628,84679200.0,3051.0,22,3050.0,13
rb1805,20170705,20170704,210927500,3051.0,2778,74628,84679200.0,3051.0,22,3050.0,13
rb1805,20170705,20170704,210928000,3051.0,2778,74628,84679200.0,3051.0,22,3050.0,13
rb1805,20170705,20170704,210929000,3051.0,2778,74628,84679200.0,3051.0,22,3050.0,13
rb1805,20170705,20170704,210932500,3051.0,2778,74628,84679200.0,3051.0,22,3050.0,13
rb1805,20170705,20170704,210933000,3051.0,2822,74628,86021640.0,3052.0,63,3050.0,13
rb1805,20170705,20170704,210934500,3050.0,2842,74648,86631640.0,3052.0,63,3050.0,3
rb1805,20170705,20170704,210935000,3050.0,2842,74648,86631640.0,3052.0,63,3050.0,3
rb1805,20170705,20170704,210935500,3050.0,2844,74650,86692640.0,3052.0,63,3050.0,2
rb1805,20170705,20170704,210937000,3050.0,2844,74650,86692640.0,3052.0,63,3051.0,1
rb1805,20170705,20170704,210937500,3050.0,2844,74650,86692640.0,3052.0,63,3051.0,1
rb1805,20170705,20170704,210938500,3050.0,2844,74650,86692640.0,3052.0,63,3051.0,1
rb1805,20170705,20170704,210939000,3051.0,2846,74650,86753660.0,3052.0,63,3050.0,13
rb1805,20170705,20170704,210940000,3051.0,2846,74650,86753660.0,3052.0,63,3050.0,13
rb1805,20170705,20170704,210940500,3051.0,2846,74650,86753660.0,3052.0,63,3050.0,23
rb1805,20170705,20170704,210941500,3051.0,2846,74650,86753660.0,3052.0,63,3051.0,1
rb1805,20170705,20170704,210942500,3051.0,2846,74650,86753660.0,3052.0,63,3051.0,11
rb1805,20170705,20170704,210943000,3051.0,2846,74650,86753660.0,3052.0,63,3051.0,11
rb1805,20170705,20170704,210943500,3051.0,2846,74650,86753660.0,3052.0,63,3051.0,11
rb1805,20170705,20170704,210944000,3051.0,2848,74652,86814680.0,3052.0,63,3051.0,11
rb1805,20170705,20170704,210944500,3051.0,2848,74652,86814680.0,3052.0,63,3051.0,11
rb1805,20170705,20170704,210946500,3051.0,2848,74652,86814680.0,3052.0,63,3051.0,11
rb1805,20170705,20170704,210947000,3051.0,2850,74652,86875700.0,3052.0,63,3051.0,10
rb1805,20170705,20170704,210949500,3051.0,2870,74634,87485900.0,3052.0,63,3050.0,23
rb1805,20170705,20170704,210952500,3051.0,2870,74634,87485900.0,3052.0,63,3050.0,28
rb1805,20170705,20170704,210957500,3051.0,2870,74634,87485900.0,3051.0,1,3050.0,28
rb1805,20170705,20170704,210958000,3051.0,2872,74636,87546920.0,3052.0,63,3051.0,2
rb1805,20170705,20170704,210958500,3051.0,2872,74636,87546920.0,3052.0,63,3050.0,28
rb1805,20170705,20170704,210959000,3051.0,2872,74636,87546920.0,3052.0,63,3050.0,28
rb1805,20170705,20170704,211001000,3051.0,2872,74636,87546920.0,3052.0,63,3050.0,29
rb1805,20170705,20170704,211001500,3052.0,2874,74636,87607960.0,3052.0,62,3050.0,29
rb1805,20170705,20170704,211002000,3052.0,2888,74636,88035240.0,3052.0,55,3050.0,29
rb1805,20170705,20170704,211003500,3052.0,2888,74636,88035240.0,3052.0,55,3050.0,30
rb1805,20170705,20170704,211004000,3051.0,2918,74634,88950820.0,3052.0,41,3051.0,9
rb1805,20170705,20170704,211004500,3051.0,2918,74634,88950820.0,3052.0,41,3050.0,30
rb1805,20170705,20170704,211005000,3051.0,2918,74634,88950820.0,3052.0,41,3051.0,2
rb1805,20170705,20170704,211005500,3051.0,2918,74634,88950820.0,3052.0,41,3051.0,7
rb1805,20170705,20170704,211006000,3052.0,2954,74634,90049540.0,3052.0,23,3051.0,7
rb1805,20170705,20170704,211006500,3052.0,2954,74634,90049540.0,3052.0,23,3051.0,6
rb1805,20170705,20170704,211007500,3052.0,2954,74634,90049540.0,3052.0,23,3051.0,7
rb1805,20170705,20170704,211008000,3052.0,2956,74634,90110580.0,3052.0,22,3051.0,7
rb1805,20170705,20170704,211009000,3052.0,2972,74622,90598820.0,3052.0,18,3051.0,3
rb1805,20170705,20170704,211010000,3052.0,2972,74622,90598820.0,3052.0,18,3051.0,2
rb1805,20170705,20170704,211010500,3052.0,2982,74622,90904020.0,3052.0,13,3051.0,2
rb1805,20170705,20170704,211011000,3052.0,2982,74622,90904020.0,3052.0,13,3051.0,2
rb1805,20170705,20170704,211012000,3052.0,2982,74622,90904020.0,3052.0,13,3051.0,2
rb1805,20170705,20170704,211013500,3052.0,2994,74622,91270260.0,3052.0,7,3051.0,2
rb1805,20170705,20170704,211014000,3052.0,2994,74622,91270260.0,3052.0,7,3051.0,3
rb1805,20170705,20170704,211014500,3052.0,3000,74622,91453380.0,3052.0,4,3051.0,3
rb1805,20170705,20170704,211015000,3052.0,3008,74622,91697540.0,3053.0,1,3052.0,4
rb1805,20170705,20170704,211015500,3052.0,3012,74622,91819620.0,3053.0,1,3052.0,3
rb1805,20170705,20170704,211016000,3052.0,3012,74622,91819620.0,3053.0,1,3052.0,3
rb1805,20170705,20170704,211017000,3052.0,3014,74622,91880660.0,3053.0,1,3052.0,1
rb1805,20170705,20170704,211018000,3052.0,3014,74622,91880660.0,3053.0,1,3052.0,1
rb1805,20170705,20170704,211020500,3052.0,3014,74622,91880660.0,3053.0,1,3052.0,1
rb1805,20170705,20170704,211022000,3052.0,3014,74622,91880660.0,3053.0,1,3052.0,1
rb1805,20170705,20170704,211023000,3052.0,3014,74622,91880660.0,3053.0,1,3052.0,1
rb1805,20170705,20170704,211024500,3052.0,3014,74622,91880660.0,3053.0,1,3052.0,1
rb1805,20170705,20170704,211025500,3052.0,3014,74622,91880660.0,3053.0,1,3052.0,1
rb1805,20170705,20170704,211026000,3053.0,3016,74622,91941720.0,3054.0,1,3052.0,1
rb1805,20170705,20170704,211028000,3053.0,3016,74622,91941720.0,3053.0,2,3052.0,1
rb1805,20170705,20170704,211029000,3053.0,3020,74626,92063840.0,3054.0,1,3053.0,1
rb1805,20170705,20170704,211029500,3053.0,3020,74626,92063840.0,3054.0,1,3053.0,3
rb1805,20170705,20170704,211030000,3054.0,3022,74626,92124920.0,3055.0,38,3053.0,3
rb1805,20170705,20170704,211031500,3054.0,3022,74626,92124920.0,3055.0,38,3053.0,1
rb1805,20170705,20170704,211033000,3054.0,3022,74626,92124920.0,3055.0,38,3053.0,1
rb1805,20170705,20170704,211033500,3055.0,3062,74632,93346920.0,3055.0,13,3053.0,1
rb1805,20170705,20170704,211036500,3055.0,3064,74630,93408020.0,3055.0,13,3053.0,2
rb1805,20170705,20170704,211037500,3055.0,3082,74630,93957920.0,3055.0,4,3053.0,2
rb1805,20170705,20170704,211038500,3055.0,3082,74630,93957920.0,3055.0,4,3054.0,10
rb1805,20170705,20170704,211039000,3056.0,3098,74616,94446800.0,3056.0,5,3055.0,3
rb1805,20170705,20170704,211039500,3056.0,3102,74616,94569020.0,3056.0,4,3055.0,2
rb1805,20170705,20170704,211040000,3056.0,3102,74616,94569020.0,3056.0,4,3055.0,3
rb1805,20170705,20170704,211040500,3056.0,3102,74616,94569020.0,3056.0,4,3055.0,4
rb1805,20170705,20170704,211041000,3056.0,3110,74608,94813500.0,3057.0,3,3056.0,1
rb1805,20170705,20170704,211041500,3056.0,3114,74608,94935740.0,3056.0,5,3055.0,3
rb1805,20170705,20170704,211042000,3056.0,3114,74608,94935740.0,3056.0,2,3055.0,3
rb1805,20170705,20170704,211042500,3056.0,3114,74608,94935740.0,3056.0,2,3055.0,3
rb1805,20170705,20170704,211043000,3056.0,3114,74608,94935740.0,3056.0,2,3055.0,3
rb1805,20170705,20170704,211043500,3056.0,3116,74608,94996860.0,3056.0,1,3055.0,3
rb1805,20170705,20170704,211044000,3056.0,3116,74608,94996860.0,3056.0,1,3055.0,3
rb1805,20170705,20170704,211044500,3056.0,3116,74608,94996860.0,3056.0,1,3055.0,3
rb1805,20170705,20170704,211045000,3056.0,3116,74608,94996860.0,3056.0,1,3055.0,3
rb1805,20170705,20170704,211045500,3055.0,3118,74608,95057960.0,3056.0,6,3055.0,2
rb1805,20170705,20170704,211046000,3055.0,3118,74608,95057960.0,3056.0,6,3055.0,2
rb1805,20170705,20170704,211047000,3055.0,3118,74608,95057960.0,3056.0,6,3055.0,2
rb1805,20170705,20170704,211047500,3055.0,3118,74608,95057960.0,3056.0,6,3055.0,2
rb1805,20170705,20170704,211048500,3055.0,3118,74608,95057960.0,3056.0,6,3055.0,2
rb1805,20170705,20170704,211049000,3055.0,3118,74608,95057960.0,3056.0,6,3055.0,2
rb1805,20170705,20170704,211050500,3055.0,3118,74608,95057960.0,3056.0,1,3055.0,4
rb1805,20170705,20170704,211051000,3055.0,3118,74608,95057960.0,3056.0,1,3055.0,5
rb1805,20170705,20170704,211051500,3055.0,3118,74608,95057960.0,3056.0,2,3055.0,5
rb1805,20170705,20170704,211052000,3056.0,3122,74608,95180200.0,3057.0,5,3056.0,8
rb1805,20170705,20170704,211052500,3056.0,3138,74608,95669160.0,3056.0,5,3055.0,5
rb1805,20170705,20170704,211053000,3055.0,3146,74608,95913560.0,3056.0,12,3052.0,2
rb1805,20170705,20170704,211053500,3055.0,3146,74608,95913560.0,3056.0,12,3052.0,5
rb1805,20170705,20170704,211054000,3055.0,3146,74608,95913560.0,3055.0,1,3052.0,4
rb1805,20170705,20170704,211054500,3055.0,3146,74608,95913560.0,3055.0,6,3052.0,4
rb1805,20170705,20170704,211055000,3055.0,3146,74608,95913560.0,3055.0,5,3052.0,4
rb1805,20170705,20170704,211055500,3055.0,3146,74608,95913560.0,3055.0,5,3053.0,1
rb1805,20170705,20170704,211056000,3055.0,3146,74608,95913560.0,3056.0,6,3053.0,2
rb1805,20170705,20170704,211056500,3055.0,3146,74608,95913560.0,3055.0,2,3053.0,2
rb1805,20170705,20170704,211057000,3055.0,3146,74608,95913560.0,3055.0,2,3053.0,2
rb1805,20170705,20170704,211058000,3055.0,3146,74608,95913560.0,3055.0,4,3053.0,2
rb1805,20170705,20170704,211058500,3055.0,3146,74608,95913560.0,3055.0,4,3053.0,3
rb1805,20170705,20170704,211059000,3055.0,3146,74608,95913560.0,3055.0,2,3053.0,3
rb1805,20170705,20170704,211059500,3055.0,3146,74608,95913560.0,3055.0,3,3053.0,3
rb1805,20170705,20170704,211100000,3055.0,3148,74610,95974660.0,3055.0,2,3053.0,3
rb1805,20170705,20170704,211102000,3055.0,3148,74610,95974660.0,3055.0,2,3053.0,4
rb1805,20170705,20170704,211103000,3055.0,3148,74610,95974660.0,3055.0,2,3053.0,4
rb1805,20170705,20170704,211103500,3055.0,3148,74610,95974660.0,3055.0,2,3053.0,4
rb1805,20170705,20170704,211104000,3055.0,3148,74610,95974660.0,3055.0,3,3053.0,4
rb1805,20170705,20170704,211104500,3053.0,3150,74610,96035720.0,3055.0,3,3053.0,2
rb1805,20170705,20170704,211105500,3053.0,3150,74610,96035720.0,3055.0,3,3053.0,2
rb1805,20170705,20170704,211106500,3055.0,3154,74612,96157920.0,3055.0,1,3053.0,2
rb1805,20170705,20170704,211107000,3055.0,3154,74612,96157920.0,3055.0,1,3053.0,2
rb1805,20170705,20170704,211107500,3055.0,3154,74612,96157920.0,3055.0,1,3053.0,3
rb1805,20170705,20170704,211108000,3055.0,3154,74612,96157920.0,3055.0,1,3053.0,3
rb1805,20170705,20170704,211109000,3055.0,3154,74612,96157920.0,3055.0,1,3053.0,6
rb1805,20170705,20170704,211109500,3055.0,3156,74612,96219020.0,3056.0,15,3053.0,6
rb1805,20170705,20170704,211110000,3055.0,3156,74612,96219020.0,3056.0,17,3054.0,1
rb1805,20170705,20170704,211110500,3055.0,3156,74612,96219020.0,3056.0,17,3053.0,15
rb1805,20170705,20170704,211111000,3055.0,3156,74612,96219020.0,3056.0,15,3054.0,3
rb1805,20170705,20170704,211111500,3055.0,3156,74612,96219020.0,3056.0,17,3054.0,3
rb1805,20170705,20170704,211113000,3055.0,3156,74612,96219020.0,3056.0,17,3054.0,3
rb1805,20170705,20170704,211113500,3055.0,3156,74612,96219020.0,3056.0,17,3054.0,2
rb1805,20170705,20170704,211114000,3055.0,3156,74612,96219020.0,3056.0,17,3054.0,2
rb1805,20170705,20170704,211115000,3055.0,3156,74612,96219020.0,3056.0,17,3054.0,2
rb1805,20170705,20170704,211115500,3055.0,3156,74612,96219020.0,3056.0,17,3054.0,2
rb1805,20170705,20170704,211116500,3056.0,3162,74610,96402380.0,3056.0,14,3054.0,3
rb1805,20170705,20170704,211117000,3056.0,3162,74610,96402380.0,3056.0,14,3054.0,4
rb1805,20170705,20170704,211117500,3056.0,3162,74610,96402380.0,3056.0,14,3054.0,4
rb1805,20170705,20170704,211120000,3056.0,3162,74610,96402380.0,3056.0,14,3054.0,4
rb1805,20170705,20170704,211122500,3056.0,3162,74610,96402380.0,3056.0,14,3054.0,4
rb1805,20170705,20170704,211123000,3056.0,3162,74610,96402380.0,3056.0,14,3054.0,5
rb1805,20170705,20170704,211123500,3056.0,3162,74610,96402380.0,3056.0,14,3054.0,5
rb1805,20170705,20170704,211124500,3056.0,3162,74610,96402380.0,3056.0,14,3054.0,5
rb1805,20170705,20170704,211126000,3056.0,3164,74610,96463500.0,3056.0,13,3054.0,5
rb1805,20170705,20170704,211127000,3056.0,3164,74610,96463500.0,3056.0,13,3054.0,6
rb1805,20170705,20170704,211128000,3056.0,3164,74610,96463500.0,3056.0,13,3054.0,4
rb1805,20170705,20170704,211129000,3056.0,3164,74610,96463500.0,3055.0,1,3054.0,4
rb1805,20170705,20170704,211129500,3056.0,3164,74610,96463500.0,3055.0,1,3054.0,3
rb1805,20170705,20170704,211130500,3056.0,3166,74608,96524620.0,3055.0,2,3054.0,3
rb1805,20170705,20170704,211131500,3056.0,3166,74608,96524620.0,3055.0,2,3054.0,3
rb1805,20170705,20170704,211132500,3056.0,3166,74608,96524620.0,3055.0,2,3054.0,3
rb1805,20170705,20170704,211134500,3055.0,3170,74608,96646820.0,3056.0,62,3054.0,3
rb1805,20170705,20170704,211135500,3055.0,3172,74608,96707920.0,3055.0,5,3054.0,3
rb1805,20170705,20170704,211136000,3055.0,3172,74608,96707920.0,3055.0,11,3054.0,3
rb1805,20170705,20170704,211136500,3055.0,3172,74608,96707920.0,3055.0,11,3054.0,3
rb1805,20170705,20170704,211139000,3055.0,3172,74608,96707920.0,3055.0,11,3054.0,3
rb1805,20170705,20170704,211139500,3055.0,3172,74608,96707920.0,3055.0,11,3054.0,3
rb1805,20170705,20170704,211140000,3054.0,3176,74612,96830080.0,3055.0,11,3054.0,1
rb1805,20170705,20170704,211141500,3054.0,3178,74612,96891160.0,3055.0,11,3053.0,16
rb1805,20170705,20170704,211142000,3054.0,3178,74612,96891160.0,3055.0,16,3054.0,1
rb1805,20170705,20170704,211142500,3055.0,3180,74612,96952260.0,3055.0,15,3054.0,1
rb1805,20170705,20170704,211143500,3055.0,3180,74612,96952260.0,3055.0,17,3054.0,1
rb1805,20170705,20170704,211144000,3054.0,3182,74612,97013340.0,3054.0,1,3053.0,18
rb1805,20170705,20170704,211144500,3054.0,3184,74610,97074420.0,3055.0,12,3053.0,20
rb1805,20170705,20170704,211145000,3055.0,3200,74626,97563220.0,3055.0,5,3053.0,20
rb1805,20170705,20170704,211145500,3055.0,3200,74626,97563220.0,3055.0,5,3054.0,2
rb1805,20170705,20170704,211146000,3055.0,3200,74626,97563220.0,3055.0,5,3054.0,8
rb1805,20170705,20170704,211146500,3055.0,3202,74628,97624320.0,3055.0,4,3054.0,8
rb1805,20170705,20170704,211147000,3055.0,3202,74628,97624320.0,3055.0,4,3054.0,10
rb1805,20170705,20170704,211148000,3055.0,3202,74628,97624320.0,3055.0,4,3054.0,5
rb1805,20170705,20170704,211148500,3055.0,3202,74628,97624320.0,3055.0,4,3054.0,5
rb1805,20170705,20170704,211149000,3055.0,3206,74630,97746520.0,3055.0,2,3054.0,5
rb1805,20170705,20170704,211149500,3055.0,3206,74630,97746520.0,3055.0,2,3054.0,5
rb1805,20170705,20170704,211150000,3055.0,3206,74630,97746520.0,3055.0,2,3054.0,4
rb1805,20170705,20170704,211151000,3054.0,3210,74626,97868680.0,3055.0,2,3054.0,2
rb1805,20170705,20170704,211152000,3054.0,3210,74626,97868680.0,3055.0,2,3054.0,2
rb1805,20170705,20170704,211155000,3054.0,3210,74626,97868680.0,3055.0,2,3054.0,7
rb1805,20170705,20170704,211155500,3055.0,3216,74630,98051980.0,3056.0,61,3055.0,3
rb1805,20170705,20170704,211156000,3055.0,3216,74630,98051980.0,3056.0,60,3054.0,7
rb1805,20170705,20170704,211157500,3055.0,3216,74630,98051980.0,3056.0,60,3054.0,5
rb1805,20170705,20170704,211200000,3055.0,3216,74630,98051980.0,3056.0,61,3054.0,5
rb1805,20170705,20170704,211200500,3055.0,3216,74630,98051980.0,3056.0,66,3054.0,5
rb1805,20170705,20170704,211201000,3054.0,3226,74640,98357380.0,3056.0,66,3053.0,13
rb1805,20170705,20170704,211201500,3054.0,3226,74640,98357380.0,3056.0,67,3053.0,12
rb1805,20170705,20170704,211202000,3054.0,3226,74640,98357380.0,3055.0,3,3053.0,12
rb1805,20170705,20170704,211202500,3054.0,3226,74640,98357380.0,3055.0,2,3053.0,9
rb1805,20170705,20170704,211204000,3053.0,3236,74634,98662680.0,3055.0,2,3053.0,4
rb1805,20170705,20170704,211205000,3053.0,3236,74634,98662680.0,3055.0,2,3053.0,14
rb1805,20170705,20170704,211208500,3053.0,3236,74634,98662680.0,3055.0,2,3053.0,14
rb1805,20170705,20170704,211209500,3053.0,3236,74634,98662680.0,3055.0,2,3053.0,14
rb1805,20170705,20170704,211210000,3053.0,3236,74634,98662680.0,3055.0,2,3053.0,14
rb1805,20170705,20170704,211212500,3053.0,3236,74634,98662680.0,3055.0,2,3053.0,14
rb1805,20170705,20170704,211213500,3053.0,3236,74634,98662680.0,3055.0,2,3053.0,14
rb1805,20170705,20170704,211216000,3053.0,3236,74634,98662680.0,3055.0,2,3053.0,19
rb1805,20170705,20170704,211216500,3053.0,3236,74634,98662680.0,3055.0,8,3053.0,25
rb1805,20170705,20170704,211217000,3053.0,3236,74634,98662680.0,3055.0,8,3053.0,13
rb1805,20170705,20170704,211219000,3053.0,3236,74634,98662680.0,3054.0,2,3053.0,13
rb1805,20170705,20170704,211219500,3053.0,3236,74634,98662680.0,3054.0,2,3053.0,13
rb1805,20170705,20170704,211220000,3053.0,3236,74634,98662680.0,3054.0,2,3053.0,13
rb1805,20170705,20170704,211221000,3054.0,3238,74636,98723760.0,3054.0,1,3053.0,13
rb1805,20170705,20170704,211222000,3053.0,3240,74636,98784820.0,3054.0,1,3053.0,12
rb1805,20170705,20170704,211226500,3053.0,3240,74636,98784820.0,3054.0,1,3053.0,12
rb1805,20170705,20170704,211227000,3053.0,3240,74636,98784820.0,3054.0,2,3053.0,25
rb1805,20170705,20170704,211227500,3054.0,3250,74644,99090220.0,3055.0,6,3054.0,1
rb1805,20170705,20170704,211228000,3054.0,3250,74644,99090220.0,3055.0,1,3054.0,6
rb1805,20170705,20170704,211228500,3054.0,3250,74644,99090220.0,3056.0,66,3054.0,5
rb1805,20170705,20170704,211229000,3054.0,3250,74644,99090220.0,3055.0,1,3054.0,5
rb1805,20170705,20170704,211230000,3054.0,3250,74644,99090220.0,3055.0,2,3054.0,5
rb1805,20170705,20170704,211230500,3054.0,3250,74644,99090220.0,3055.0,2,3054.0,6
rb1805,20170705,20170704,211234000,3054.0,3250,74644,99090220.0,3055.0,2,3054.0,6
rb1805,20170705,20170704,211234500,3055.0,3254,74642,99212420.0,3056.0,61,3054.0,8
rb1805,20170705,20170704,211236500,3055.0,3254,74642,99212420.0,3056.0,61,3054.0,8
rb1805,20170705,20170704,211239500,3055.0,3254,74642,99212420.0,3056.0,61,3054.0,8
rb1805,20170705,20170704,211240500,3055.0,3254,74642,99212420.0,3056.0,61,3055.0,1
rb1805,20170705,20170704,211241000,3055.0,3254,74642,99212420.0,3056.0,62,3055.0,1
rb1805,20170705,20170704,211241500,3055.0,3254,74642,99212420.0,3056.0,63,3055.0,1
rb1805,20170705,20170704,211242000,3055.0,3256,74642,99273520.0,3056.0,63,3054.0,8
rb1805,20170705,20170704,211244500,3055.0,3256,74642,99273520.0,3056.0,63,3054.0,8
rb1805,20170705,20170704,211245500,3055.0,3256,74642,99273520.0,3056.0,63,3054.0,8
rb1805,20170705,20170704,211247000,3055.0,3256,74642,99273520.0,3056.0,63,3054.0,7
rb1805,20170705,20170704,211248000,3055.0,3256,74642,99273520.0,3056.0,63,3054.0,8
rb1805,20170705,20170704,211248500,3055.0,3256,74642,99273520.0,3056.0,63,3054.0,8
rb1805,20170705,20170704,211249000,3055.0,3256,74642,99273520.0,3056.0,63,3054.0,8
rb1805,20170705,20170704,211250500,3055.0,3256,74642,99273520.0,3056.0,69,3054.0,5
rb1805,20170705,20170704,211251000,3055.0,3256,74642,99273520.0,3055.0,2,3054.0,5
rb1805,20170705,20170704,211251500,3055.0,3256,74642,99273520.0,3055.0,2,3054.0,5
rb1805,20170705,20170704,211256000,3055.0,3256,74642,99273520.0,3055.0,2,3054.0,5
rb1805,20170705,20170704,211257500,3055.0,3256,74642,99273520.0,3055.0,7,3054.0,5
rb1805,20170705,20170704,211258000,3055.0,3256,74642,99273520.0,3055.0,8,3054.0,5
rb1805,20170705,20170704,211259500,3055.0,3256,74642,99273520.0,3055.0,8,3054.0,5
rb1805,20170705,20170704,211300500,3055.0,3256,74642,99273520.0,3055.0,2,3054.0,5
rb1805,20170705,20170704,211301000,3054.0,3258,74644,99334600.0,3055.0,2,3054.0,4
rb1805,20170705,20170704,211303500,3054.0,3268,74644,99640000.0,3055.0,2,3053.0,26
rb1805,20170705,20170704,211304500,3054.0,3268,74644,99640000.0,3055.0,2,3053.0,26
rb1805,20170705,20170704,211305500,3054.0,3268,74644,99640000.0,3055.0,2,3053.0,26
rb1805,20170705,20170704,211307500,3055.0,3272,74644,99762200.0,3056.0,69,3053.0,26
rb1805,20170705,20170704,211309000,3055.0,3272,74644,99762200.0,3056.0,69,3055.0,2
rb1805,20170705,20170704,211309500,3055.0,3274,74644,99823300.0,3056.0,63,3055.0,1
rb1805,20170705,20170704,211312000,3055.0,3276,74644,99884400.0,3055.0,10,3053.0,29
rb1805,20170705,20170704,211312500,3055.0,3276,74644,99884400.0,3055.0,10,3054.0,2
rb1805,20170705,20170704,211313500,3055.0,3276,74644,99884400.0,3055.0,10,3054.0,2
rb1805,20170705,20170704,211314000,3055.0,3276,74644,99884400.0,3055.0,10,3054.0,2
rb1805,20170705,20170704,211315000,3055.0,3276,74644,99884400.0,3055.0,11,3054.0,2
rb1805,20170705,20170704,211316500,3055.0,3278,74644,99945500.0,3055.0,10,3054.0,2
rb1805,20170705,20170704,211320500,3055.0,3280,74644,100006600.0,3055.0,9,3054.0,3
rb1805,20170705,20170704,211321500,3055.0,3282,74642,100067700.0,3055.0,8,3054.0,3
rb1805,20170705,20170704,211322000,3055.0,3282,74642,100067700.0,3055.0,8,3054.0,3
rb1805,20170705,20170704,211322500,3055.0,3282,74642,100067700.0,3055.0,8,3054.0,3
rb1805,20170705,20170704,211323500,3055.0,3282,74642,100067700.0,3055.0,8,3054.0,3
rb1805,20170705,20170704,211324000,3055.0,3282,74642,100067700.0,3055.0,8,3054.0,3
rb1805,20170705,20170704,211324500,3055.0,3282,74642,100067700.0,3055.0,8,3054.0,3
rb1805,20170705,20170704,211325000,3055.0,3282,74642,100067700.0,3055.0,8,3054.0,3
rb1805,20170705,20170704,211326000,3055.0,3282,74642,100067700.0,3055.0,8,3054.0,13
rb1805,20170705,20170704,211328000,3055.0,3282,74642,100067700.0,3055.0,8,3054.0,13
rb1805,20170705,20170704,211328500,3055.0,3282,74642,100067700.0,3055.0,8,3054.0,13
rb1805,20170705,20170704,211329000,3055.0,3284,74642,100128800.0,3055.0,7,3054.0,13
rb1805,20170705,20170704,211329500,3055.0,3300,74646,100617600.0,3056.0,63,3055.0,1
rb1805,20170705,20170704,211330000,3055.0,3306,74642,100800900.0,3055.0,1,3054.0,11
rb1805,20170705,20170704,211331500,3055.0,3306,74642,100800900.0,3055.0,1,3054.0,11
rb1805,20170705,20170704,211333000,3055.0,3306,74642,100800900.0,3055.0,1,3054.0,11
rb1805,20170705,20170704,211335500,3055.0,3306,74642,100800900.0,3055.0,1,3054.0,11
rb1805,20170705,20170704,211337000,3055.0,3308,74640,100862000.0,3056.0,63,3054.0,11
rb1805,20170705,20170704,211338500,3054.0,3328,74660,101472800.0,3056.0,63,3054.0,1
rb1805,20170705,20170704,211339000,3054.0,3328,74660,101472800.0,3056.0,65,3054.0,1
rb1805,20170705,20170704,211342000,3054.0,3328,74660,101472800.0,3056.0,71,3054.0,1
rb1805,20170705,20170704,211342500,3054.0,3330,74660,101533880.0,3054.0,2,3053.0,19
rb1805,20170705,20170704,211343000,3054.0,3330,74660,101533880.0,3055.0,11,3053.0,19
rb1805,20170705,20170704,211343500,3054.0,3330,74660,101533880.0,3055.0,21,3053.0,19
rb1805,20170705,20170704,211345500,3054.0,3330,74660,101533880.0,3055.0,21,3053.0,19
rb1805,20170705,20170704,211346000,3054.0,3330,74660,101533880.0,3055.0,22,3053.0,19
rb1805,20170705,20170704,211346500,3054.0,3330,74660,101533880.0,3055.0,27,3053.0,19
rb1805,20170705,20170704,211347500,3054.0,3330,74660,101533880.0,3055.0,27,3053.0,19
rb1805,20170705,20170704,211348000,3054.0,3330,74660,101533880.0,3055.0,27,3053.0,19
rb1805,20170705,20170704,211349000,3054.0,3330,74660,101533880.0,3055.0,27,3053.0,19
rb1805,20170705,20170704,211351000,3054.0,3330,74660,101533880.0,3055.0,27,3053.0,19
rb1805,20170705,20170704,211352500,3054.0,3330,74660,101533880.0,3055.0,27,3053.0,20
rb1805,20170705,20170704,211356500,3054.0,3330,74660,101533880.0,3055.0,17,3053.0,20
rb1805,20170705,20170704,211357000,3054.0,3330,74660,101533880.0,3055.0,17,3054.0,1
rb1805,20170705,20170704,211358000,3054.0,3330,74660,101533880.0,3055.0,18,3054.0,1
rb1805,20170705,20170704,211358500,3054.0,3332,74662,101594960.0,3054.0,2,3053.0,20
rb1805,20170705,20170704,211359000,3054.0,3332,74662,101594960.0,3055.0,18,3053.0,20
rb1805,20170705,20170704,211401500,3054.0,3332,74662,101594960.0,3055.0,17,3053.0,20
rb1805,20170705,20170704,211402000,3054.0,3332,74662,101594960.0,3055.0,12,3053.0,20
rb1805,20170705,20170704,211402500,3054.0,3332,74662,101594960.0,3054.0,10,3053.0,20
rb1805,20170705,20170704,211403000,3054.0,3332,74662,101594960.0,3054.0,10,3053.0,20
rb1805,20170705,20170704,211406000,3054.0,3332,74662,101594960.0,3054.0,15,3053.0,20
rb1805,20170705,20170704,211406500,3054.0,3332,74662,101594960.0,3054.0,15,3053.0,20
rb1805,20170705,20170704,211407000,3054.0,3332,74662,101594960.0,3054.0,10,3053.0,20
rb1805,20170705,20170704,211409500,3053.0,3334,74662,101656020.0,3054.0,10,3053.0,19
rb1805,20170705,20170704,211410500,3053.0,3334,74662,101656020.0,3054.0,15,3053.0,19
rb1805,20170705,20170704,211413500,3053.0,3334,74662,101656020.0,3054.0,10,3053.0,19
rb1805,20170705,20170704,211414500,3053.0,3354,74662,102266620.0,3054.0,10,3053.0,9
rb1805,20170705,20170704,211415000,3053.0,3354,74662,102266620.0,3054.0,10,3053.0,8
rb1805,20170705,20170704,211415500,3053.0,3354,74662,102266620.0,3055.0,12,3053.0,8
rb1805,20170705,20170704,211417000,3053.0,3354,74662,102266620.0,3055.0,12,3053.0,8
rb1805,20170705,20170704,211418000,3053.0,3354,74662,102266620.0,3055.0,2,3053.0,8
rb1805,20170705,20170704,211420500,3053.0,3354,74662,102266620.0,3055.0,7,3053.0,8
rb1805,20170705,20170704,211422000,3053.0,3354,74662,102266620.0,3055.0,7,3053.0,8
rb1805,20170705,20170704,211423500,3053.0,3354,74662,102266620.0,3055.0,7,3053.0,9
rb1805,20170705,20170704,211424000,3053.0,3354,74662,102266620.0,3055.0,7,3053.0,9
rb1805,20170705,20170704,211427500,3053.0,3354,74662,102266620.0,3054.0,5,3053.0,9
rb1805,20170705,20170704,211429000,3053.0,3354,74662,102266620.0,3054.0,6,3053.0,9
rb1805,20170705,20170704,211429500,3053.0,3356,74660,102327680.0,3054.0,6,3053.0,8
rb1805,20170705,20170704,211435000,3053.0,3366,74666,102632980.0,3054.0,6,3053.0,3
rb1805,20170705,20170704,211435500,3053.0,3366,74666,102632980.0,3054.0,6,3053.0,3
rb1805,20170705,20170704,211437000,3053.0,3366,74666,102632980.0,3054.0,6,3053.0,3
rb1805,20170705,20170704,211437500,3053.0,3366,74666,102632980.0,3054.0,11,3053.0,3
rb1805,20170705,20170704,211439500,3053.0,3366,74666,102632980.0,3054.0,6,3053.0,3
rb1805,20170705,20170704,211445500,3053.0,3366,74666,102632980.0,3054.0,11,3053.0,3
rb1805,20170705,20170704,211447500,3053.0,3368,74668,102694040.0,3054.0,11,3053.0,2
rb1805,20170705,20170704,211448000,3053.0,3368,74668,102694040.0,3054.0,11,3053.0,2
rb1805,20170705,20170704,211448500,3053.0,3370,74666,102755100.0,3054.0,11,3053.0,1
rb1805,20170705,20170704,211449000,3053.0,3370,74666,102755100.0,3054.0,11,3053.0,2
rb1805,20170705,20170704,211450500,3053.0,3370,74666,102755100.0,3054.0,11,3053.0,2
rb1805,20170705,20170704,211451000,3053.0,3372,74664,102816160.0,3054.0,11,3053.0,1
rb1805,20170705,20170704,211453000,3053.0,3372,74664,102816160.0,3054.0,10,3053.0,1
rb1805,20170705,20170704,211455000,3053.0,3372,74664,102816160.0,3054.0,10,3052.0,4
rb1805,20170705,20170704,211456500,3053.0,3372,74664,102816160.0,3054.0,10,3052.0,2
rb1805,20170705,20170704,211457000,3053.0,3372,74664,102816160.0,3054.0,10,3052.0,3
rb1805,20170705,20170704,211458000,3054.0,3374,74666,102877240.0,3054.0,9,3052.0,3
rb1805,20170705,20170704,211500500,3054.0,3374,74666,102877240.0,3054.0,9,3052.0,4
rb1805,20170705,20170704,211501000,3054.0,3374,74666,102877240.0,3054.0,9,3052.0,4
rb1805,20170705,20170704,211504500,3054.0,3374,74666,102877240.0,3054.0,9,3052.0,4
rb1805,20170705,20170704,211505500,3054.0,3374,74666,102877240.0,3054.0,9,3052.0,4
rb1805,20170705,20170704,211507500,3054.0,3374,74666,102877240.0,3053.0,1,3052.0,4
rb1805,20170705,20170704,211509500,3054.0,3374,74666,102877240.0,3053.0,1,3052.0,4
rb1805,20170705,20170704,211510000,3053.0,3376,74666,102938300.0,3054.0,9,3053.0,1
rb1805,20170705,20170704,211510500,3053.0,3376,74666,102938300.0,3054.0,9,3052.0,4
rb1805,20170705,20170704,211512500,3053.0,3376,74666,102938300.0,3054.0,9,3053.0,1
rb1805,20170705,20170704,211513000,3053.0,3376,74666,102938300.0,3054.0,9,3053.0,1
rb1805,20170705,20170704,211513500,3053.0,3376,74666,102938300.0,3054.0,4,3053.0,1
rb1805,20170705,20170704,211514000,3053.0,3376,74666,102938300.0,3054.0,4,3053.0,1
rb1805,20170705,20170704,211515500,3053.0,3376,74666,102938300.0,3054.0,4,3053.0,1
rb1805,20170705,20170704,211518500,3053.0,3376,74666,102938300.0,3054.0,4,3053.0,1
rb1805,20170705,20170704,211519500,3053.0,3376,74666,102938300.0,3054.0,4,3053.0,1
rb1805,20170705,20170704,211520000,3053.0,3376,74666,102938300.0,3054.0,9,3053.0,1
rb1805,20170705,20170704,211521500,3053.0,3376,74666,102938300.0,3054.0,9,3053.0,1
rb1805,20170705,20170704,211522500,3053.0,3376,74666,102938300.0,3054.0,4,3053.0,1
rb1805,20170705,20170704,211523500,3053.0,3376,74666,102938300.0,3054.0,4,3053.0,1
rb1805,20170705,20170704,211526500,3053.0,3378,74668,102999360.0,3054.0,4,3052.0,7
rb1805,20170705,20170704,211527000,3053.0,3382,74664,103121480.0,3053.0,48,3052.0,7
rb1805,20170705,20170704,211527500,3053.0,3390,74664,103365720.0,3053.0,44,3052.0,7
rb1805,20170705,20170704,211528000,3053.0,3390,74664,103365720.0,3053.0,44,3052.0,8
rb1805,20170705,20170704,211529000,3053.0,3390,74664,103365720.0,3053.0,44,3052.0,8
rb1805,20170705,20170704,211530500,3053.0,3390,74664,103365720.0,3053.0,45,3052.0,8
rb1805,20170705,20170704,211531000,3052.0,3392,74664,103426760.0,3053.0,45,3052.0,7
rb1805,20170705,20170704,211531500,3052.0,3392,74664,103426760.0,3053.0,45,3052.0,7
rb1805,20170705,20170704,211532000,3052.0,3394,74664,103487800.0,3053.0,45,3052.0,6
rb1805,20170705,20170704,211532500,3052.0,3394,74664,103487800.0,3053.0,45,3052.0,6
rb1805,20170705,20170704,211534000,3052.0,3394,74664,103487800.0,3053.0,45,3052.0,5
rb1805,20170705,20170704,211537000,3052.0,3394,74664,103487800.0,3053.0,45,3052.0,5
rb1805,20170705,20170704,211537500,3052.0,3394,74664,103487800.0,3053.0,48,3052.0,5
rb1805,20170705,20170704,211538000,3052.0,3396,74664,103548840.0,3053.0,48,3052.0,4
rb1805,20170705,20170704,211538500,3052.0,3398,74666,103609880.0,3053.0,48,3052.0,3
rb1805,20170705,20170704,211540000,3052.0,3398,74666,103609880.0,3053.0,48,3052.0,3
rb1805,20170705,20170704,211545000,3052.0,3398,74666,103609880.0,3053.0,48,3052.0,3
rb1805,20170705,20170704,211547500,3052.0,3398,74666,103609880.0,3053.0,48,3052.0,3
rb1805,20170705,20170704,211548000,3053.0,3400,74664,103670940.0,3053.0,47,3052.0,3
rb1805,20170705,20170704,211551000,3053.0,3400,74664,103670940.0,3053.0,47,3052.0,3
rb1805,20170705,20170704,211553000,3053.0,3400,74664,103670940.0,3053.0,44,3052.0,3
rb1805,20170705,20170704,211555000,3053.0,3400,74664,103670940.0,3053.0,44,3052.0,3
rb1805,20170705,20170704,211555500,3052.0,3406,74668,103854060.0,3052.0,2,3051.0,5
rb1805,20170705,20170704,211556000,3052.0,3410,74672,103976140.0,3053.0,44,3052.0,2
rb1805,20170705,20170704,211557000,3053.0,3412,74672,104037200.0,3053.0,43,3052.0,1
rb1805,20170705,20170704,211558000,3053.0,3412,74672,104037200.0,3053.0,43,3051.0,5
rb1805,20170705,20170704,211559000,3053.0,3412,74672,104037200.0,3053.0,43,3052.0,1
rb1805,20170705,20170704,211559500,3053.0,3412,74672,104037200.0,3053.0,42,3052.0,1
rb1805,20170705,20170704,211601000,3053.0,3472,74672,105869000.0,3053.0,12,3052.0,1
rb1805,20170705,20170704,211602500,3053.0,3496,74672,106601720.0,3054.0,2,3053.0,1
rb1805,20170705,20170704,211603000,3053.0,3496,74672,106601720.0,3054.0,2,3053.0,12
rb1805,20170705,20170704,211603500,3054.0,3498,74672,106662800.0,3054.0,1,3053.0,11
rb1805,20170705,20170704,211604000,3054.0,3498,74672,106662800.0,3054.0,1,3053.0,11
rb1805,20170705,20170704,211604500,3054.0,3498,74672,106662800.0,3054.0,1,3053.0,11
rb1805,20170705,20170704,211605000,3054.0,3498,74672,106662800.0,3054.0,1,3052.0,1
rb1805,20170705,20170704,211610500,3054.0,3498,74672,106662800.0,3054.0,1,3052.0,1
rb1805,20170705,20170704,211612000,3052.0,3500,74672,106723840.0,3054.0,1,3051.0,5
rb1805,20170705,20170704,211612500,3052.0,3500,74672,106723840.0,3053.0,1,3052.0,9
rb1805,20170705,20170704,211613000,3052.0,3500,74672,106723840.0,3054.0,1,3053.0,2
rb1805,20170705,20170704,211614000,3054.0,3502,74672,106784920.0,3055.0,8,3053.0,1
rb1805,20170705,20170704,211614500,3054.0,3502,74672,106784920.0,3055.0,8,3053.0,1
rb1805,20170705,20170704,211615000,3054.0,3502,74672,106784920.0,3055.0,8,3052.0,9
rb1805,20170705,20170704,211615500,3054.0,3502,74672,106784920.0,3055.0,8,3053.0,1
rb1805,20170705,20170704,211616000,3054.0,3502,74672,106784920.0,3055.0,8,3052.0,9
rb1805,20170705,20170704,211616500,3054.0,3502,74672,106784920.0,3055.0,8,3053.0,1
rb1805,20170705,20170704,211617000,3054.0,3502,74672,106784920.0,3055.0,8,3052.0,10
rb1805,20170705,20170704,211617500,3054.0,3502,74672,106784920.0,3055.0,8,3053.0,1
rb1805,20170705,20170704,211618000,3054.0,3502,74672,106784920.0,3055.0,8,3052.0,10
rb1805,20170705,20170704,211618500,3054.0,3502,74672,106784920.0,3055.0,8,3053.0,1
rb1805,20170705,20170704,211619000,3054.0,3502,74672,106784920.0,3055.0,8,3052.0,10
rb1805,20170705,20170704,211619500,3054.0,3502,74672,106784920.0,3055.0,8,3053.0,1
rb1805,20170705,20170704,211620000,3054.0,3502,74672,106784920.0,3055.0,8,3052.0,10
rb1805,20170705,20170704,211620500,3055.0,3504,74670,106846020.0,3055.0,2,3052.0,10
rb1805,20170705,20170704,211621000,3055.0,3504,74670,106846020.0,3055.0,2,3053.0,1
rb1805,20170705,20170704,211622000,3055.0,3504,74670,106846020.0,3055.0,2,3053.0,1
rb1805,20170705,20170704,211625500,3055.0,3504,74670,106846020.0,3055.0,2,3053.0,1
rb1805,20170705,20170704,211626000,3055.0,3504,74670,106846020.0,3055.0,2,3054.0,3
rb1805,20170705,20170704,211626500,3055.0,3504,74670,106846020.0,3055.0,2,3054.0,3
rb1805,20170705,20170704,211628000,3055.0,3504,74670,106846020.0,3055.0,2,3054.0,3
rb1805,20170705,20170704,211629000,3055.0,3504,74670,106846020.0,3055.0,4,3054.0,3
rb1805,20170705,20170704,211632000,3055.0,3504,74670,106846020.0,3055.0,4,3054.0,3
rb1805,20170705,20170704,211633000,3055.0,3504,74670,106846020.0,3055.0,4,3054.0,3
rb1805,20170705,20170704,211633500,3054.0,3510,74670,107029260.0,3054.0,4,3053.0,2
rb1805,20170705,20170704,211634000,3054.0,3510,74670,107029260.0,3054.0,5,3053.0,1
rb1805,20170705,20170704,211634500,3054.0,3516,74670,107212500.0,3054.0,2,3053.0,1
rb1805,20170705,20170704,211635000,3054.0,3516,74670,107212500.0,3055.0,4,3053.0,1
rb1805,20170705,20170704,211635500,3054.0,3516,74670,107212500.0,3055.0,9,3053.0,1
rb1805,20170705,20170704,211636000,3054.0,3516,74670,107212500.0,3055.0,9,3052.0,2
rb1805,20170705,20170704,211636500,3054.0,3516,74670,107212500.0,3055.0,9,3053.0,1
rb1805,20170705,20170704,211637000,3054.0,3516,74670,107212500.0,3055.0,9,3052.0,5
rb1805,20170705,20170704,211637500,3054.0,3516,74670,107212500.0,3055.0,9,3053.0,1
rb1805,20170705,20170704,211638000,3054.0,3516,74670,107212500.0,3055.0,9,3052.0,5
rb1805,20170705,20170704,211638500,3054.0,3516,74670,107212500.0,3055.0,9,3053.0,1
rb1805,20170705,20170704,211639000,3054.0,3516,74670,107212500.0,3055.0,9,3052.0,5
rb1805,20170705,20170704,211639500,3054.0,3516,74670,107212500.0,3055.0,9,3053.0,1
rb1805,20170705,20170704,211640000,3054.0,3516,74670,107212500.0,3055.0,9,3052.0,5
rb1805,20170705,20170704,211640500,3054.0,3516,74670,107212500.0,3055.0,9,3053.0,1
rb1805,20170705,20170704,211641000,3054.0,3516,74670,107212500.0,3055.0,9,3052.0,6
rb1805,20170705,20170704,211641500,3054.0,3516,74670,107212500.0,3055.0,9,3053.0,1
rb1805,20170705,20170704,211642000,3054.0,3516,74670,107212500.0,3055.0,4,3053.0,3
rb1805,20170705,20170704,211644500,3054.0,3516,74670,107212500.0,3055.0,4,3053.0,4
rb1805,20170705,20170704,211645500,3053.0,3520,74670,107334620.0,3055.0,4,3053.0,2
rb1805,20170705,20170704,211646000,3053.0,3520,74670,107334620.0,3055.0,5,3053.0,2
rb1805,20170705,20170704,211647500,3053.0,3520,74670,107334620.0,3054.0,1,3053.0,2
rb1805,20170705,20170704,211648000,3054.0,3522,74672,107395700.0,3055.0,5,3054.0,3
rb1805,20170705,20170704,211648500,3055.0,3528,74674,107579000.0,3055.0,2,3054.0,2
rb1805,20170705,20170704,211649000,3055.0,3530,74676,107640100.0,3055.0,1,3054.0,1
rb1805,20170705,20170704,211649500,3055.0,3530,74676,107640100.0,3055.0,1,3054.0,1
rb1805,20170705,20170704,211650000,3055.0,3530,74676,107640100.0,3055.0,1,3053.0,2
rb1805,20170705,20170704,211650500,3055.0,3530,74676,107640100.0,3055.0,1,3054.0,3
rb1805,20170705,20170704,211651500,3055.0,3530,74676,107640100.0,3055.0,1,3054.0,3
rb1805,20170705,20170704,211653000,3055.0,3532,74676,107701200.0,3056.0,74,3054.0,4
rb1805,20170705,20170704,211653500,3055.0,3532,74676,107701200.0,3056.0,69,3054.0,4
rb1805,20170705,20170704,211654500,3055.0,3532,74676,107701200.0,3056.0,69,3055.0,3
rb1805,20170705,20170704,211655000,3055.0,3532,74676,107701200.0,3056.0,69,3055.0,4
rb1805,20170705,20170704,211655500,3056.0,3538,74680,107884560.0,3056.0,66,3055.0,4
rb1805,20170705,20170704,211656000,3056.0,3546,74678,108129040.0,3056.0,62,3055.0,4
rb1805,20170705,20170704,211657000,3056.0,3548,74678,108190160.0,3056.0,61,3055.0,1
rb1805,20170705,20170704,211657500,3056.0,3618,74678,110329360.0,3056.0,26,3055.0,1
rb1805,20170705,20170704,211658000,3056.0,3618,74678,110329360.0,3056.0,26,3055.0,1
rb1805,20170705,20170704,211658500,3056.0,3626,74678,110573840.0,3056.0,22,3055.0,1
rb1805,20170705,20170704,211659000,3058.0,3688,74642,112468760.0,3058.0,8,3056.0,9
rb1805,20170705,20170704,211659500,3058.0,3688,74642,112468760.0,3058.0,8,3056.0,12
rb1805,20170705,20170704,211700000,3058.0,3688,74642,112468760.0,3058.0,13,3056.0,9
rb1805,20170705,20170704,211700500,3058.0,3688,74642,112468760.0,3058.0,13,3056.0,9
rb1805,20170705,20170704,211701000,3058.0,3694,74644,112652240.0,3058.0,10,3055.0,1
rb1805,20170705,20170704,211701500,3058.0,3694,74644,112652240.0,3058.0,10,3056.0,1
rb1805,20170705,20170704,211702000,3058.0,3694,74644,112652240.0,3058.0,10,3056.0,1
rb1805,20170705,20170704,211704000,3058.0,3694,74644,112652240.0,3058.0,10,3056.0,1
rb1805,20170705,20170704,211704500,3058.0,3694,74644,112652240.0,3058.0,5,3056.0,1
rb1805,20170705,20170704,211705500,3058.0,3694,74644,112652240.0,3058.0,5,3056.0,1
rb1805,20170705,20170704,211706000,3058.0,3704,74634,112958040.0,3059.0,10,3058.0,25
rb1805,20170705,20170704,211706500,3059.0,3742,74602,114120100.0,3059.0,7,3058.0,7
rb1805,20170705,20170704,211707000,3059.0,3750,74606,114364820.0,3059.0,5,3058.0,7
rb1805,20170705,20170704,211707500,3059.0,3752,74606,114426000.0,3059.0,4,3058.0,7
rb1805,20170705,20170704,211708000,3058.0,3764,74606,114792960.0,3059.0,5,3058.0,1
rb1805,20170705,20170704,211708500,3058.0,3766,74606,114854120.0,3059.0,5,3056.0,1
rb1805,20170705,20170704,211709000,3058.0,3766,74606,114854120.0,3058.0,3,3056.0,1
rb1805,20170705,20170704,211709500,3058.0,3766,74606,114854120.0,3058.0,3,3056.0,1
rb1805,20170705,20170704,211710000,3058.0,3766,74606,114854120.0,3058.0,3,3056.0,1
rb1805,20170705,20170704,211710500,3058.0,3766,74606,114854120.0,3058.0,3,3056.0,1
rb1805,20170705,20170704,211711000,3058.0,3766,74606,114854120.0,3058.0,3,3056.0,1
rb1805,20170705,20170704,211711500,3058.0,3766,74606,114854120.0,3058.0,3,3056.0,1
rb1805,20170705,20170704,211712500,3058.0,3768,74608,114915280.0,3058.0,2,3056.0,1
rb1805,20170705,20170704,211714000,3058.0,3768,74608,114915280.0,3058.0,7,3056.0,1
rb1805,20170705,20170704,211714500,3058.0,3768,74608,114915280.0,3058.0,7,3056.0,1
rb1805,20170705,20170704,211715000,3058.0,3768,74608,114915280.0,3058.0,2,3056.0,1
rb1805,20170705,20170704,211715500,3058.0,3768,74608,114915280.0,3058.0,2,3056.0,1
rb1805,20170705,20170704,211716000,3056.0,3770,74606,114976400.0,3058.0,2,3056.0,1
rb1805,20170705,20170704,211716500,3056.0,3770,74606,114976400.0,3058.0,7,3056.0,1
rb1805,20170705,20170704,211718000,3056.0,3770,74606,114976400.0,3058.0,7,3056.0,1
rb1805,20170705,20170704,211718500,3058.0,3782,74596,115343360.0,3059.0,8,3057.0,2
rb1805,20170705,20170704,211719000,3057.0,3788,74592,115526780.0,3058.0,1,3056.0,4
rb1805,20170705,20170704,211719500,3058.0,3798,74590,115832580.0,3058.0,1,3056.0,7
rb1805,20170705,20170704,211720000,3058.0,3802,74590,115954900.0,3059.0,2,3058.0,4
rb1805,20170705,20170704,211720500,3059.0,3810,74588,116199640.0,3060.0,10,3059.0,1
rb1805,20170705,20170704,211721000,3060.0,3814,74588,116322040.0,3060.0,8,3059.0,6
rb1805,20170705,20170704,211721500,3059.0,3816,74588,116383220.0,3060.0,8,3059.0,5
rb1805,20170705,20170704,211722000,3060.0,3818,74588,116444420.0,3060.0,7,3059.0,5
rb1805,20170705,20170704,211722500,3060.0,3834,74596,116934020.0,3061.0,2,3060.0,1
rb1805,20170705,20170704,211723000,3060.0,3850,74596,117423620.0,3060.0,26,3057.0,7
rb1805,20170705,20170704,211723500,3060.0,3870,74576,118035620.0,3060.0,16,3058.0,1
rb1805,20170705,20170704,211724000,3060.0,3870,74576,118035620.0,3060.0,21,3057.0,3
rb1805,20170705,20170704,211724500,3060.0,3870,74576,118035620.0,3060.0,21,3058.0,1
rb1805,20170705,20170704,211725000,3060.0,3880,74576,118341620.0,3060.0,11,3057.0,3
rb1805,20170705,20170704,211725500,3060.0,3880,74576,118341620.0,3060.0,11,3058.0,1
rb1805,20170705,20170704,211726000,3060.0,3880,74576,118341620.0,3060.0,16,3057.0,1
rb1805,20170705,20170704,211726500,3060.0,3880,74576,118341620.0,3060.0,16,3058.0,1
rb1805,20170705,20170704,211727000,3060.0,3880,74576,118341620.0,3060.0,16,3057.0,1
rb1805,20170705,20170704,211727500,3060.0,3880,74576,118341620.0,3060.0,11,3058.0,1
rb1805,20170705,20170704,211728000,3060.0,3880,74576,118341620.0,3060.0,11,3059.0,2
rb1805,20170705,20170704,211728500,3059.0,3886,74572,118525160.0,3060.0,11,3058.0,1
rb1805,20170705,20170704,211729000,3060.0,3888,74572,118586360.0,3060.0,10,3057.0,1
rb1805,20170705,20170704,211729500,3060.0,3888,74572,118586360.0,3059.0,2,3058.0,1
rb1805,20170705,20170704,211730000,3059.0,3892,74572,118708720.0,3060.0,10,3059.0,1
rb1805,20170705,20170704,211730500,3060.0,3894,74572,118769920.0,3060.0,9,3059.0,1
rb1805,20170705,20170704,211731000,3060.0,3912,74572,119320720.0,3061.0,2,3060.0,2
rb1805,20170705,20170704,211731500,3060.0,3912,74572,119320720.0,3061.0,2,3060.0,2
rb1805,20170705,20170704,211732000,3061.0,3916,74572,119443160.0,3062.0,10,3058.0,2
rb1805,20170705,20170704,211732500,3061.0,3916,74572,119443160.0,3062.0,15,3058.0,2
rb1805,20170705,20170704,211733000,3061.0,3916,74572,119443160.0,3062.0,15,3061.0,1
rb1805,20170705,20170704,211733500,3062.0,3920,74572,119565620.0,3062.0,6,3061.0,10
rb1805,20170705,20170704,211734000,3062.0,3920,74572,119565620.0,3062.0,6,3061.0,10
rb1805,20170705,20170704,211735000,3062.0,3920,74572,119565620.0,3062.0,6,3061.0,10
rb1805,20170705,20170704,211736000,3062.0,3920,74572,119565620.0,3062.0,6,3060.0,4
rb1805,20170705,20170704,211736500,3062.0,3922,74574,119626860.0,3062.0,5,3060.0,4
rb1805,20170705,20170704,211737500,3062.0,3932,74574,119933060.0,3063.0,29,3062.0,1
rb1805,20170705,20170704,211738000,3062.0,3934,74574,119994300.0,3062.0,3,3060.0,4
rb1805,20170705,20170704,211738500,3062.0,3934,74574,119994300.0,3062.0,2,3060.0,4
