instrument,tradingday,calendarday,time,lastp,volume,openinterest,turnover,ask1,asksz1,bid1,bidsz1
rb1805,20170517,20170516,183315500,2706.0,0,5638,0.0,0.0,0,0.0,0
rb1805,20170517,20170516,205900500,2709.0,10,5646,270900.0,2710.0,1,2703.0,5
rb1805,20170517,20170516,210000500,2709.0,10,5646,270900.0,2709.0,1,2704.0,3
rb1805,20170517,20170516,210001000,2709.0,10,5646,270900.0,2709.0,3,2705.0,1
rb1805,20170517,20170516,210001500,2709.0,10,5646,270900.0,2709.0,3,2705.0,2
rb1805,20170517,20170516,210002000,2709.0,14,5642,379260.0,2709.0,1,2706.0,3
rb1805,20170517,20170516,210002500,2709.0,16,5642,433440.0,2710.0,3,2709.0,1
rb1805,20170517,20170516,210003000,2709.0,16,5642,433440.0,2710.0,3,2707.0,31
rb1805,20170517,20170516,210003500,2710.0,22,5638,596040.0,2714.0,1,2712.0,2
rb1805,20170517,20170516,210004000,2715.0,26,5634,704620.0,2715.0,1,2714.0,1
rb1805,20170517,20170516,210004500,2715.0,28,5634,758920.0,2717.0,2,2712.0,2
rb1805,20170517,20170516,210005000,2715.0,28,5634,758920.0,2717.0,2,2715.0,1
rb1805,20170517,20170516,210005500,2715.0,28,5634,758920.0,2717.0,2,2715.0,2
rb1805,20170517,20170516,210006000,2715.0,28,5634,758920.0,2717.0,2,2715.0,1
rb1805,20170517,20170516,210006500,2717.0,32,5630,867600.0,2719.0,6,2717.0,2
rb1805,20170517,20170516,210007000,2719.0,40,5628,1085120.0,2719.0,3,2712.0,2
rb1805,20170517,20170516,210007500,2719.0,46,5624,1248260.0,2720.0,4,2719.0,2
rb1805,20170517,20170516,210008000,2720.0,50,5622,1357040.0,2720.0,3,2719.0,1
rb1805,20170517,20170516,210008500,2720.0,52,5622,1411440.0,2720.0,2,2712.0,2
rb1805,20170517,20170516,210009000,2720.0,58,5618,1574640.0,2721.0,1,2713.0,31
rb1805,20170517,20170516,210009500,2720.0,58,5618,1574640.0,2715.0,1,2713.0,31
rb1805,20170517,20170516,210010000,2715.0,60,5616,1628940.0,2721.0,1,2712.0,2
rb1805,20170517,20170516,210010500,2715.0,60,5616,1628940.0,2721.0,1,2712.0,2
rb1805,20170517,20170516,210012000,2715.0,60,5616,1628940.0,2720.0,1,2712.0,2
rb1805,20170517,20170516,210013000,2715.0,60,5616,1628940.0,2720.0,1,2712.0,2
rb1805,20170517,20170516,210013500,2715.0,60,5616,1628940.0,2719.0,6,2712.0,2
rb1805,20170517,20170516,210014000,2712.0,62,5614,1683180.0,2720.0,2,2712.0,2
rb1805,20170517,20170516,210015000,2712.0,62,5614,1683180.0,2719.0,6,2712.0,2
rb1805,20170517,20170516,210015500,2712.0,62,5614,1683180.0,2719.0,6,2712.0,2
rb1805,20170517,20170516,210016000,2712.0,62,5614,1683180.0,2719.0,6,2713.0,1
rb1805,20170517,20170516,210016500,2712.0,62,5614,1683180.0,2720.0,2,2713.0,1
rb1805,20170517,20170516,210017000,2712.0,62,5614,1683180.0,2720.0,3,2713.0,1
rb1805,20170517,20170516,210017500,2712.0,62,5614,1683180.0,2719.0,6,2713.0,1
rb1805,20170517,20170516,210018000,2712.0,62,5614,1683180.0,2720.0,3,2713.0,1
rb1805,20170517,20170516,210019500,2712.0,64,5616,1737420.0,2719.0,6,2712.0,2
rb1805,20170517,20170516,210020500,2712.0,64,5616,1737420.0,2719.0,6,2712.0,2
rb1805,20170517,20170516,210021000,2712.0,64,5616,1737420.0,2719.0,6,2713.0,1
rb1805,20170517,20170516,210022500,2712.0,64,5616,1737420.0,2719.0,6,2712.0,2
rb1805,20170517,20170516,210023000,2719.0,66,5616,1791800.0,2719.0,5,2713.0,1
rb1805,20170517,20170516,210023500,2719.0,66,5616,1791800.0,2720.0,4,2713.0,1
rb1805,20170517,20170516,210024000,2719.0,66,5616,1791800.0,2718.0,1,2712.0,2
rb1805,20170517,20170516,210024500,2719.0,66,5616,1791800.0,2718.0,1,2713.0,1
rb1805,20170517,20170516,210025000,2719.0,66,5616,1791800.0,2720.0,3,2712.0,2
rb1805,20170517,20170516,210025500,2719.0,66,5616,1791800.0,2719.0,1,2714.0,1
rb1805,20170517,20170516,210026000,2719.0,66,5616,1791800.0,2718.0,1,2714.0,1
rb1805,20170517,20170516,210026500,2719.0,66,5616,1791800.0,2718.0,1,2712.0,2
rb1805,20170517,20170516,210027500,2719.0,66,5616,1791800.0,2718.0,1,2712.0,2
rb1805,20170517,20170516,210029000,2719.0,66,5616,1791800.0,2718.0,1,2713.0,1
rb1805,20170517,20170516,210029500,2719.0,66,5616,1791800.0,2718.0,1,2712.0,2
rb1805,20170517,20170516,210031000,2719.0,66,5616,1791800.0,2718.0,1,2712.0,2
rb1805,20170517,20170516,210032000,2719.0,66,5616,1791800.0,2718.0,1,2712.0,2
rb1805,20170517,20170516,210033500,2719.0,66,5616,1791800.0,2718.0,1,2712.0,2
rb1805,20170517,20170516,210034000,2719.0,66,5616,1791800.0,2718.0,1,2712.0,2
rb1805,20170517,20170516,210036500,2719.0,66,5616,1791800.0,2718.0,1,2712.0,2
rb1805,20170517,20170516,210038000,2719.0,66,5616,1791800.0,2718.0,1,2712.0,2
rb1805,20170517,20170516,210038500,2719.0,66,5616,1791800.0,2717.0,5,2712.0,2
rb1805,20170517,20170516,210041000,2712.0,68,5616,1846040.0,2717.0,5,2712.0,1
rb1805,20170517,20170516,210042000,2717.0,72,5618,1954620.0,2717.0,4,2712.0,1
rb1805,20170517,20170516,210042500,2717.0,72,5618,1954620.0,2717.0,4,2712.0,1
rb1805,20170517,20170516,210044000,2717.0,72,5618,1954620.0,2717.0,4,2712.0,1
rb1805,20170517,20170516,210045500,2717.0,72,5618,1954620.0,2717.0,4,2712.0,1
rb1805,20170517,20170516,210046000,2717.0,72,5618,1954620.0,2716.0,1,2712.0,1
rb1805,20170517,20170516,210047000,2717.0,72,5618,1954620.0,2716.0,2,2712.0,1
rb1805,20170517,20170516,210048500,2717.0,72,5618,1954620.0,2716.0,2,2712.0,1
rb1805,20170517,20170516,210050500,2717.0,72,5618,1954620.0,2716.0,2,2712.0,1
rb1805,20170517,20170516,210051000,2717.0,72,5618,1954620.0,2716.0,2,2712.0,1
rb1805,20170517,20170516,210053000,2717.0,72,5618,1954620.0,2716.0,2,2712.0,1
rb1805,20170517,20170516,210054500,2717.0,72,5618,1954620.0,2715.0,1,2712.0,1
rb1805,20170517,20170516,210055000,2717.0,72,5618,1954620.0,2715.0,1,2712.0,1
rb1805,20170517,20170516,210055500,2716.0,76,5616,2063260.0,2716.0,2,2712.0,1
rb1805,20170517,20170516,210056000,2712.0,78,5618,2117500.0,2716.0,2,2712.0,1
rb1805,20170517,20170516,210056500,2712.0,78,5618,2117500.0,2716.0,1,2712.0,1
rb1805,20170517,20170516,210058500,2712.0,78,5618,2117500.0,2716.0,1,2710.0,2
rb1805,20170517,20170516,210059000,2712.0,78,5618,2117500.0,2716.0,1,2711.0,1
rb1805,20170517,20170516,210059500,2712.0,78,5618,2117500.0,2716.0,2,2711.0,1
rb1805,20170517,20170516,210101000,2712.0,78,5618,2117500.0,2716.0,2,2711.0,1
rb1805,20170517,20170516,210102000,2712.0,78,5618,2117500.0,2715.0,10,2711.0,1
rb1805,20170517,20170516,210103000,2712.0,78,5618,2117500.0,2715.0,10,2711.0,1
rb1805,20170517,20170516,210104500,2712.0,78,5618,2117500.0,2715.0,10,2711.0,1
rb1805,20170517,20170516,210106000,2712.0,78,5618,2117500.0,2714.0,1,2711.0,1
rb1805,20170517,20170516,210107000,2711.0,80,5618,2171720.0,2714.0,1,2710.0,2
rb1805,20170517,20170516,210107500,2711.0,80,5618,2171720.0,2714.0,1,2710.0,2
rb1805,20170517,20170516,210108000,2711.0,80,5618,2171720.0,2714.0,1,2711.0,1
rb1805,20170517,20170516,210110000,2711.0,82,5620,2225940.0,2714.0,1,2710.0,2
rb1805,20170517,20170516,210111000,2711.0,82,5620,2225940.0,2714.0,1,2711.0,5
rb1805,20170517,20170516,210112500,2711.0,82,5620,2225940.0,2714.0,2,2711.0,5
rb1805,20170517,20170516,210113500,2711.0,84,5622,2280160.0,2714.0,2,2711.0,4
rb1805,20170517,20170516,210115500,2711.0,86,5624,2334380.0,2714.0,2,2711.0,3
rb1805,20170517,20170516,210116000,2711.0,86,5624,2334380.0,2714.0,2,2711.0,3
rb1805,20170517,20170516,210117500,2711.0,86,5624,2334380.0,2714.0,1,2711.0,3
rb1805,20170517,20170516,210118500,2711.0,86,5624,2334380.0,2715.0,10,2711.0,3
rb1805,20170517,20170516,210119000,2711.0,88,5626,2388600.0,2715.0,10,2711.0,2
rb1805,20170517,20170516,210120000,2711.0,88,5626,2388600.0,2715.0,10,2712.0,1
rb1805,20170517,20170516,210120500,2712.0,90,5628,2442840.0,2715.0,10,2711.0,2
rb1805,20170517,20170516,210123000,2712.0,90,5628,2442840.0,2715.0,10,2711.0,2
rb1805,20170517,20170516,210123500,2711.0,92,5630,2497060.0,2715.0,10,2712.0,1
rb1805,20170517,20170516,210128500,2711.0,92,5630,2497060.0,2715.0,10,2712.0,31
rb1805,20170517,20170516,210129000,2711.0,92,5630,2497060.0,2715.0,10,2712.0,31
rb1805,20170517,20170516,210130500,2712.0,112,5630,3039460.0,2715.0,10,2712.0,21
rb1805,20170517,20170516,210131000,2715.0,120,5630,3256660.0,2715.0,6,2712.0,22
rb1805,20170517,20170516,210134500,2715.0,130,5640,3528160.0,2715.0,1,2712.0,22
rb1805,20170517,20170516,210135000,2715.0,132,5642,3582460.0,2714.0,2,2712.0,22
rb1805,20170517,20170516,210135500,2715.0,134,5642,3636760.0,2714.0,1,2712.0,22
rb1805,20170517,20170516,210138500,2715.0,134,5642,3636760.0,2714.0,1,2712.0,23
rb1805,20170517,20170516,210139000,2715.0,134,5642,3636760.0,2714.0,1,2712.0,22
rb1805,20170517,20170516,210140000,2715.0,134,5642,3636760.0,2714.0,1,2712.0,22
rb1805,20170517,20170516,210140500,2714.0,136,5640,3691040.0,2715.0,1,2712.0,23
rb1805,20170517,20170516,210142500,2714.0,136,5640,3691040.0,2715.0,1,2713.0,1
rb1805,20170517,20170516,210145500,2714.0,136,5640,3691040.0,2715.0,1,2713.0,1
rb1805,20170517,20170516,210146000,2714.0,136,5640,3691040.0,2715.0,1,2713.0,1
rb1805,20170517,20170516,210147000,2714.0,136,5640,3691040.0,2715.0,1,2713.0,1
rb1805,20170517,20170516,210147500,2714.0,136,5640,3691040.0,2715.0,1,2714.0,1
rb1805,20170517,20170516,210150000,2714.0,136,5640,3691040.0,2715.0,2,2714.0,1
rb1805,20170517,20170516,210152500,2715.0,138,5642,3745340.0,2715.0,1,2714.0,1
rb1805,20170517,20170516,210154500,2715.0,140,5642,3799640.0,2716.0,1,2714.0,1
rb1805,20170517,20170516,210156000,2715.0,140,5642,3799640.0,2716.0,1,2715.0,1
rb1805,20170517,20170516,210156500,2715.0,140,5642,3799640.0,2716.0,1,2715.0,1
rb1805,20170517,20170516,210157000,2715.0,140,5642,3799640.0,2716.0,1,2715.0,1
rb1805,20170517,20170516,210158000,2715.0,142,5642,3853940.0,2715.0,4,2714.0,6
rb1805,20170517,20170516,210200000,2715.0,142,5642,3853940.0,2715.0,4,2714.0,6
rb1805,20170517,20170516,210203500,2715.0,150,5642,4071140.0,2716.0,1,2715.0,1
rb1805,20170517,20170516,210205500,2715.0,150,5642,4071140.0,2716.0,1,2715.0,1
rb1805,20170517,20170516,210206000,2715.0,150,5642,4071140.0,2716.0,1,2715.0,1
rb1805,20170517,20170516,210206500,2716.0,152,5642,4125460.0,2719.0,9,2715.0,1
rb1805,20170517,20170516,210207000,2716.0,152,5642,4125460.0,2718.0,1,2715.0,1
rb1805,20170517,20170516,210207500,2716.0,152,5642,4125460.0,2716.0,1,2715.0,1
rb1805,20170517,20170516,210208500,2715.0,154,5644,4179760.0,2716.0,1,2714.0,6
rb1805,20170517,20170516,210209000,2716.0,158,5648,4288380.0,2718.0,1,2716.0,3
rb1805,20170517,20170516,210209500,2716.0,158,5648,4288380.0,2718.0,1,2716.0,3
rb1805,20170517,20170516,210211500,2716.0,158,5648,4288380.0,2718.0,21,2716.0,3
rb1805,20170517,20170516,210212500,2716.0,158,5648,4288380.0,2718.0,21,2716.0,3
rb1805,20170517,20170516,210214500,2716.0,158,5648,4288380.0,2717.0,1,2716.0,3
rb1805,20170517,20170516,210215000,2717.0,160,5648,4342720.0,2718.0,21,2716.0,3
rb1805,20170517,20170516,210215500,2716.0,162,5648,4397040.0,2718.0,21,2716.0,2
rb1805,20170517,20170516,210217000,2716.0,162,5648,4397040.0,2718.0,20,2716.0,2
rb1805,20170517,20170516,210222500,2716.0,162,5648,4397040.0,2718.0,21,2716.0,2
rb1805,20170517,20170516,210223500,2716.0,164,5648,4451360.0,2718.0,21,2716.0,1
rb1805,20170517,20170516,210226000,2716.0,164,5648,4451360.0,2717.0,1,2716.0,1
rb1805,20170517,20170516,210226500,2716.0,164,5648,4451360.0,2717.0,1,2716.0,6
rb1805,20170517,20170516,210228000,2716.0,164,5648,4451360.0,2717.0,1,2716.0,6
rb1805,20170517,20170516,210229500,2716.0,164,5648,4451360.0,2717.0,2,2716.0,7
rb1805,20170517,20170516,210230000,2716.0,164,5648,4451360.0,2717.0,2,2716.0,7
rb1805,20170517,20170516,210231000,2716.0,166,5650,4505680.0,2717.0,2,2716.0,6
rb1805,20170517,20170516,210231500,2716.0,166,5650,4505680.0,2717.0,2,2716.0,5
rb1805,20170517,20170516,210234000,2716.0,166,5650,4505680.0,2717.0,2,2716.0,6
rb1805,20170517,20170516,210234500,2716.0,166,5650,4505680.0,2717.0,2,2716.0,5
rb1805,20170517,20170516,210235500,2716.0,166,5650,4505680.0,2717.0,2,2716.0,5
rb1805,20170517,20170516,210236000,2716.0,168,5650,4560000.0,2717.0,2,2716.0,4
rb1805,20170517,20170516,210237500,2717.0,170,5650,4614340.0,2717.0,1,2716.0,4
rb1805,20170517,20170516,210241000,2717.0,172,5650,4668680.0,2718.0,2,2716.0,4
rb1805,20170517,20170516,210243500,2717.0,172,5650,4668680.0,2718.0,3,2716.0,4
rb1805,20170517,20170516,210245000,2717.0,172,5650,4668680.0,2717.0,1,2716.0,4
rb1805,20170517,20170516,210245500,2717.0,172,5650,4668680.0,2717.0,1,2716.0,34
rb1805,20170517,20170516,210246500,2717.0,172,5650,4668680.0,2717.0,1,2716.0,34
rb1805,20170517,20170516,210250000,2717.0,174,5648,4723020.0,2718.0,3,2716.0,34
rb1805,20170517,20170516,210251000,2717.0,174,5648,4723020.0,2718.0,3,2717.0,10
rb1805,20170517,20170516,210253500,2718.0,180,5648,4886100.0,2719.0,9,2717.0,10
rb1805,20170517,20170516,210254000,2718.0,180,5648,4886100.0,2719.0,10,2717.0,10
rb1805,20170517,20170516,210255500,2718.0,180,5648,4886100.0,2719.0,10,2717.0,10
rb1805,20170517,20170516,210256000,2718.0,180,5648,4886100.0,2719.0,10,2717.0,11
rb1805,20170517,20170516,210257500,2718.0,180,5648,4886100.0,2719.0,10,2717.0,11
rb1805,20170517,20170516,210258500,2718.0,180,5648,4886100.0,2719.0,10,2717.0,11
rb1805,20170517,20170516,210259500,2718.0,180,5648,4886100.0,2719.0,9,2717.0,11
rb1805,20170517,20170516,210300000,2718.0,180,5648,4886100.0,2719.0,10,2717.0,11
rb1805,20170517,20170516,210302000,2718.0,180,5648,4886100.0,2719.0,11,2717.0,11
rb1805,20170517,20170516,210303500,2718.0,180,5648,4886100.0,2719.0,11,2717.0,11
rb1805,20170517,20170516,210304500,2718.0,180,5648,4886100.0,2718.0,1,2717.0,11
rb1805,20170517,20170516,210308000,2718.0,180,5648,4886100.0,2718.0,2,2717.0,11
rb1805,20170517,20170516,210311000,2718.0,180,5648,4886100.0,2718.0,1,2717.0,11
rb1805,20170517,20170516,210312500,2718.0,180,5648,4886100.0,2718.0,2,2717.0,11
rb1805,20170517,20170516,210318000,2718.0,180,5648,4886100.0,2718.0,5,2717.0,11
rb1805,20170517,20170516,210322500,2718.0,180,5648,4886100.0,2718.0,5,2717.0,11
rb1805,20170517,20170516,210323500,2717.0,182,5650,4940440.0,2718.0,5,2717.0,10
rb1805,20170517,20170516,210324000,2717.0,190,5652,5157800.0,2718.0,5,2717.0,6
rb1805,20170517,20170516,210325500,2717.0,190,5652,5157800.0,2718.0,5,2717.0,6
rb1805,20170517,20170516,210327000,2717.0,192,5652,5212140.0,2718.0,5,2717.0,5
rb1805,20170517,20170516,210328000,2717.0,194,5652,5266480.0,2718.0,5,2717.0,4
rb1805,20170517,20170516,210330000,2717.0,202,5660,5483840.0,2717.0,17,2716.0,34
rb1805,20170517,20170516,210330500,2717.0,202,5660,5483840.0,2717.0,18,2716.0,34
rb1805,20170517,20170516,210332000,2717.0,204,5662,5538180.0,2717.0,17,2716.0,34
rb1805,20170517,20170516,210332500,2717.0,204,5662,5538180.0,2717.0,16,2716.0,34
rb1805,20170517,20170516,210333500,2717.0,204,5662,5538180.0,2717.0,16,2716.0,34
rb1805,20170517,20170516,210335000,2717.0,204,5662,5538180.0,2717.0,22,2716.0,34
rb1805,20170517,20170516,210335500,2717.0,204,5662,5538180.0,2717.0,23,2716.0,34
rb1805,20170517,20170516,210337500,2717.0,204,5662,5538180.0,2717.0,23,2716.0,34
rb1805,20170517,20170516,210338500,2717.0,204,5662,5538180.0,2717.0,22,2716.0,34
rb1805,20170517,20170516,210340000,2716.0,272,5730,7385060.0,2716.0,6,2714.0,6
rb1805,20170517,20170516,210341000,2716.0,272,5730,7385060.0,2716.0,6,2714.0,6
rb1805,20170517,20170516,210341500,2716.0,272,5730,7385060.0,2716.0,6,2714.0,6
rb1805,20170517,20170516,210343500,2716.0,276,5734,7493700.0,2716.0,4,2714.0,6
rb1805,20170517,20170516,210344000,2716.0,276,5734,7493700.0,2716.0,4,2714.0,5
rb1805,20170517,20170516,210345500,2716.0,276,5734,7493700.0,2715.0,4,2714.0,5
rb1805,20170517,20170516,210346000,2716.0,276,5734,7493700.0,2716.0,5,2714.0,5
rb1805,20170517,20170516,210346500,2716.0,276,5734,7493700.0,2716.0,5,2714.0,5
rb1805,20170517,20170516,210347000,2716.0,276,5734,7493700.0,2715.0,5,2714.0,5
rb1805,20170517,20170516,210347500,2716.0,276,5734,7493700.0,2715.0,6,2714.0,5
rb1805,20170517,20170516,210348000,2714.0,286,5744,7765100.0,2714.0,5,2713.0,1
rb1805,20170517,20170516,210348500,2713.0,288,5744,7819360.0,2714.0,1,2712.0,21
rb1805,20170517,20170516,210349000,2713.0,288,5744,7819360.0,2714.0,1,2712.0,21
rb1805,20170517,20170516,210350500,2713.0,288,5744,7819360.0,2714.0,21,2712.0,21
rb1805,20170517,20170516,210353500,2713.0,288,5744,7819360.0,2714.0,20,2712.0,21
rb1805,20170517,20170516,210355000,2712.0,292,5744,7927840.0,2713.0,1,2712.0,19
rb1805,20170517,20170516,210355500,2712.0,292,5744,7927840.0,2713.0,4,2712.0,19
rb1805,20170517,20170516,210356000,2712.0,294,5746,7982080.0,2713.0,4,2712.0,18
rb1805,20170517,20170516,210357000,2712.0,294,5746,7982080.0,2713.0,4,2712.0,18
rb1805,20170517,20170516,210358000,2712.0,294,5746,7982080.0,2713.0,10,2712.0,18
rb1805,20170517,20170516,210358500,2712.0,294,5746,7982080.0,2713.0,10,2712.0,18
rb1805,20170517,20170516,210359000,2712.0,294,5746,7982080.0,2713.0,10,2712.0,18
rb1805,20170517,20170516,210359500,2712.0,294,5746,7982080.0,2713.0,13,2712.0,18
rb1805,20170517,20170516,210400000,2712.0,330,5782,8958400.0,2712.0,2,2711.0,2
rb1805,20170517,20170516,210400500,2712.0,330,5782,8958400.0,2712.0,2,2711.0,2
rb1805,20170517,20170516,210401500,2712.0,330,5782,8958400.0,2712.0,2,2711.0,3
rb1805,20170517,20170516,210402000,2712.0,330,5782,8958400.0,2712.0,2,2711.0,3
rb1805,20170517,20170516,210403500,2712.0,334,5784,9066860.0,2712.0,1,2711.0,3
rb1805,20170517,20170516,210404000,2712.0,336,5786,9121100.0,2713.0,9,2711.0,3
rb1805,20170517,20170516,210407000,2711.0,338,5784,9175320.0,2713.0,9,2711.0,2
rb1805,20170517,20170516,210408000,2711.0,338,5784,9175320.0,2713.0,9,2711.0,2
rb1805,20170517,20170516,210409500,2713.0,340,5786,9229580.0,2713.0,8,2711.0,2
rb1805,20170517,20170516,210410000,2713.0,340,5786,9229580.0,2713.0,8,2711.0,2
rb1805,20170517,20170516,210413000,2713.0,340,5786,9229580.0,2712.0,1,2711.0,2
rb1805,20170517,20170516,210413500,2712.0,342,5784,9283820.0,2713.0,8,2711.0,2
rb1805,20170517,20170516,210414500,2712.0,342,5784,9283820.0,2713.0,5,2711.0,2
rb1805,20170517,20170516,210415000,2713.0,344,5786,9338080.0,2713.0,4,2712.0,1
rb1805,20170517,20170516,210415500,2713.0,344,5786,9338080.0,2713.0,4,2712.0,1
rb1805,20170517,20170516,210417000,2713.0,344,5786,9338080.0,2713.0,4,2712.0,1
rb1805,20170517,20170516,210417500,2713.0,344,5786,9338080.0,2713.0,4,2712.0,1
rb1805,20170517,20170516,210418000,2712.0,346,5786,9392320.0,2713.0,4,2711.0,3
rb1805,20170517,20170516,210418500,2713.0,348,5786,9446580.0,2713.0,3,2711.0,3
rb1805,20170517,20170516,210419000,2713.0,348,5786,9446580.0,2713.0,3,2712.0,1
rb1805,20170517,20170516,210419500,2713.0,348,5786,9446580.0,2713.0,3,2712.0,1
rb1805,20170517,20170516,210420000,2713.0,348,5786,9446580.0,2713.0,3,2712.0,1
rb1805,20170517,20170516,210421000,2713.0,354,5792,9609360.0,2714.0,20,2713.0,1
rb1805,20170517,20170516,210421500,2713.0,354,5792,9609360.0,2714.0,20,2713.0,1
rb1805,20170517,20170516,210422000,2713.0,354,5792,9609360.0,2714.0,20,2713.0,1
rb1805,20170517,20170516,210422500,2713.0,354,5792,9609360.0,2714.0,20,2713.0,1
rb1805,20170517,20170516,210423500,2713.0,354,5792,9609360.0,2714.0,20,2713.0,1
rb1805,20170517,20170516,210424000,2713.0,354,5792,9609360.0,2714.0,20,2713.0,1
rb1805,20170517,20170516,210426000,2713.0,356,5792,9663620.0,2713.0,2,2712.0,2
rb1805,20170517,20170516,210427500,2713.0,356,5792,9663620.0,2713.0,2,2712.0,1
rb1805,20170517,20170516,210428500,2713.0,356,5792,9663620.0,2713.0,2,2712.0,1
rb1805,20170517,20170516,210430000,2713.0,360,5792,9772140.0,2714.0,20,2712.0,1
rb1805,20170517,20170516,210430500,2713.0,360,5792,9772140.0,2714.0,20,2712.0,1
rb1805,20170517,20170516,210431500,2713.0,360,5792,9772140.0,2714.0,20,2713.0,10
rb1805,20170517,20170516,210432000,2713.0,360,5792,9772140.0,2714.0,20,2713.0,10
rb1805,20170517,20170516,210432500,2713.0,360,5792,9772140.0,2714.0,20,2713.0,10
rb1805,20170517,20170516,210434500,2713.0,360,5792,9772140.0,2714.0,20,2713.0,10
rb1805,20170517,20170516,210436000,2714.0,362,5794,9826420.0,2714.0,19,2713.0,10
rb1805,20170517,20170516,210439500,2713.0,370,5796,10043460.0,2714.0,19,2713.0,6
rb1805,20170517,20170516,210440500,2713.0,376,5796,10206240.0,2714.0,19,2713.0,3
rb1805,20170517,20170516,210441000,2714.0,386,5806,10477640.0,2714.0,14,2713.0,3
rb1805,20170517,20170516,210441500,2714.0,386,5806,10477640.0,2714.0,14,2713.0,3
rb1805,20170517,20170516,210443000,2713.0,388,5808,10531900.0,2714.0,14,2713.0,2
rb1805,20170517,20170516,210443500,2713.0,388,5808,10531900.0,2714.0,14,2713.0,2
rb1805,20170517,20170516,210445000,2714.0,390,5810,10586180.0,2714.0,13,2713.0,2
rb1805,20170517,20170516,210448000,2714.0,390,5810,10586180.0,2714.0,13,2713.0,2
rb1805,20170517,20170516,210449000,2713.0,392,5812,10640440.0,2714.0,13,2713.0,1
rb1805,20170517,20170516,210450000,2713.0,392,5812,10640440.0,2714.0,13,2713.0,1
rb1805,20170517,20170516,210456000,2714.0,394,5814,10694720.0,2714.0,12,2713.0,1
rb1805,20170517,20170516,210458500,2714.0,394,5814,10694720.0,2714.0,12,2713.0,1
rb1805,20170517,20170516,210501000,2714.0,394,5814,10694720.0,2714.0,12,2713.0,1
rb1805,20170517,20170516,210501500,2714.0,394,5814,10694720.0,2714.0,12,2713.0,1
rb1805,20170517,20170516,210502500,2714.0,406,5824,11020400.0,2714.0,6,2713.0,1
rb1805,20170517,20170516,210503000,2714.0,408,5826,11074680.0,2714.0,5,2713.0,1
rb1805,20170517,20170516,210503500,2714.0,410,5828,11128960.0,2714.0,4,2713.0,1
rb1805,20170517,20170516,210504000,2713.0,412,5828,11183220.0,2714.0,4,2712.0,7
rb1805,20170517,20170516,210504500,2713.0,412,5828,11183220.0,2713.0,1,2712.0,8
rb1805,20170517,20170516,210505000,2713.0,412,5828,11183220.0,2713.0,1,2712.0,8
rb1805,20170517,20170516,210510000,2713.0,412,5828,11183220.0,2713.0,1,2712.0,8
rb1805,20170517,20170516,210511000,2713.0,414,5830,11237480.0,2714.0,4,2712.0,8
rb1805,20170517,20170516,210514000,2713.0,414,5830,11237480.0,2713.0,6,2712.0,9
rb1805,20170517,20170516,210516500,2713.0,414,5830,11237480.0,2713.0,6,2712.0,9
rb1805,20170517,20170516,210518500,2713.0,414,5830,11237480.0,2713.0,6,2712.0,9
rb1805,20170517,20170516,210520500,2713.0,414,5830,11237480.0,2713.0,6,2712.0,39
rb1805,20170517,20170516,210523000,2713.0,414,5830,11237480.0,2713.0,6,2712.0,39
rb1805,20170517,20170516,210524500,2713.0,418,5830,11346000.0,2713.0,4,2712.0,39
rb1805,20170517,20170516,210525000,2713.0,418,5830,11346000.0,2713.0,4,2712.0,39
rb1805,20170517,20170516,210529000,2713.0,418,5830,11346000.0,2713.0,4,2712.0,39
rb1805,20170517,20170516,210530500,2713.0,420,5828,11400260.0,2713.0,3,2712.0,39
rb1805,20170517,20170516,210534500,2713.0,422,5828,11454520.0,2713.0,2,2712.0,39
rb1805,20170517,20170516,210535500,2713.0,424,5828,11508780.0,2713.0,1,2712.0,39
rb1805,20170517,20170516,210539000,2713.0,426,5828,11563040.0,2714.0,4,2712.0,39
rb1805,20170517,20170516,210540000,2712.0,428,5828,11617280.0,2714.0,4,2712.0,38
rb1805,20170517,20170516,210541000,2714.0,430,5830,11671560.0,2714.0,3,2712.0,37
rb1805,20170517,20170516,210542000,2714.0,430,5830,11671560.0,2714.0,3,2712.0,37
rb1805,20170517,20170516,210542500,2714.0,430,5830,11671560.0,2714.0,3,2712.0,37
rb1805,20170517,20170516,210544500,2714.0,430,5830,11671560.0,2713.0,4,2712.0,37
rb1805,20170517,20170516,210546500,2714.0,430,5830,11671560.0,2713.0,4,2712.0,38
rb1805,20170517,20170516,210547500,2714.0,430,5830,11671560.0,2713.0,4,2712.0,38
rb1805,20170517,20170516,210549500,2714.0,430,5830,11671560.0,2713.0,4,2712.0,38
rb1805,20170517,20170516,210552500,2714.0,430,5830,11671560.0,2713.0,4,2712.0,38
rb1805,20170517,20170516,210555500,2714.0,430,5830,11671560.0,2713.0,11,2712.0,38
rb1805,20170517,20170516,210558500,2713.0,440,5830,11942860.0,2713.0,6,2712.0,38
rb1805,20170517,20170516,210600500,2713.0,440,5830,11942860.0,2713.0,6,2712.0,38
rb1805,20170517,20170516,210601000,2713.0,448,5830,12159900.0,2713.0,2,2712.0,38
rb1805,20170517,20170516,210603000,2713.0,452,5832,12268420.0,2714.0,3,2712.0,38
rb1805,20170517,20170516,210607500,2713.0,452,5832,12268420.0,2714.0,3,2712.0,37
rb1805,20170517,20170516,210608500,2713.0,452,5832,12268420.0,2714.0,3,2713.0,1
rb1805,20170517,20170516,210609000,2713.0,452,5832,12268420.0,2714.0,3,2713.0,1
rb1805,20170517,20170516,210610000,2713.0,452,5832,12268420.0,2714.0,3,2713.0,1
rb1805,20170517,20170516,210612500,2713.0,452,5832,12268420.0,2714.0,3,2713.0,1
rb1805,20170517,20170516,210616000,2713.0,454,5832,12322680.0,2714.0,3,2712.0,37
rb1805,20170517,20170516,210618500,2713.0,454,5832,12322680.0,2715.0,3,2712.0,36
rb1805,20170517,20170516,210620000,2713.0,454,5832,12322680.0,2714.0,1,2712.0,36
rb1805,20170517,20170516,210623000,2713.0,454,5832,12322680.0,2714.0,1,2712.0,36
rb1805,20170517,20170516,210624000,2713.0,454,5832,12322680.0,2714.0,2,2712.0,36
rb1805,20170517,20170516,210624500,2713.0,454,5832,12322680.0,2714.0,2,2712.0,36
rb1805,20170517,20170516,210626000,2713.0,454,5832,12322680.0,2714.0,2,2712.0,38
rb1805,20170517,20170516,210628500,2713.0,454,5832,12322680.0,2714.0,2,2712.0,38
rb1805,20170517,20170516,210631000,2713.0,454,5832,12322680.0,2714.0,2,2712.0,38
rb1805,20170517,20170516,210633000,2713.0,454,5832,12322680.0,2714.0,2,2712.0,38
rb1805,20170517,20170516,210634000,2713.0,454,5832,12322680.0,2714.0,2,2712.0,38
rb1805,20170517,20170516,210636500,2713.0,454,5832,12322680.0,2714.0,2,2712.0,38
rb1805,20170517,20170516,210641500,2713.0,454,5832,12322680.0,2714.0,2,2712.0,38
rb1805,20170517,20170516,210642500,2714.0,456,5832,12376960.0,2714.0,1,2712.0,38
rb1805,20170517,20170516,210650000,2714.0,458,5832,12431240.0,2715.0,4,2712.0,38
rb1805,20170517,20170516,210653500,2714.0,458,5832,12431240.0,2714.0,11,2712.0,38
rb1805,20170517,20170516,210656000,2712.0,460,5834,12485480.0,2714.0,11,2712.0,37
rb1805,20170517,20170516,210703500,2712.0,462,5834,12539720.0,2713.0,1,2712.0,36
rb1805,20170517,20170516,210704500,2713.0,466,5836,12648240.0,2713.0,19,2712.0,36
rb1805,20170517,20170516,210709000,2713.0,468,5838,12702500.0,2713.0,18,2712.0,36
rb1805,20170517,20170516,210709500,2713.0,468,5838,12702500.0,2713.0,19,2712.0,36
rb1805,20170517,20170516,210710000,2713.0,468,5838,12702500.0,2713.0,19,2712.0,36
rb1805,20170517,20170516,210725500,2712.0,504,5874,13678820.0,2713.0,19,2712.0,18
rb1805,20170517,20170516,210726000,2712.0,506,5874,13733060.0,2713.0,18,2712.0,17
rb1805,20170517,20170516,210727000,2712.0,508,5876,13787300.0,2713.0,18,2712.0,16
rb1805,20170517,20170516,210729000,2712.0,510,5876,13841540.0,2713.0,18,2712.0,15
rb1805,20170517,20170516,210736500,2712.0,510,5876,13841540.0,2713.0,18,2712.0,15
rb1805,20170517,20170516,210737000,2712.0,512,5878,13895780.0,2713.0,18,2712.0,14
rb1805,20170517,20170516,210737500,2712.0,514,5880,13950020.0,2713.0,18,2712.0,13
rb1805,20170517,20170516,210738000,2712.0,526,5892,14275460.0,2713.0,18,2712.0,7
rb1805,20170517,20170516,210739000,2712.0,540,5906,14655140.0,2712.0,13,2711.0,12
rb1805,20170517,20170516,210743000,2711.0,542,5908,14709360.0,2712.0,13,2711.0,11
rb1805,20170517,20170516,210746500,2711.0,544,5910,14763580.0,2712.0,13,2711.0,10
rb1805,20170517,20170516,210747000,2711.0,544,5910,14763580.0,2712.0,13,2711.0,10
rb1805,20170517,20170516,210747500,2711.0,552,5918,14980460.0,2712.0,13,2711.0,6
rb1805,20170517,20170516,210748500,2711.0,554,5920,15034680.0,2712.0,13,2711.0,5
rb1805,20170517,20170516,210756500,2711.0,556,5920,15088900.0,2712.0,13,2711.0,4
rb1805,20170517,20170516,210758000,2711.0,558,5922,15143120.0,2712.0,13,2711.0,3
rb1805,20170517,20170516,210758500,2711.0,560,5924,15197340.0,2712.0,13,2711.0,2
rb1805,20170517,20170516,210759500,2711.0,560,5924,15197340.0,2712.0,13,2711.0,2
rb1805,20170517,20170516,210802000,2711.0,560,5924,15197340.0,2712.0,13,2711.0,2
rb1805,20170517,20170516,210811000,2711.0,560,5924,15197340.0,2712.0,13,2711.0,2
rb1805,20170517,20170516,210815500,2711.0,560,5924,15197340.0,2712.0,13,2711.0,2
rb1805,20170517,20170516,210817000,2711.0,560,5924,15197340.0,2712.0,13,2711.0,2
rb1805,20170517,20170516,210817500,2711.0,562,5924,15251560.0,2712.0,13,2711.0,1
rb1805,20170517,20170516,210820000,2711.0,564,5926,15305780.0,2711.0,4,2710.0,2
rb1805,20170517,20170516,210820500,2710.0,566,5928,15359980.0,2711.0,4,2710.0,1
rb1805,20170517,20170516,210823500,2710.0,566,5928,15359980.0,2711.0,4,2710.0,1
rb1805,20170517,20170516,210829500,2710.0,566,5928,15359980.0,2711.0,4,2710.0,1
rb1805,20170517,20170516,210830000,2710.0,566,5928,15359980.0,2711.0,4,2710.0,2
rb1805,20170517,20170516,210836000,2710.0,566,5928,15359980.0,2712.0,13,2710.0,2
rb1805,20170517,20170516,210837000,2710.0,566,5928,15359980.0,2712.0,13,2711.0,2
rb1805,20170517,20170516,210840500,2710.0,566,5928,15359980.0,2713.0,18,2711.0,2
rb1805,20170517,20170516,210841000,2710.0,566,5928,15359980.0,2713.0,18,2711.0,2
rb1805,20170517,20170516,210846500,2710.0,566,5928,15359980.0,2713.0,18,2712.0,1
rb1805,20170517,20170516,210854000,2710.0,566,5928,15359980.0,2713.0,18,2711.0,2
rb1805,20170517,20170516,210854500,2710.0,566,5928,15359980.0,2713.0,18,2711.0,3
rb1805,20170517,20170516,210855000,2710.0,566,5928,15359980.0,2713.0,18,2711.0,3
rb1805,20170517,20170516,210855500,2710.0,566,5928,15359980.0,2713.0,18,2711.0,3
rb1805,20170517,20170516,210856000,2710.0,566,5928,15359980.0,2713.0,18,2711.0,2
rb1805,20170517,20170516,210857500,2710.0,566,5928,15359980.0,2712.0,1,2711.0,2
rb1805,20170517,20170516,210858500,2710.0,566,5928,15359980.0,2712.0,1,2711.0,3
rb1805,20170517,20170516,210900500,2710.0,566,5928,15359980.0,2712.0,31,2711.0,3
rb1805,20170517,20170516,210902000,2710.0,566,5928,15359980.0,2712.0,31,2711.0,3
rb1805,20170517,20170516,210904000,2712.0,568,5930,15414220.0,2712.0,30,2711.0,3
rb1805,20170517,20170516,210905500,2712.0,570,5930,15468460.0,2712.0,29,2711.0,3
rb1805,20170517,20170516,210907000,2712.0,570,5930,15468460.0,2712.0,29,2711.0,3
rb1805,20170517,20170516,210908500,2711.0,576,5936,15631120.0,2711.0,8,2710.0,1
rb1805,20170517,20170516,210912500,2711.0,576,5936,15631120.0,2711.0,8,2710.0,2
rb1805,20170517,20170516,210914000,2711.0,576,5936,15631120.0,2711.0,8,2710.0,1
rb1805,20170517,20170516,210917500,2711.0,576,5936,15631120.0,2711.0,8,2710.0,1
rb1805,20170517,20170516,210924000,2711.0,576,5936,15631120.0,2711.0,8,2710.0,1
rb1805,20170517,20170516,210927500,2711.0,576,5936,15631120.0,2711.0,8,2710.0,2
rb1805,20170517,20170516,210930000,2711.0,588,5948,15956440.0,2711.0,2,2710.0,2
rb1805,20170517,20170516,210931500,2711.0,590,5948,16010660.0,2711.0,1,2710.0,2
rb1805,20170517,20170516,210932500,2710.0,592,5948,16064860.0,2711.0,1,2710.0,1
rb1805,20170517,20170516,210936000,2710.0,592,5948,16064860.0,2711.0,1,2710.0,6
rb1805,20170517,20170516,210937500,2711.0,594,5950,16119080.0,2712.0,29,2710.0,6
rb1805,20170517,20170516,210938000,2710.0,596,5950,16173280.0,2712.0,29,2710.0,5
rb1805,20170517,20170516,210942500,2710.0,604,5958,16390080.0,2712.0,29,2710.0,1
rb1805,20170517,20170516,210945000,2710.0,604,5958,16390080.0,2711.0,1,2710.0,1
rb1805,20170517,20170516,210946000,2710.0,604,5958,16390080.0,2712.0,29,2710.0,1
rb1805,20170517,20170516,210950500,2710.0,606,5958,16444280.0,2712.0,29,2709.0,21
rb1805,20170517,20170516,210951000,2710.0,606,5958,16444280.0,2712.0,29,2709.0,22
rb1805,20170517,20170516,210952500,2710.0,606,5958,16444280.0,2711.0,1,2709.0,22
rb1805,20170517,20170516,210954000,2710.0,606,5958,16444280.0,2711.0,1,2709.0,21
rb1805,20170517,20170516,210956000,2709.0,608,5960,16498460.0,2711.0,1,2709.0,20
rb1805,20170517,20170516,210958000,2709.0,610,5960,16552640.0,2711.0,1,2709.0,19
rb1805,20170517,20170516,210959500,2709.0,610,5960,16552640.0,2711.0,1,2709.0,19
rb1805,20170517,20170516,211001000,2709.0,648,5998,17582060.0,2709.0,1,2708.0,1
rb1805,20170517,20170516,211001500,2709.0,648,5998,17582060.0,2709.0,11,2708.0,1
rb1805,20170517,20170516,211009000,2709.0,648,5998,17582060.0,2709.0,11,2708.0,2
rb1805,20170517,20170516,211009500,2709.0,648,5998,17582060.0,2709.0,11,2708.0,3
rb1805,20170517,20170516,211012000,2709.0,648,5998,17582060.0,2709.0,11,2708.0,3
rb1805,20170517,20170516,211015000,2708.0,650,6000,17636220.0,2709.0,11,2708.0,2
rb1805,20170517,20170516,211015500,2708.0,650,6000,17636220.0,2709.0,11,2708.0,1
rb1805,20170517,20170516,211016000,2708.0,650,6000,17636220.0,2709.0,11,2708.0,2
rb1805,20170517,20170516,211019500,2708.0,650,6000,17636220.0,2709.0,11,2708.0,3
rb1805,20170517,20170516,211020000,2708.0,654,5998,17744540.0,2709.0,11,2708.0,1
rb1805,20170517,20170516,211030000,2708.0,656,6000,17798700.0,2709.0,11,2706.0,1
rb1805,20170517,20170516,211033500,2708.0,656,6000,17798700.0,2709.0,11,2706.0,2
rb1805,20170517,20170516,211036500,2708.0,656,6000,17798700.0,2709.0,11,2706.0,3
rb1805,20170517,20170516,211038000,2709.0,658,6002,17852880.0,2709.0,10,2706.0,4
rb1805,20170517,20170516,211038500,2709.0,658,6002,17852880.0,2709.0,10,2706.0,4
rb1805,20170517,20170516,211039500,2709.0,658,6002,17852880.0,2708.0,1,2706.0,4
rb1805,20170517,20170516,211044500,2709.0,658,6002,17852880.0,2707.0,4,2706.0,4
rb1805,20170517,20170516,211045000,2706.0,662,6006,17961140.0,2707.0,3,2706.0,3
rb1805,20170517,20170516,211046500,2706.0,662,6006,17961140.0,2707.0,3,2706.0,3
rb1805,20170517,20170516,211051000,2706.0,668,6012,18123500.0,2707.0,3,2705.0,3
rb1805,20170517,20170516,211052000,2706.0,668,6012,18123500.0,2707.0,3,2706.0,1
rb1805,20170517,20170516,211052500,2706.0,668,6012,18123500.0,2706.0,1,2705.0,3
rb1805,20170517,20170516,211058000,2706.0,668,6012,18123500.0,2706.0,1,2705.0,3
rb1805,20170517,20170516,211059000,2706.0,668,6012,18123500.0,2706.0,2,2705.0,3
rb1805,20170517,20170516,211100000,2706.0,668,6012,18123500.0,2706.0,2,2705.0,3
rb1805,20170517,20170516,211100500,2706.0,668,6012,18123500.0,2706.0,2,2705.0,3
rb1805,20170517,20170516,211101500,2706.0,668,6012,18123500.0,2706.0,2,2705.0,3
rb1805,20170517,20170516,211102000,2706.0,668,6012,18123500.0,2706.0,2,2705.0,3
rb1805,20170517,20170516,211104000,2706.0,668,6012,18123500.0,2706.0,2,2705.0,3
rb1805,20170517,20170516,211104500,2706.0,668,6012,18123500.0,2706.0,2,2705.0,3
rb1805,20170517,20170516,211105500,2706.0,670,6012,18177620.0,2706.0,1,2705.0,3
rb1805,20170517,20170516,211106000,2706.0,672,6012,18231740.0,2707.0,3,2705.0,3
rb1805,20170517,20170516,211107000,2706.0,672,6012,18231740.0,2707.0,3,2705.0,3
rb1805,20170517,20170516,211107500,2706.0,672,6012,18231740.0,2707.0,3,2705.0,3
rb1805,20170517,20170516,211111000,2706.0,672,6012,18231740.0,2707.0,3,2705.0,3
rb1805,20170517,20170516,211114500,2706.0,672,6012,18231740.0,2707.0,3,2706.0,1
rb1805,20170517,20170516,211116500,2706.0,672,6012,18231740.0,2707.0,3,2706.0,1
rb1805,20170517,20170516,211117000,2706.0,674,6014,18285860.0,2707.0,3,2705.0,4
rb1805,20170517,20170516,211118000,2706.0,674,6014,18285860.0,2707.0,3,2705.0,5
rb1805,20170517,20170516,211120000,2706.0,674,6014,18285860.0,2707.0,3,2706.0,1
rb1805,20170517,20170516,211122000,2706.0,674,6014,18285860.0,2707.0,3,2706.0,1
rb1805,20170517,20170516,211122500,2706.0,676,6016,18339980.0,2706.0,1,2705.0,6
rb1805,20170517,20170516,211125500,2706.0,678,6018,18394100.0,2707.0,3,2705.0,6
rb1805,20170517,20170516,211127500,2706.0,678,6018,18394100.0,2707.0,3,2706.0,6
rb1805,20170517,20170516,211128000,2705.0,698,6016,18935220.0,2707.0,3,2705.0,2
rb1805,20170517,20170516,211129500,2705.0,698,6016,18935220.0,2707.0,3,2705.0,2
rb1805,20170517,20170516,211131500,2705.0,698,6016,18935220.0,2707.0,3,2705.0,2
rb1805,20170517,20170516,211132500,2705.0,700,6016,18989320.0,2707.0,3,2705.0,1
rb1805,20170517,20170516,211133500,2705.0,702,6016,19043420.0,2707.0,3,2706.0,1
rb1805,20170517,20170516,211134500,2705.0,702,6016,19043420.0,2707.0,3,2706.0,1
rb1805,20170517,20170516,211135500,2706.0,704,6016,19097540.0,2707.0,3,2704.0,2
rb1805,20170517,20170516,211136500,2706.0,704,6016,19097540.0,2707.0,3,2704.0,2
rb1805,20170517,20170516,211137500,2707.0,706,6018,19151680.0,2707.0,2,2704.0,2
rb1805,20170517,20170516,211138000,2707.0,706,6018,19151680.0,2707.0,2,2704.0,2
rb1805,20170517,20170516,211138500,2707.0,706,6018,19151680.0,2707.0,2,2705.0,1
rb1805,20170517,20170516,211140000,2707.0,706,6018,19151680.0,2707.0,2,2704.0,2
rb1805,20170517,20170516,211140500,2707.0,706,6018,19151680.0,2707.0,2,2704.0,3
rb1805,20170517,20170516,211142000,2707.0,706,6018,19151680.0,2707.0,2,2705.0,1
rb1805,20170517,20170516,211142500,2707.0,706,6018,19151680.0,2706.0,50,2705.0,1
rb1805,20170517,20170516,211143500,2707.0,706,6018,19151680.0,2706.0,50,2705.0,1
rb1805,20170517,20170516,211146500,2707.0,706,6018,19151680.0,2706.0,50,2705.0,1
rb1805,20170517,20170516,211149000,2707.0,706,6018,19151680.0,2706.0,50,2705.0,2
rb1805,20170517,20170516,211159500,2706.0,708,6020,19205800.0,2706.0,49,2705.0,2
rb1805,20170517,20170516,211200000,2706.0,708,6020,19205800.0,2706.0,49,2705.0,2
rb1805,20170517,20170516,211205500,2706.0,708,6020,19205800.0,2706.0,49,2705.0,3
rb1805,20170517,20170516,211206000,2706.0,708,6020,19205800.0,2706.0,49,2705.0,2
rb1805,20170517,20170516,211208500,2706.0,710,6022,19259920.0,2706.0,48,2705.0,2
rb1805,20170517,20170516,211214000,2705.0,714,6026,19368120.0,2705.0,3,2704.0,3
rb1805,20170517,20170516,211216000,2705.0,718,6030,19476320.0,2705.0,1,2704.0,3
rb1805,20170517,20170516,211218500,2705.0,720,6032,19530420.0,2706.0,48,2704.0,3
rb1805,20170517,20170516,211224000,2705.0,720,6032,19530420.0,2706.0,48,2704.0,4
rb1805,20170517,20170516,211227500,2705.0,720,6032,19530420.0,2706.0,48,2704.0,4
rb1805,20170517,20170516,211228000,2705.0,720,6032,19530420.0,2706.0,48,2704.0,4
rb1805,20170517,20170516,211232000,2705.0,720,6032,19530420.0,2705.0,2,2704.0,4
rb1805,20170517,20170516,211235000,2705.0,720,6032,19530420.0,2705.0,2,2704.0,5
rb1805,20170517,20170516,211239000,2705.0,722,6034,19584520.0,2705.0,1,2704.0,5
rb1805,20170517,20170516,211240500,2705.0,724,6036,19638620.0,2706.0,48,2704.0,5
rb1805,20170517,20170516,211242500,2705.0,724,6036,19638620.0,2706.0,48,2704.0,5
rb1805,20170517,20170516,211245000,2705.0,724,6036,19638620.0,2706.0,48,2704.0,5
rb1805,20170517,20170516,211245500,2705.0,724,6036,19638620.0,2706.0,48,2705.0,1
rb1805,20170517,20170516,211252500,2705.0,724,6036,19638620.0,2706.0,48,2705.0,2
rb1805,20170517,20170516,211256000,2705.0,724,6036,19638620.0,2706.0,48,2705.0,2
rb1805,20170517,20170516,211258500,2705.0,724,6036,19638620.0,2706.0,48,2705.0,3
rb1805,20170517,20170516,211303000,2706.0,726,6038,19692740.0,2706.0,47,2705.0,3
rb1805,20170517,20170516,211303500,2705.0,728,6040,19746840.0,2706.0,47,2705.0,2
rb1805,20170517,20170516,211306500,2705.0,728,6040,19746840.0,2706.0,47,2705.0,2
rb1805,20170517,20170516,211307000,2705.0,730,6040,19800940.0,2706.0,47,2705.0,2
rb1805,20170517,20170516,211316000,2706.0,732,6042,19855060.0,2706.0,46,2705.0,2
rb1805,20170517,20170516,211318000,2705.0,736,6044,19963260.0,2706.0,46,2704.0,5
rb1805,20170517,20170516,211318500,2705.0,736,6044,19963260.0,2705.0,1,2704.0,5
rb1805,20170517,20170516,211320000,2705.0,736,6044,19963260.0,2705.0,1,2704.0,5
rb1805,20170517,20170516,211320500,2705.0,736,6044,19963260.0,2705.0,2,2704.0,5
rb1805,20170517,20170516,211325500,2705.0,738,6046,20017360.0,2705.0,1,2704.0,5
rb1805,20170517,20170516,211326000,2704.0,740,6048,20071440.0,2705.0,1,2704.0,4
rb1805,20170517,20170516,211328000,2704.0,740,6048,20071440.0,2706.0,46,2704.0,4
rb1805,20170517,20170516,211332000,2704.0,740,6048,20071440.0,2706.0,46,2704.0,4
rb1805,20170517,20170516,211335500,2704.0,740,6048,20071440.0,2706.0,46,2704.0,4
rb1805,20170517,20170516,211345000,2704.0,740,6048,20071440.0,2706.0,46,2704.0,4
rb1805,20170517,20170516,211351000,2704.0,740,6048,20071440.0,2706.0,46,2704.0,4
rb1805,20170517,20170516,211355000,2704.0,740,6048,20071440.0,2706.0,46,2704.0,4
rb1805,20170517,20170516,211359500,2704.0,740,6048,20071440.0,2706.0,46,2704.0,5
rb1805,20170517,20170516,211402500,2704.0,740,6048,20071440.0,2706.0,46,2704.0,35
rb1805,20170517,20170516,211405000,2704.0,740,6048,20071440.0,2706.0,46,2704.0,35
rb1805,20170517,20170516,211405500,2704.0,740,6048,20071440.0,2706.0,46,2704.0,35
rb1805,20170517,20170516,211408500,2704.0,740,6048,20071440.0,2706.0,46,2704.0,36
rb1805,20170517,20170516,211411000,2704.0,740,6048,20071440.0,2706.0,46,2704.0,37
rb1805,20170517,20170516,211415500,2704.0,740,6048,20071440.0,2706.0,46,2705.0,1
rb1805,20170517,20170516,211418000,2706.0,742,6050,20125560.0,2706.0,45,2705.0,1
rb1805,20170517,20170516,211419500,2706.0,742,6050,20125560.0,2706.0,46,2705.0,1
rb1805,20170517,20170516,211421500,2706.0,742,6050,20125560.0,2706.0,46,2705.0,1
rb1805,20170517,20170516,211426000,2706.0,742,6050,20125560.0,2706.0,1,2705.0,1
rb1805,20170517,20170516,211427500,2706.0,742,6050,20125560.0,2706.0,1,2705.0,1
rb1805,20170517,20170516,211429000,2706.0,742,6050,20125560.0,2706.0,1,2705.0,1
rb1805,20170517,20170516,211431000,2706.0,742,6050,20125560.0,2706.0,1,2705.0,1
rb1805,20170517,20170516,211432500,2706.0,742,6050,20125560.0,2706.0,1,2705.0,1
rb1805,20170517,20170516,211433000,2706.0,742,6050,20125560.0,2706.0,1,2705.0,1
rb1805,20170517,20170516,211435000,2706.0,742,6050,20125560.0,2706.0,1,2704.0,37
rb1805,20170517,20170516,211435500,2706.0,744,6050,20179680.0,2708.0,1,2704.0,37
rb1805,20170517,20170516,211436000,2706.0,744,6050,20179680.0,2708.0,2,2704.0,37
rb1805,20170517,20170516,211438000,2706.0,744,6050,20179680.0,2708.0,2,2705.0,1
rb1805,20170517,20170516,211438500,2705.0,746,6050,20233780.0,2708.0,2,2704.0,37
rb1805,20170517,20170516,211441500,2705.0,746,6050,20233780.0,2708.0,2,2704.0,37
rb1805,20170517,20170516,211442000,2705.0,746,6050,20233780.0,2708.0,1,2704.0,37
rb1805,20170517,20170516,211444000,2708.0,748,6052,20287940.0,2709.0,2,2708.0,1
rb1805,20170517,20170516,211444500,2708.0,750,6054,20342100.0,2709.0,3,2704.0,37
rb1805,20170517,20170516,211445000,2708.0,750,6054,20342100.0,2709.0,2,2705.0,1
rb1805,20170517,20170516,211445500,2708.0,750,6054,20342100.0,2709.0,2,2705.0,1
rb1805,20170517,20170516,211447000,2708.0,750,6054,20342100.0,2709.0,2,2705.0,1
rb1805,20170517,20170516,211449000,2708.0,750,6054,20342100.0,2709.0,2,2705.0,2
rb1805,20170517,20170516,211449500,2708.0,750,6054,20342100.0,2709.0,2,2705.0,2
rb1805,20170517,20170516,211453500,2708.0,750,6054,20342100.0,2709.0,3,2705.0,2
rb1805,20170517,20170516,211454500,2708.0,750,6054,20342100.0,2708.0,1,2705.0,2
rb1805,20170517,20170516,211457500,2708.0,750,6054,20342100.0,2708.0,1,2705.0,2
rb1805,20170517,20170516,211459000,2708.0,750,6054,20342100.0,2708.0,1,2705.0,2
rb1805,20170517,20170516,211501000,2708.0,750,6054,20342100.0,2708.0,1,2705.0,2
rb1805,20170517,20170516,211511000,2708.0,752,6056,20396260.0,2709.0,6,2705.0,2
rb1805,20170517,20170516,211513500,2708.0,752,6056,20396260.0,2709.0,6,2705.0,2
rb1805,20170517,20170516,211515000,2708.0,752,6056,20396260.0,2709.0,6,2705.0,2
rb1805,20170517,20170516,211517000,2708.0,752,6056,20396260.0,2709.0,6,2705.0,2
rb1805,20170517,20170516,211518000,2708.0,752,6056,20396260.0,2709.0,6,2705.0,32
rb1805,20170517,20170516,211519000,2708.0,752,6056,20396260.0,2709.0,6,2705.0,33
rb1805,20170517,20170516,211520000,2708.0,752,6056,20396260.0,2709.0,6,2705.0,32
rb1805,20170517,20170516,211520500,2708.0,752,6056,20396260.0,2709.0,6,2705.0,33
rb1805,20170517,20170516,211521000,2708.0,752,6056,20396260.0,2709.0,6,2705.0,32
rb1805,20170517,20170516,211525000,2708.0,752,6056,20396260.0,2709.0,6,2705.0,32
rb1805,20170517,20170516,211526500,2708.0,752,6056,20396260.0,2709.0,6,2705.0,33
rb1805,20170517,20170516,211534000,2708.0,752,6056,20396260.0,2709.0,6,2705.0,33
rb1805,20170517,20170516,211535500,2708.0,752,6056,20396260.0,2709.0,6,2705.0,33
rb1805,20170517,20170516,211536000,2705.0,754,6056,20450360.0,2709.0,6,2705.0,32
rb1805,20170517,20170516,211536500,2705.0,754,6056,20450360.0,2709.0,6,2706.0,1
rb1805,20170517,20170516,211538000,2705.0,754,6056,20450360.0,2708.0,1,2706.0,1
rb1805,20170517,20170516,211538500,2705.0,754,6056,20450360.0,2708.0,1,2706.0,1
rb1805,20170517,20170516,211539500,2708.0,756,6056,20504520.0,2709.0,6,2706.0,1
rb1805,20170517,20170516,211542000,2706.0,758,6058,20558640.0,2709.0,7,2705.0,31
rb1805,20170517,20170516,211542500,2706.0,758,6058,20558640.0,2709.0,6,2705.0,31
rb1805,20170517,20170516,211544000,2706.0,758,6058,20558640.0,2709.0,6,2705.0,31
rb1805,20170517,20170516,211544500,2706.0,758,6058,20558640.0,2709.0,6,2706.0,2
rb1805,20170517,20170516,211545000,2709.0,770,6058,20883720.0,2710.0,1,2709.0,3
rb1805,20170517,20170516,211545500,2709.0,776,6064,21046260.0,2710.0,2,2706.0,2
rb1805,20170517,20170516,211546000,2709.0,776,6064,21046260.0,2710.0,1,2706.0,3
rb1805,20170517,20170516,211552500,2709.0,776,6064,21046260.0,2710.0,1,2706.0,4
rb1805,20170517,20170516,211554000,2709.0,776,6064,21046260.0,2710.0,1,2707.0,1
rb1805,20170517,20170516,211554500,2707.0,778,6066,21100400.0,2710.0,1,2706.0,4
rb1805,20170517,20170516,211555000,2707.0,778,6066,21100400.0,2710.0,2,2706.0,4
rb1805,20170517,20170516,211557500,2707.0,778,6066,21100400.0,2710.0,2,2706.0,5
rb1805,20170517,20170516,211558500,2707.0,778,6066,21100400.0,2710.0,2,2706.0,5
rb1805,20170517,20170516,211559000,2707.0,778,6066,21100400.0,2710.0,2,2707.0,1
rb1805,20170517,20170516,211559500,2707.0,780,6068,21154540.0,2710.0,2,2706.0,5
rb1805,20170517,20170516,211600000,2707.0,780,6068,21154540.0,2710.0,2,2708.0,8
rb1805,20170517,20170516,211600500,2708.0,784,6072,21262860.0,2710.0,2,2708.0,6
rb1805,20170517,20170516,211605500,2710.0,786,6072,21317060.0,2710.0,1,2708.0,6
rb1805,20170517,20170516,211606000,2710.0,786,6072,21317060.0,2711.0,2,2708.0,6
rb1805,20170517,20170516,211606500,2710.0,786,6072,21317060.0,2711.0,3,2708.0,6
rb1805,20170517,20170516,211607000,2710.0,786,6072,21317060.0,2709.0,1,2708.0,6
rb1805,20170517,20170516,211608000,2710.0,786,6072,21317060.0,2710.0,2,2708.0,6
rb1805,20170517,20170516,211608500,2710.0,788,6074,21371260.0,2710.0,1,2708.0,6
rb1805,20170517,20170516,211610500,2710.0,788,6074,21371260.0,2710.0,1,2708.0,6
rb1805,20170517,20170516,211614000,2710.0,788,6074,21371260.0,2710.0,2,2708.0,6
rb1805,20170517,20170516,211615000,2710.0,788,6074,21371260.0,2710.0,2,2708.0,6
rb1805,20170517,20170516,211616500,2710.0,790,6074,21425460.0,2710.0,1,2708.0,6
rb1805,20170517,20170516,211618000,2710.0,790,6074,21425460.0,2710.0,1,2708.0,6
rb1805,20170517,20170516,211623000,2710.0,790,6074,21425460.0,2710.0,1,2708.0,6
rb1805,20170517,20170516,211624000,2708.0,792,6076,21479620.0,2710.0,1,2708.0,5
rb1805,20170517,20170516,211631500,2710.0,794,6076,21533820.0,2711.0,3,2710.0,29
rb1805,20170517,20170516,211632000,2708.0,860,6142,23322260.0,2710.0,1,2708.0,1
rb1805,20170517,20170516,211632500,2708.0,860,6142,23322260.0,2711.0,3,2708.0,1
rb1805,20170517,20170516,211634000,2708.0,860,6142,23322260.0,2711.0,3,2708.0,1
rb1805,20170517,20170516,211635000,2708.0,860,6142,23322260.0,2711.0,3,2708.0,2
rb1805,20170517,20170516,211636000,2708.0,862,6144,23376420.0,2711.0,3,2708.0,1
rb1805,20170517,20170516,211636500,2708.0,864,6146,23430580.0,2710.0,3,2707.0,1
rb1805,20170517,20170516,211637000,2708.0,864,6146,23430580.0,2710.0,8,2707.0,1
rb1805,20170517,20170516,211639000,2707.0,866,6148,23484720.0,2710.0,8,2706.0,4
rb1805,20170517,20170516,211640000,2707.0,866,6148,23484720.0,2710.0,9,2706.0,4
rb1805,20170517,20170516,211641500,2707.0,866,6148,23484720.0,2710.0,11,2706.0,4
rb1805,20170517,20170516,211642000,2707.0,866,6148,23484720.0,2710.0,11,2706.0,4
rb1805,20170517,20170516,211643000,2707.0,866,6148,23484720.0,2709.0,1,2706.0,4
rb1805,20170517,20170516,211646000,2707.0,866,6148,23484720.0,2709.0,1,2706.0,4
rb1805,20170517,20170516,211652500,2707.0,866,6148,23484720.0,2709.0,1,2707.0,1
rb1805,20170517,20170516,211653000,2707.0,868,6148,23538860.0,2709.0,1,2706.0,4
rb1805,20170517,20170516,211653500,2707.0,868,6148,23538860.0,2709.0,1,2706.0,4
rb1805,20170517,20170516,211656000,2707.0,868,6148,23538860.0,2708.0,12,2706.0,4
rb1805,20170517,20170516,211656500,2707.0,868,6148,23538860.0,2708.0,12,2706.0,5
rb1805,20170517,20170516,211705500,2706.0,870,6150,23592980.0,2708.0,12,2706.0,4
rb1805,20170517,20170516,211706000,2706.0,878,6158,23809460.0,2708.0,12,2705.0,30
rb1805,20170517,20170516,211706500,2706.0,878,6158,23809460.0,2707.0,1,2705.0,30
rb1805,20170517,20170516,211707000,2706.0,878,6158,23809460.0,2707.0,1,2705.0,30
rb1805,20170517,20170516,211710500,2706.0,878,6158,23809460.0,2707.0,1,2705.0,30
rb1805,20170517,20170516,211711000,2706.0,878,6158,23809460.0,2707.0,1,2705.0,30
rb1805,20170517,20170516,211717500,2707.0,880,6160,23863600.0,2708.0,12,2705.0,30
rb1805,20170517,20170516,211719000,2707.0,880,6160,23863600.0,2708.0,12,2705.0,30
rb1805,20170517,20170516,211719500,2707.0,880,6160,23863600.0,2708.0,12,2706.0,1
rb1805,20170517,20170516,211721500,2707.0,880,6160,23863600.0,2707.0,4,2706.0,1
rb1805,20170517,20170516,211723500,2706.0,882,6158,23917720.0,2706.0,1,2705.0,30
rb1805,20170517,20170516,211728500,2706.0,882,6158,23917720.0,2706.0,1,2705.0,30
rb1805,20170517,20170516,211729500,2706.0,882,6158,23917720.0,2706.0,1,2705.0,31
rb1805,20170517,20170516,211733000,2706.0,884,6158,23971840.0,2707.0,4,2706.0,1
rb1805,20170517,20170516,211733500,2705.0,944,6218,25594860.0,2707.0,4,2705.0,1
rb1805,20170517,20170516,211737000,2705.0,944,6218,25594860.0,2707.0,4,2705.0,2
rb1805,20170517,20170516,211739000,2705.0,944,6218,25594860.0,2707.0,4,2705.0,2
rb1805,20170517,20170516,211743000,2705.0,944,6218,25594860.0,2707.0,4,2705.0,2
rb1805,20170517,20170516,211744500,2705.0,944,6218,25594860.0,2707.0,4,2705.0,3
rb1805,20170517,20170516,211748500,2705.0,944,6218,25594860.0,2707.0,4,2705.0,4
rb1805,20170517,20170516,211803500,2705.0,944,6218,25594860.0,2707.0,4,2705.0,4
rb1805,20170517,20170516,211804000,2705.0,952,6226,25811260.0,2705.0,26,2704.0,35
rb1805,20170517,20170516,211804500,2705.0,952,6226,25811260.0,2705.0,26,2704.0,36
rb1805,20170517,20170516,211807500,2704.0,1012,6286,27433660.0,2705.0,26,2704.0,6
rb1805,20170517,20170516,211812000,2704.0,1012,6286,27433660.0,2705.0,26,2704.0,6
rb1805,20170517,20170516,211815000,2705.0,1024,6290,27758220.0,2705.0,22,2704.0,4
rb1805,20170517,20170516,211815500,2705.0,1024,6290,27758220.0,2705.0,22,2704.0,5
rb1805,20170517,20170516,211817000,2705.0,1024,6290,27758220.0,2705.0,22,2704.0,6
rb1805,20170517,20170516,211818500,2705.0,1024,6290,27758220.0,2705.0,22,2704.0,6
rb1805,20170517,20170516,211828500,2705.0,1024,6290,27758220.0,2705.0,22,2704.0,11
rb1805,20170517,20170516,211829500,2705.0,1028,6290,27866420.0,2705.0,20,2704.0,11
rb1805,20170517,20170516,211830000,2705.0,1028,6290,27866420.0,2705.0,20,2704.0,10
rb1805,20170517,20170516,211835500,2705.0,1028,6290,27866420.0,2705.0,20,2704.0,10
rb1805,20170517,20170516,211839000,2705.0,1028,6290,27866420.0,2705.0,20,2704.0,9
rb1805,20170517,20170516,211839500,2705.0,1030,6292,27920520.0,2705.0,19,2704.0,9
rb1805,20170517,20170516,211844500,2705.0,1032,6294,27974620.0,2705.0,18,2704.0,9
rb1805,20170517,20170516,211848500,2705.0,1034,6296,28028720.0,2705.0,17,2704.0,9
rb1805,20170517,20170516,211852500,2705.0,1036,6298,28082820.0,2705.0,16,2704.0,9
rb1805,20170517,20170516,211853000,2705.0,1038,6300,28136920.0,2705.0,15,2704.0,9
rb1805,20170517,20170516,211857500,2705.0,1038,6300,28136920.0,2705.0,15,2704.0,9
rb1805,20170517,20170516,211903000,2705.0,1038,6300,28136920.0,2705.0,15,2704.0,9
rb1805,20170517,20170516,211903500,2705.0,1038,6300,28136920.0,2705.0,15,2704.0,9
rb1805,20170517,20170516,211904000,2704.0,1040,6302,28191000.0,2705.0,15,2704.0,8
rb1805,20170517,20170516,211905000,2704.0,1040,6302,28191000.0,2705.0,15,2704.0,8
rb1805,20170517,20170516,211906500,2704.0,1040,6302,28191000.0,2705.0,15,2704.0,8
rb1805,20170517,20170516,211909000,2704.0,1040,6302,28191000.0,2705.0,15,2704.0,8
rb1805,20170517,20170516,211914000,2704.0,1056,6318,28623640.0,2704.0,32,2703.0,9
rb1805,20170517,20170516,211914500,2704.0,1058,6318,28677720.0,2704.0,31,2703.0,10
rb1805,20170517,20170516,211915000,2704.0,1060,6320,28731800.0,2704.0,30,2703.0,9
rb1805,20170517,20170516,211915500,2704.0,1060,6320,28731800.0,2704.0,30,2703.0,9
rb1805,20170517,20170516,211921000,2704.0,1062,6322,28785880.0,2704.0,29,2703.0,9
rb1805,20170517,20170516,211923000,2703.0,1094,6344,29650920.0,2703.0,18,2702.0,4
rb1805,20170517,20170516,211925000,2703.0,1098,6348,29759040.0,2703.0,16,2702.0,4
rb1805,20170517,20170516,211928000,2703.0,1114,6348,30191520.0,2703.0,8,2702.0,4
rb1805,20170517,20170516,211928500,2703.0,1114,6348,30191520.0,2703.0,8,2702.0,5
rb1805,20170517,20170516,211929500,2703.0,1116,6350,30245580.0,2703.0,7,2702.0,5
rb1805,20170517,20170516,211930500,2703.0,1118,6352,30299640.0,2703.0,6,2702.0,5
rb1805,20170517,20170516,211933500,2703.0,1120,6354,30353700.0,2703.0,5,2702.0,5
rb1805,20170517,20170516,211935500,2703.0,1120,6354,30353700.0,2703.0,5,2702.0,6
rb1805,20170517,20170516,211936500,2703.0,1122,6356,30407760.0,2703.0,4,2702.0,6
rb1805,20170517,20170516,211937000,2703.0,1122,6356,30407760.0,2703.0,4,2702.0,8
rb1805,20170517,20170516,211939500,2703.0,1124,6358,30461820.0,2703.0,3,2702.0,8
rb1805,20170517,20170516,211941500,2703.0,1126,6360,30515880.0,2703.0,2,2702.0,8
rb1805,20170517,20170516,211943000,2703.0,1126,6360,30515880.0,2703.0,2,2702.0,8
rb1805,20170517,20170516,211945500,2703.0,1128,6362,30569940.0,2703.0,1,2702.0,8
rb1805,20170517,20170516,211946500,2703.0,1128,6362,30569940.0,2703.0,1,2702.0,8
rb1805,20170517,20170516,211949500,2703.0,1128,6362,30569940.0,2703.0,1,2702.0,7
rb1805,20170517,20170516,211950500,2703.0,1128,6362,30569940.0,2703.0,1,2702.0,6
rb1805,20170517,20170516,211951000,2703.0,1128,6362,30569940.0,2703.0,1,2702.0,6
rb1805,20170517,20170516,211956000,2703.0,1128,6362,30569940.0,2703.0,1,2702.0,6
rb1805,20170517,20170516,212000500,2703.0,1130,6364,30624000.0,2704.0,25,2702.0,6
rb1805,20170517,20170516,212001500,2703.0,1130,6364,30624000.0,2704.0,25,2703.0,2
rb1805,20170517,20170516,212003500,2703.0,1130,6364,30624000.0,2704.0,25,2703.0,3
rb1805,20170517,20170516,212007500,2703.0,1130,6364,30624000.0,2704.0,25,2703.0,3
rb1805,20170517,20170516,212009000,2703.0,1130,6364,30624000.0,2704.0,25,2703.0,3
rb1805,20170517,20170516,212009500,2703.0,1136,6370,30786180.0,2703.0,17,2702.0,4
rb1805,20170517,20170516,212011000,2703.0,1136,6370,30786180.0,2703.0,17,2702.0,4
rb1805,20170517,20170516,212011500,2703.0,1136,6370,30786180.0,2703.0,17,2702.0,4
rb1805,20170517,20170516,212013500,2703.0,1136,6370,30786180.0,2703.0,18,2702.0,4
rb1805,20170517,20170516,212014500,2703.0,1136,6370,30786180.0,2703.0,18,2702.0,4
rb1805,20170517,20170516,212016000,2703.0,1136,6370,30786180.0,2703.0,28,2702.0,4
rb1805,20170517,20170516,212018500,2703.0,1136,6370,30786180.0,2703.0,28,2702.0,5
rb1805,20170517,20170516,212022000,2703.0,1136,6370,30786180.0,2703.0,28,2702.0,5
rb1805,20170517,20170516,212022500,2703.0,1138,6372,30840240.0,2703.0,27,2702.0,5
rb1805,20170517,20170516,212025000,2703.0,1138,6372,30840240.0,2703.0,27,2702.0,5
rb1805,20170517,20170516,212026500,2702.0,1140,6374,30894280.0,2703.0,27,2702.0,4
rb1805,20170517,20170516,212030500,2702.0,1140,6374,30894280.0,2703.0,27,2702.0,4
rb1805,20170517,20170516,212033500,2702.0,1140,6374,30894280.0,2703.0,27,2702.0,4
rb1805,20170517,20170516,212034000,2703.0,1142,6376,30948340.0,2703.0,26,2702.0,4
rb1805,20170517,20170516,212039500,2703.0,1144,6378,31002400.0,2703.0,25,2702.0,4
rb1805,20170517,20170516,212043000,2703.0,1144,6378,31002400.0,2703.0,25,2702.0,4
rb1805,20170517,20170516,212046500,2703.0,1146,6380,31056460.0,2703.0,24,2702.0,4
rb1805,20170517,20170516,212048000,2703.0,1148,6382,31110520.0,2703.0,23,2702.0,4
rb1805,20170517,20170516,212051000,2703.0,1150,6384,31164580.0,2703.0,22,2702.0,4
rb1805,20170517,20170516,212101500,2703.0,1160,6384,31434880.0,2703.0,17,2702.0,4
rb1805,20170517,20170516,212104000,2703.0,1160,6384,31434880.0,2703.0,17,2702.0,4
rb1805,20170517,20170516,212105500,2703.0,1160,6384,31434880.0,2703.0,17,2702.0,4
rb1805,20170517,20170516,212106000,2703.0,1160,6384,31434880.0,2703.0,17,2702.0,5
rb1805,20170517,20170516,212106500,2703.0,1160,6384,31434880.0,2703.0,47,2702.0,5
rb1805,20170517,20170516,212107500,2703.0,1162,6386,31488940.0,2703.0,46,2702.0,5
rb1805,20170517,20170516,212112000,2703.0,1172,6396,31759240.0,2703.0,41,2702.0,5
rb1805,20170517,20170516,212113500,2703.0,1174,6398,31813300.0,2703.0,40,2702.0,5
rb1805,20170517,20170516,212121000,2703.0,1174,6398,31813300.0,2703.0,40,2702.0,10
rb1805,20170517,20170516,212124000,2703.0,1174,6398,31813300.0,2703.0,40,2702.0,11
rb1805,20170517,20170516,212126500,2703.0,1176,6400,31867360.0,2703.0,39,2702.0,11
rb1805,20170517,20170516,212135500,2703.0,1176,6400,31867360.0,2703.0,39,2702.0,11
rb1805,20170517,20170516,212136500,2703.0,1216,6400,32948560.0,2703.0,19,2702.0,11
rb1805,20170517,20170516,212139000,2703.0,1218,6402,33002620.0,2703.0,18,2702.0,11
rb1805,20170517,20170516,212141000,2703.0,1218,6402,33002620.0,2703.0,18,2702.0,17
rb1805,20170517,20170516,212143500,2703.0,1218,6402,33002620.0,2703.0,18,2702.0,17
rb1805,20170517,20170516,212144000,2703.0,1228,6402,33272920.0,2703.0,13,2702.0,17
rb1805,20170517,20170516,212145000,2703.0,1238,6412,33543220.0,2703.0,8,2702.0,17
rb1805,20170517,20170516,212145500,2703.0,1240,6414,33597280.0,2703.0,7,2702.0,17
rb1805,20170517,20170516,212146000,2703.0,1242,6416,33651340.0,2703.0,6,2702.0,17
rb1805,20170517,20170516,212146500,2703.0,1246,6420,33759460.0,2703.0,4,2702.0,17
rb1805,20170517,20170516,212147000,2703.0,1246,6420,33759460.0,2703.0,4,2702.0,17
rb1805,20170517,20170516,212148500,2703.0,1248,6422,33813520.0,2703.0,3,2702.0,17
rb1805,20170517,20170516,212149000,2703.0,1250,6424,33867580.0,2703.0,2,2702.0,17
rb1805,20170517,20170516,212149500,2703.0,1250,6424,33867580.0,2703.0,2,2702.0,17
rb1805,20170517,20170516,212150000,2703.0,1254,6426,33975700.0,2704.0,25,2703.0,4
rb1805,20170517,20170516,212151500,2703.0,1254,6426,33975700.0,2704.0,25,2703.0,5
rb1805,20170517,20170516,212152000,2703.0,1254,6426,33975700.0,2704.0,25,2703.0,5
rb1805,20170517,20170516,212153500,2704.0,1256,6428,34029780.0,2704.0,24,2703.0,5
rb1805,20170517,20170516,212158000,2704.0,1256,6428,34029780.0,2704.0,24,2703.0,5
rb1805,20170517,20170516,212158500,2704.0,1256,6428,34029780.0,2704.0,24,2703.0,5
rb1805,20170517,20170516,212159000,2704.0,1256,6428,34029780.0,2704.0,24,2703.0,5
rb1805,20170517,20170516,212200000,2703.0,1264,6436,34246020.0,2704.0,25,2702.0,33
rb1805,20170517,20170516,212201000,2703.0,1264,6436,34246020.0,2704.0,25,2702.0,32
rb1805,20170517,20170516,212201500,2703.0,1264,6436,34246020.0,2704.0,25,2702.0,32
rb1805,20170517,20170516,212203500,2703.0,1264,6436,34246020.0,2704.0,25,2702.0,33
rb1805,20170517,20170516,212205000,2703.0,1264,6436,34246020.0,2704.0,25,2702.0,33
rb1805,20170517,20170516,212206000,2703.0,1264,6436,34246020.0,2703.0,1,2702.0,33
rb1805,20170517,20170516,212207500,2703.0,1264,6436,34246020.0,2703.0,1,2702.0,34
rb1805,20170517,20170516,212208500,2703.0,1264,6436,34246020.0,2703.0,1,2702.0,35
rb1805,20170517,20170516,212209500,2703.0,1266,6436,34300080.0,2704.0,25,2702.0,35
rb1805,20170517,20170516,212212000,2703.0,1266,6436,34300080.0,2703.0,1,2702.0,35
rb1805,20170517,20170516,212217000,2703.0,1268,6436,34354140.0,2704.0,25,2702.0,35
rb1805,20170517,20170516,212218000,2703.0,1268,6436,34354140.0,2704.0,25,2702.0,40
rb1805,20170517,20170516,212221000,2704.0,1270,6438,34408220.0,2704.0,24,2702.0,40
rb1805,20170517,20170516,212224500,2704.0,1270,6438,34408220.0,2704.0,24,2703.0,1
rb1805,20170517,20170516,212226500,2703.0,1272,6440,34462280.0,2703.0,12,2702.0,39
rb1805,20170517,20170516,212227500,2703.0,1272,6440,34462280.0,2703.0,12,2702.0,39
rb1805,20170517,20170516,212230000,2703.0,1272,6440,34462280.0,2703.0,12,2702.0,39
rb1805,20170517,20170516,212232000,2703.0,1272,6440,34462280.0,2703.0,12,2702.0,39
rb1805,20170517,20170516,212236000,2703.0,1272,6440,34462280.0,2703.0,12,2702.0,39
rb1805,20170517,20170516,212242000,2703.0,1272,6440,34462280.0,2703.0,12,2702.0,39
rb1805,20170517,20170516,212243500,2703.0,1274,6442,34516340.0,2703.0,11,2702.0,39
rb1805,20170517,20170516,212246500,2703.0,1274,6442,34516340.0,2703.0,11,2702.0,40
rb1805,20170517,20170516,212247500,2703.0,1274,6442,34516340.0,2703.0,14,2702.0,40
rb1805,20170517,20170516,212251000,2703.0,1274,6442,34516340.0,2703.0,14,2702.0,50
rb1805,20170517,20170516,212251500,2703.0,1276,6444,34570400.0,2703.0,13,2702.0,51
rb1805,20170517,20170516,212252500,2703.0,1276,6444,34570400.0,2703.0,13,2702.0,51
rb1805,20170517,20170516,212253500,2703.0,1276,6444,34570400.0,2703.0,13,2702.0,50
rb1805,20170517,20170516,212256000,2703.0,1276,6444,34570400.0,2703.0,13,2702.0,50
rb1805,20170517,20170516,212257500,2703.0,1276,6444,34570400.0,2703.0,13,2702.0,50
rb1805,20170517,20170516,212258000,2703.0,1276,6444,34570400.0,2703.0,13,2702.0,50
rb1805,20170517,20170516,212259500,2703.0,1276,6444,34570400.0,2703.0,13,2702.0,50
rb1805,20170517,20170516,212304000,2703.0,1296,6464,35111000.0,2703.0,3,2702.0,50
rb1805,20170517,20170516,212308000,2703.0,1296,6464,35111000.0,2703.0,3,2702.0,50
rb1805,20170517,20170516,212309500,2703.0,1298,6466,35165060.0,2703.0,2,2702.0,50
rb1805,20170517,20170516,212313000,2702.0,1300,6466,35219100.0,2703.0,2,2702.0,49
rb1805,20170517,20170516,212316500,2703.0,1302,6466,35273160.0,2703.0,1,2702.0,49
rb1805,20170517,20170516,212323000,2703.0,1304,6468,35327220.0,2704.0,23,2702.0,49
rb1805,20170517,20170516,212323500,2703.0,1304,6468,35327220.0,2704.0,24,2703.0,1
rb1805,20170517,20170516,212324000,2703.0,1304,6468,35327220.0,2704.0,24,2703.0,1
rb1805,20170517,20170516,212333000,2703.0,1304,6468,35327220.0,2704.0,23,2703.0,1
rb1805,20170517,20170516,212333500,2703.0,1304,6468,35327220.0,2704.0,23,2702.0,50
rb1805,20170517,20170516,212338500,2703.0,1304,6468,35327220.0,2704.0,24,2702.0,50
rb1805,20170517,20170516,212339000,2703.0,1304,6468,35327220.0,2704.0,23,2702.0,50
rb1805,20170517,20170516,212348000,2703.0,1304,6468,35327220.0,2704.0,23,2703.0,1
rb1805,20170517,20170516,212350000,2704.0,1306,6470,35381300.0,2704.0,22,2703.0,1
rb1805,20170517,20170516,212355500,2704.0,1306,6470,35381300.0,2704.0,22,2703.0,2
rb1805,20170517,20170516,212358000,2704.0,1306,6470,35381300.0,2704.0,22,2703.0,3
rb1805,20170517,20170516,212359000,2704.0,1308,6472,35435380.0,2704.0,21,2703.0,3
rb1805,20170517,20170516,212359500,2704.0,1328,6492,35976180.0,2704.0,11,2703.0,3
rb1805,20170517,20170516,212401000,2704.0,1328,6492,35976180.0,2704.0,11,2703.0,3
rb1805,20170517,20170516,212403000,2704.0,1328,6492,35976180.0,2704.0,11,2703.0,3
rb1805,20170517,20170516,212403500,2704.0,1328,6492,35976180.0,2704.0,11,2703.0,3
rb1805,20170517,20170516,212404500,2704.0,1328,6492,35976180.0,2704.0,11,2703.0,4
rb1805,20170517,20170516,212406000,2704.0,1332,6496,36084340.0,2704.0,9,2703.0,4
rb1805,20170517,20170516,212408000,2704.0,1334,6498,36138420.0,2704.0,8,2703.0,4
rb1805,20170517,20170516,212408500,2704.0,1350,6514,36571060.0,2705.0,16,2704.0,3
rb1805,20170517,20170516,212409000,2704.0,1350,6514,36571060.0,2705.0,17,2704.0,3
rb1805,20170517,20170516,212410000,2704.0,1350,6514,36571060.0,2705.0,17,2704.0,7
rb1805,20170517,20170516,212410500,2704.0,1350,6514,36571060.0,2705.0,17,2704.0,7
rb1805,20170517,20170516,212413500,2704.0,1350,6514,36571060.0,2705.0,17,2704.0,7
rb1805,20170517,20170516,212414500,2704.0,1350,6514,36571060.0,2705.0,17,2704.0,8
rb1805,20170517,20170516,212415500,2704.0,1350,6514,36571060.0,2705.0,17,2704.0,8
rb1805,20170517,20170516,212418500,2704.0,1350,6514,36571060.0,2705.0,17,2704.0,8
rb1805,20170517,20170516,212423000,2704.0,1350,6514,36571060.0,2705.0,17,2704.0,8
rb1805,20170517,20170516,212428000,2704.0,1350,6514,36571060.0,2705.0,17,2704.0,8
rb1805,20170517,20170516,212434000,2704.0,1350,6514,36571060.0,2705.0,17,2704.0,8
rb1805,20170517,20170516,212435000,2704.0,1350,6514,36571060.0,2705.0,16,2704.0,8
rb1805,20170517,20170516,212436000,2704.0,1350,6514,36571060.0,2705.0,16,2704.0,8
rb1805,20170517,20170516,212436500,2704.0,1350,6514,36571060.0,2705.0,16,2704.0,9
rb1805,20170517,20170516,212437500,2705.0,1354,6518,36679260.0,2705.0,15,2704.0,8
rb1805,20170517,20170516,212439500,2705.0,1354,6518,36679260.0,2705.0,15,2704.0,8
rb1805,20170517,20170516,212440500,2704.0,1362,6526,36895580.0,2704.0,6,2703.0,2
rb1805,20170517,20170516,212443000,2703.0,1364,6528,36949640.0,2704.0,6,2703.0,1
rb1805,20170517,20170516,212445000,2703.0,1368,6532,37057780.0,2704.0,5,2703.0,2
rb1805,20170517,20170516,212447000,2703.0,1370,6534,37111840.0,2704.0,5,2703.0,1
rb1805,20170517,20170516,212452500,2703.0,1370,6534,37111840.0,2704.0,5,2703.0,3
rb1805,20170517,20170516,212456000,2703.0,1370,6534,37111840.0,2704.0,5,2703.0,3
rb1805,20170517,20170516,212457000,2703.0,1372,6536,37165900.0,2704.0,5,2703.0,2
rb1805,20170517,20170516,212459000,2703.0,1372,6536,37165900.0,2704.0,5,2703.0,2
rb1805,20170517,20170516,212503000,2703.0,1374,6538,37219960.0,2704.0,5,2703.0,1
rb1805,20170517,20170516,212504500,2703.0,1374,6538,37219960.0,2704.0,15,2703.0,1
rb1805,20170517,20170516,212509500,2704.0,1394,6558,37760760.0,2704.0,5,2703.0,4
rb1805,20170517,20170516,212511500,2704.0,1396,6560,37814840.0,2704.0,4,2703.0,4
rb1805,20170517,20170516,212512000,2703.0,1398,6562,37868900.0,2704.0,4,2703.0,3
rb1805,20170517,20170516,212513000,2703.0,1398,6562,37868900.0,2704.0,4,2703.0,4
rb1805,20170517,20170516,212515500,2704.0,1404,6566,38031120.0,2704.0,2,2703.0,3
rb1805,20170517,20170516,212518500,2704.0,1408,6568,38139280.0,2705.0,14,2703.0,3
rb1805,20170517,20170516,212519000,2704.0,1408,6568,38139280.0,2704.0,1,2703.0,3
rb1805,20170517,20170516,212519500,2704.0,1410,6568,38193360.0,2705.0,15,2703.0,3
rb1805,20170517,20170516,212520000,2704.0,1410,6568,38193360.0,2705.0,14,2703.0,3
rb1805,20170517,20170516,212520500,2704.0,1412,6570,38247440.0,2705.0,14,2703.0,3
rb1805,20170517,20170516,212521500,2704.0,1412,6570,38247440.0,2705.0,14,2703.0,3
rb1805,20170517,20170516,212522000,2704.0,1412,6570,38247440.0,2705.0,15,2703.0,3
rb1805,20170517,20170516,212523000,2704.0,1412,6570,38247440.0,2705.0,15,2703.0,3
rb1805,20170517,20170516,212523500,2704.0,1412,6570,38247440.0,2705.0,25,2703.0,3
rb1805,20170517,20170516,212525500,2704.0,1412,6570,38247440.0,2705.0,25,2703.0,4
rb1805,20170517,20170516,212526500,2704.0,1412,6570,38247440.0,2704.0,1,2703.0,4
rb1805,20170517,20170516,212527000,2704.0,1412,6570,38247440.0,2704.0,1,2703.0,9
rb1805,20170517,20170516,212527500,2703.0,1414,6568,38301500.0,2704.0,1,2703.0,8
rb1805,20170517,20170516,212528000,2703.0,1416,6568,38355560.0,2704.0,1,2703.0,7
rb1805,20170517,20170516,212530000,2703.0,1418,6570,38409620.0,2704.0,1,2703.0,6
rb1805,20170517,20170516,212530500,2703.0,1418,6570,38409620.0,2705.0,25,2703.0,6
rb1805,20170517,20170516,212532000,2703.0,1418,6570,38409620.0,2704.0,6,2703.0,6
rb1805,20170517,20170516,212534500,2703.0,1420,6572,38463680.0,2704.0,6,2703.0,5
rb1805,20170517,20170516,212543000,2703.0,1420,6572,38463680.0,2704.0,6,2703.0,5
rb1805,20170517,20170516,212552000,2703.0,1420,6572,38463680.0,2704.0,6,2703.0,5
rb1805,20170517,20170516,212557500,2703.0,1420,6572,38463680.0,2704.0,6,2703.0,5
rb1805,20170517,20170516,212559500,2704.0,1432,6584,38788160.0,2705.0,24,2704.0,4
rb1805,20170517,20170516,212605500,2704.0,1432,6584,38788160.0,2705.0,24,2704.0,5
rb1805,20170517,20170516,212609500,2704.0,1432,6584,38788160.0,2705.0,24,2704.0,5
rb1805,20170517,20170516,212616000,2704.0,1432,6584,38788160.0,2705.0,34,2704.0,5
rb1805,20170517,20170516,212622500,2704.0,1432,6584,38788160.0,2705.0,35,2704.0,5
rb1805,20170517,20170516,212623500,2705.0,1434,6586,38842260.0,2705.0,34,2704.0,5
rb1805,20170517,20170516,212624500,2705.0,1434,6586,38842260.0,2705.0,34,2704.0,5
rb1805,20170517,20170516,212625500,2705.0,1434,6586,38842260.0,2705.0,34,2704.0,5
rb1805,20170517,20170516,212626000,2705.0,1434,6586,38842260.0,2705.0,34,2704.0,5
rb1805,20170517,20170516,212626500,2705.0,1434,6586,38842260.0,2705.0,33,2704.0,5
rb1805,20170517,20170516,212629000,2705.0,1434,6586,38842260.0,2705.0,34,2704.0,5
rb1805,20170517,20170516,212635000,2705.0,1434,6586,38842260.0,2705.0,35,2704.0,6
rb1805,20170517,20170516,212639000,2705.0,1434,6586,38842260.0,2705.0,35,2704.0,6
rb1805,20170517,20170516,212640000,2705.0,1444,6596,39112760.0,2705.0,30,2704.0,6
rb1805,20170517,20170516,212652000,2705.0,1444,6596,39112760.0,2705.0,29,2704.0,6
rb1805,20170517,20170516,212655500,2705.0,1448,6600,39220960.0,2705.0,27,2704.0,6
rb1805,20170517,20170516,212658500,2705.0,1448,6600,39220960.0,2705.0,28,2704.0,6
rb1805,20170517,20170516,212659000,2705.0,1448,6600,39220960.0,2705.0,27,2704.0,6
rb1805,20170517,20170516,212700500,2705.0,1448,6600,39220960.0,2705.0,27,2704.0,6
rb1805,20170517,20170516,212710000,2705.0,1448,6600,39220960.0,2705.0,27,2704.0,6
rb1805,20170517,20170516,212722000,2705.0,1448,6600,39220960.0,2705.0,27,2704.0,6
rb1805,20170517,20170516,212729000,2704.0,1460,6612,39545440.0,2704.0,14,2703.0,7
rb1805,20170517,20170516,212732000,2704.0,1468,6618,39761760.0,2704.0,10,2703.0,7
rb1805,20170517,20170516,212732500,2704.0,1470,6620,39815840.0,2704.0,9,2703.0,7
rb1805,20170517,20170516,212733500,2704.0,1474,6624,39924000.0,2704.0,7,2703.0,7
rb1805,20170517,20170516,212735000,2704.0,1478,6628,40032160.0,2704.0,5,2703.0,7
rb1805,20170517,20170516,212737500,2704.0,1482,6632,40140320.0,2704.0,3,2703.0,7
rb1805,20170517,20170516,212739500,2704.0,1486,6636,40248480.0,2704.0,1,2703.0,7
rb1805,20170517,20170516,212745000,2704.0,1486,6636,40248480.0,2704.0,1,2703.0,12
rb1805,20170517,20170516,212749000,2704.0,1486,6636,40248480.0,2704.0,1,2703.0,12
rb1805,20170517,20170516,212753500,2704.0,1488,6638,40302560.0,2705.0,27,2704.0,1
rb1805,20170517,20170516,212754500,2704.0,1488,6638,40302560.0,2705.0,27,2704.0,2
rb1805,20170517,20170516,212800500,2704.0,1488,6638,40302560.0,2705.0,27,2704.0,2
rb1805,20170517,20170516,212804000,2704.0,1488,6638,40302560.0,2705.0,27,2704.0,3
rb1805,20170517,20170516,212805000,2704.0,1488,6638,40302560.0,2705.0,27,2704.0,2
rb1805,20170517,20170516,212805500,2704.0,1488,6638,40302560.0,2705.0,27,2704.0,2
rb1805,20170517,20170516,212808500,2705.0,1542,6688,41763260.0,2706.0,2,2705.0,3
rb1805,20170517,20170516,212809000,2705.0,1542,6688,41763260.0,2706.0,2,2705.0,3
rb1805,20170517,20170516,212809500,2705.0,1542,6688,41763260.0,2706.0,2,2705.0,3
rb1805,20170517,20170516,212813500,2706.0,1544,6688,41817380.0,2706.0,1,2705.0,4
rb1805,20170517,20170516,212814500,2706.0,1544,6688,41817380.0,2706.0,1,2705.0,4
rb1805,20170517,20170516,212817500,2706.0,1544,6688,41817380.0,2706.0,1,2705.0,4
rb1805,20170517,20170516,212818500,2706.0,1544,6688,41817380.0,2706.0,1,2705.0,4
rb1805,20170517,20170516,212820000,2706.0,1544,6688,41817380.0,2706.0,1,2705.0,4
rb1805,20170517,20170516,212820500,2706.0,1544,6688,41817380.0,2706.0,1,2705.0,4
rb1805,20170517,20170516,212822000,2706.0,1544,6688,41817380.0,2706.0,1,2705.0,5
rb1805,20170517,20170516,212822500,2706.0,1544,6688,41817380.0,2706.0,1,2705.0,35
rb1805,20170517,20170516,212823000,2706.0,1546,6688,41871500.0,2707.0,3,2705.0,35
rb1805,20170517,20170516,212823500,2706.0,1546,6688,41871500.0,2707.0,4,2705.0,35
rb1805,20170517,20170516,212824500,2706.0,1546,6688,41871500.0,2707.0,3,2705.0,35
rb1805,20170517,20170516,212825500,2706.0,1546,6688,41871500.0,2707.0,4,2705.0,35
rb1805,20170517,20170516,212826500,2706.0,1546,6688,41871500.0,2707.0,3,2705.0,35
rb1805,20170517,20170516,212827000,2706.0,1546,6688,41871500.0,2707.0,4,2705.0,35
rb1805,20170517,20170516,212827500,2706.0,1546,6688,41871500.0,2707.0,5,2705.0,35
rb1805,20170517,20170516,212829000,2706.0,1546,6688,41871500.0,2707.0,4,2705.0,35
rb1805,20170517,20170516,212829500,2707.0,1556,6678,42142200.0,2708.0,1,2705.0,35
rb1805,20170517,20170516,212833500,2707.0,1556,6678,42142200.0,2708.0,1,2705.0,35
rb1805,20170517,20170516,212836500,2707.0,1556,6678,42142200.0,2708.0,1,2705.0,35
rb1805,20170517,20170516,212838000,2707.0,1556,6678,42142200.0,2708.0,1,2705.0,36
rb1805,20170517,20170516,212839500,2707.0,1556,6678,42142200.0,2707.0,1,2705.0,36
rb1805,20170517,20170516,212841000,2707.0,1556,6678,42142200.0,2707.0,1,2705.0,36
rb1805,20170517,20170516,212842000,2707.0,1558,6676,42196340.0,2708.0,2,2705.0,36
rb1805,20170517,20170516,212842500,2707.0,1558,6676,42196340.0,2708.0,2,2706.0,3
rb1805,20170517,20170516,212843000,2707.0,1558,6676,42196340.0,2708.0,2,2706.0,3
rb1805,20170517,20170516,212844500,2708.0,1560,6676,42250500.0,2708.0,1,2706.0,3
rb1805,20170517,20170516,212846500,2708.0,1560,6676,42250500.0,2708.0,1,2706.0,3
rb1805,20170517,20170516,212849000,2708.0,1560,6676,42250500.0,2708.0,1,2707.0,1
rb1805,20170517,20170516,212850000,2708.0,1560,6676,42250500.0,2708.0,1,2707.0,1
rb1805,20170517,20170516,212850500,2708.0,1560,6676,42250500.0,2708.0,1,2706.0,4
rb1805,20170517,20170516,212851000,2708.0,1560,6676,42250500.0,2708.0,1,2707.0,1
rb1805,20170517,20170516,212853000,2708.0,1562,6676,42304660.0,2709.0,5,2707.0,1
rb1805,20170517,20170516,212853500,2708.0,1562,6676,42304660.0,2709.0,5,2706.0,4
rb1805,20170517,20170516,212854000,2708.0,1562,6676,42304660.0,2709.0,5,2706.0,5
rb1805,20170517,20170516,212856000,2708.0,1562,6676,42304660.0,2709.0,5,2706.0,5
rb1805,20170517,20170516,212858000,2708.0,1562,6676,42304660.0,2709.0,5,2706.0,4
rb1805,20170517,20170516,212901000,2708.0,1562,6676,42304660.0,2709.0,5,2708.0,1
rb1805,20170517,20170516,212904000,2708.0,1562,6676,42304660.0,2709.0,5,2708.0,1
rb1805,20170517,20170516,212908000,2708.0,1562,6676,42304660.0,2709.0,5,2706.0,5
rb1805,20170517,20170516,212908500,2708.0,1562,6676,42304660.0,2709.0,5,2706.0,5
rb1805,20170517,20170516,212910500,2708.0,1562,6676,42304660.0,2709.0,5,2706.0,4
rb1805,20170517,20170516,212911500,2708.0,1562,6676,42304660.0,2709.0,5,2706.0,5
rb1805,20170517,20170516,212913000,2708.0,1562,6676,42304660.0,2709.0,5,2706.0,4
rb1805,20170517,20170516,212914000,2708.0,1562,6676,42304660.0,2709.0,5,2706.0,5
rb1805,20170517,20170516,212914500,2708.0,1562,6676,42304660.0,2709.0,5,2706.0,4
rb1805,20170517,20170516,212916000,2708.0,1562,6676,42304660.0,2709.0,5,2706.0,5
rb1805,20170517,20170516,212917000,2708.0,1562,6676,42304660.0,2709.0,5,2706.0,4
rb1805,20170517,20170516,212917500,2708.0,1562,6676,42304660.0,2709.0,5,2706.0,5
rb1805,20170517,20170516,212918000,2708.0,1562,6676,42304660.0,2709.0,5,2706.0,5
rb1805,20170517,20170516,212920500,2708.0,1562,6676,42304660.0,2709.0,5,2706.0,5
rb1805,20170517,20170516,212923500,2708.0,1562,6676,42304660.0,2709.0,5,2706.0,5
rb1805,20170517,20170516,212930000,2708.0,1562,6676,42304660.0,2709.0,5,2706.0,5
rb1805,20170517,20170516,212930500,2708.0,1562,6676,42304660.0,2709.0,5,2706.0,5
rb1805,20170517,20170516,212934500,2709.0,1564,6676,42358840.0,2709.0,4,2706.0,5
rb1805,20170517,20170516,212935000,2709.0,1564,6676,42358840.0,2709.0,4,2706.0,4
rb1805,20170517,20170516,212935500,2709.0,1564,6676,42358840.0,2709.0,4,2706.0,5
rb1805,20170517,20170516,212936500,2709.0,1564,6676,42358840.0,2709.0,4,2707.0,1
rb1805,20170517,20170516,212938000,2709.0,1564,6676,42358840.0,2709.0,4,2708.0,3
rb1805,20170517,20170516,212939000,2709.0,1564,6676,42358840.0,2709.0,5,2708.0,3
rb1805,20170517,20170516,212940000,2708.0,1566,6676,42413000.0,2709.0,5,2708.0,2
rb1805,20170517,20170516,212940500,2708.0,1566,6676,42413000.0,2709.0,5,2707.0,1
rb1805,20170517,20170516,212943500,2708.0,1566,6676,42413000.0,2709.0,5,2707.0,1
rb1805,20170517,20170516,212944500,2709.0,1574,6670,42629720.0,2709.0,1,2708.0,4
rb1805,20170517,20170516,212945500,2709.0,1574,6670,42629720.0,2709.0,1,2708.0,4
rb1805,20170517,20170516,212947500,2709.0,1574,6670,42629720.0,2709.0,1,2708.0,4
rb1805,20170517,20170516,212951000,2709.0,1574,6670,42629720.0,2709.0,1,2708.0,4
rb1805,20170517,20170516,212954000,2709.0,1576,6670,42683900.0,2710.0,7,2708.0,4
rb1805,20170517,20170516,212955000,2709.0,1576,6670,42683900.0,2710.0,7,2708.0,4
rb1805,20170517,20170516,213000000,2709.0,1576,6670,42683900.0,2710.0,7,2708.0,4
rb1805,20170517,20170516,213003000,2709.0,1576,6670,42683900.0,2710.0,7,2709.0,1
rb1805,20170517,20170516,213004000,2710.0,1584,6670,42900700.0,2710.0,3,2709.0,2
rb1805,20170517,20170516,213005000,2710.0,1586,6670,42954900.0,2710.0,2,2709.0,2
rb1805,20170517,20170516,213007000,2710.0,1586,6670,42954900.0,2710.0,2,2709.0,1
rb1805,20170517,20170516,213007500,2710.0,1586,6670,42954900.0,2710.0,2,2709.0,1
rb1805,20170517,20170516,213009000,2710.0,1586,6670,42954900.0,2710.0,2,2709.0,3
rb1805,20170517,20170516,213009500,2710.0,1586,6670,42954900.0,2710.0,2,2709.0,2
rb1805,20170517,20170516,213010000,2710.0,1586,6670,42954900.0,2710.0,2,2709.0,1
rb1805,20170517,20170516,213010500,2710.0,1586,6670,42954900.0,2710.0,2,2709.0,1
rb1805,20170517,20170516,213012000,2710.0,1586,6670,42954900.0,2710.0,2,2709.0,1
rb1805,20170517,20170516,213017000,2710.0,1590,6670,43063300.0,2711.0,2,2710.0,3
rb1805,20170517,20170516,213018000,2710.0,1590,6670,43063300.0,2711.0,2,2710.0,3
rb1805,20170517,20170516,213021500,2711.0,1592,6670,43117520.0,2711.0,1,2710.0,3
rb1805,20170517,20170516,213022000,2711.0,1594,6668,43171740.0,2712.0,37,2711.0,4
rb1805,20170517,20170516,213022500,2712.0,1598,6668,43280220.0,2712.0,35,2711.0,3
rb1805,20170517,20170516,213023000,2712.0,1668,6600,45178620.0,2713.0,2,2712.0,2
rb1805,20170517,20170516,213023500,2712.0,1668,6600,45178620.0,2713.0,2,2712.0,3
rb1805,20170517,20170516,213024000,2712.0,1668,6600,45178620.0,2713.0,2,2712.0,2
rb1805,20170517,20170516,213025000,2712.0,1668,6600,45178620.0,2713.0,2,2711.0,2
rb1805,20170517,20170516,213025500,2711.0,1672,6596,45287060.0,2711.0,2,2710.0,3
rb1805,20170517,20170516,213026000,2711.0,1676,6592,45395500.0,2713.0,2,2711.0,2
rb1805,20170517,20170516,213026500,2711.0,1676,6592,45395500.0,2713.0,2,2711.0,3
rb1805,20170517,20170516,213027000,2711.0,1676,6592,45395500.0,2712.0,1,2711.0,2
rb1805,20170517,20170516,213027500,2712.0,1678,6590,45449740.0,2713.0,2,2712.0,1
rb1805,20170517,20170516,213028000,2712.0,1678,6590,45449740.0,2713.0,2,2711.0,2
rb1805,20170517,20170516,213028500,2713.0,1682,6586,45558260.0,2714.0,1,2713.0,1
rb1805,20170517,20170516,213029000,2713.0,1682,6586,45558260.0,2714.0,1,2711.0,3
rb1805,20170517,20170516,213030000,2713.0,1682,6586,45558260.0,2714.0,1,2711.0,1
rb1805,20170517,20170516,213030500,2713.0,1682,6586,45558260.0,2714.0,1,2711.0,1
rb1805,20170517,20170516,213031500,2713.0,1682,6586,45558260.0,2714.0,1,2711.0,1
rb1805,20170517,20170516,213032500,2713.0,1682,6586,45558260.0,2714.0,1,2711.0,1
rb1805,20170517,20170516,213033000,2713.0,1682,6586,45558260.0,2714.0,1,2711.0,1
rb1805,20170517,20170516,213034000,2713.0,1682,6586,45558260.0,2714.0,1,2711.0,1
rb1805,20170517,20170516,213035000,2713.0,1682,6586,45558260.0,2714.0,3,2711.0,1
rb1805,20170517,20170516,213035500,2713.0,1682,6586,45558260.0,2714.0,3,2712.0,1
rb1805,20170517,20170516,213036500,2713.0,1682,6586,45558260.0,2714.0,3,2711.0,1
rb1805,20170517,20170516,213037000,2714.0,1688,6580,45721100.0,2715.0,5,2711.0,6
rb1805,20170517,20170516,213037500,2714.0,1688,6580,45721100.0,2715.0,5,2714.0,3
rb1805,20170517,20170516,213038000,2714.0,1694,6574,45883940.0,2712.0,2,2711.0,6
rb1805,20170517,20170516,213038500,2712.0,1698,6570,45992420.0,2715.0,5,2712.0,1
rb1805,20170517,20170516,213040500,2712.0,1698,6570,45992420.0,2715.0,5,2711.0,6
rb1805,20170517,20170516,213041500,2712.0,1698,6570,45992420.0,2715.0,5,2712.0,1
rb1805,20170517,20170516,213042000,2712.0,1698,6570,45992420.0,2715.0,6,2713.0,1
rb1805,20170517,20170516,213045000,2712.0,1698,6570,45992420.0,2715.0,5,2713.0,1
rb1805,20170517,20170516,213045500,2712.0,1698,6570,45992420.0,2715.0,5,2713.0,1
rb1805,20170517,20170516,213046500,2712.0,1698,6570,45992420.0,2715.0,5,2713.0,1
rb1805,20170517,20170516,213049000,2712.0,1698,6570,45992420.0,2715.0,5,2712.0,2
rb1805,20170517,20170516,213050500,2712.0,1698,6570,45992420.0,2715.0,6,2712.0,2
rb1805,20170517,20170516,213051000,2712.0,1698,6570,45992420.0,2715.0,6,2712.0,2
rb1805,20170517,20170516,213053500,2712.0,1698,6570,45992420.0,2715.0,6,2712.0,2
rb1805,20170517,20170516,213055500,2712.0,1698,6570,45992420.0,2714.0,1,2712.0,2
rb1805,20170517,20170516,213056500,2712.0,1698,6570,45992420.0,2714.0,1,2712.0,1
rb1805,20170517,20170516,213057500,2714.0,1700,6568,46046700.0,2715.0,6,2712.0,1
rb1805,20170517,20170516,213058000,2714.0,1700,6568,46046700.0,2715.0,6,2712.0,1
rb1805,20170517,20170516,213058500,2714.0,1700,6568,46046700.0,2713.0,4,2712.0,1
rb1805,20170517,20170516,213059500,2714.0,1700,6568,46046700.0,2713.0,4,2712.0,1
rb1805,20170517,20170516,213100500,2714.0,1700,6568,46046700.0,2713.0,5,2712.0,1
rb1805,20170517,20170516,213101000,2714.0,1700,6568,46046700.0,2713.0,5,2712.0,1
rb1805,20170517,20170516,213102000,2714.0,1700,6568,46046700.0,2713.0,5,2712.0,1
rb1805,20170517,20170516,213102500,2712.0,1702,6568,46100940.0,2712.0,1,2711.0,6
rb1805,20170517,20170516,213103000,2713.0,1712,6558,46372220.0,2714.0,1,2711.0,6
rb1805,20170517,20170516,213104000,2713.0,1712,6558,46372220.0,2712.0,2,2711.0,6
rb1805,20170517,20170516,213104500,2712.0,1716,6554,46480700.0,2714.0,1,2711.0,6
rb1805,20170517,20170516,213107000,2712.0,1716,6554,46480700.0,2714.0,2,2711.0,6
rb1805,20170517,20170516,213107500,2712.0,1716,6554,46480700.0,2714.0,12,2711.0,6
rb1805,20170517,20170516,213109500,2712.0,1716,6554,46480700.0,2713.0,1,2711.0,6
rb1805,20170517,20170516,213110000,2712.0,1716,6554,46480700.0,2713.0,1,2711.0,6
rb1805,20170517,20170516,213110500,2712.0,1716,6554,46480700.0,2714.0,12,2711.0,6
rb1805,20170517,20170516,213111000,2712.0,1716,6554,46480700.0,2713.0,1,2711.0,6
rb1805,20170517,20170516,213113500,2712.0,1716,6554,46480700.0,2714.0,12,2711.0,6
rb1805,20170517,20170516,213114000,2712.0,1716,6554,46480700.0,2714.0,13,2711.0,6
rb1805,20170517,20170516,213115500,2712.0,1716,6554,46480700.0,2714.0,13,2711.0,6
rb1805,20170517,20170516,213117000,2712.0,1716,6554,46480700.0,2714.0,13,2711.0,6
rb1805,20170517,20170516,213118000,2712.0,1716,6554,46480700.0,2714.0,13,2712.0,30
rb1805,20170517,20170516,213119500,2712.0,1718,6554,46534940.0,2714.0,13,2712.0,29
rb1805,20170517,20170516,213122000,2712.0,1718,6554,46534940.0,2714.0,14,2712.0,29
rb1805,20170517,20170516,213123000,2712.0,1718,6554,46534940.0,2714.0,14,2712.0,29
rb1805,20170517,20170516,213124000,2712.0,1718,6554,46534940.0,2714.0,15,2712.0,29
rb1805,20170517,20170516,213125000,2712.0,1718,6554,46534940.0,2714.0,14,2712.0,29
rb1805,20170517,20170516,213125500,2712.0,1720,6554,46589180.0,2714.0,14,2712.0,28
rb1805,20170517,20170516,213126000,2712.0,1722,6554,46643420.0,2714.0,14,2712.0,27
rb1805,20170517,20170516,213126500,2712.0,1722,6554,46643420.0,2714.0,15,2712.0,27
rb1805,20170517,20170516,213128000,2712.0,1722,6554,46643420.0,2714.0,15,2712.0,27
rb1805,20170517,20170516,213130000,2712.0,1722,6554,46643420.0,2713.0,1,2712.0,27
rb1805,20170517,20170516,213130500,2713.0,1724,6554,46697680.0,2714.0,15,2712.0,27
rb1805,20170517,20170516,213131000,2713.0,1724,6554,46697680.0,2714.0,14,2712.0,27
rb1805,20170517,20170516,213132000,2713.0,1724,6554,46697680.0,2714.0,13,2712.0,27
rb1805,20170517,20170516,213134000,2713.0,1726,6554,46751940.0,2714.0,13,2712.0,27
rb1805,20170517,20170516,213136500,2713.0,1726,6554,46751940.0,2714.0,13,2713.0,1
rb1805,20170517,20170516,213137500,2713.0,1726,6554,46751940.0,2714.0,13,2713.0,1
rb1805,20170517,20170516,213138000,2714.0,1748,6552,47349020.0,2714.0,2,2713.0,1
rb1805,20170517,20170516,213138500,2713.0,1752,6554,47457560.0,2714.0,1,2712.0,27
rb1805,20170517,20170516,213139000,2714.0,1754,6554,47511840.0,2715.0,5,2712.0,27
rb1805,20170517,20170516,213139500,2714.0,1754,6554,47511840.0,2715.0,6,2713.0,1
rb1805,20170517,20170516,213140000,2715.0,1756,6554,47566140.0,2715.0,5,2713.0,1
rb1805,20170517,20170516,213140500,2715.0,1756,6554,47566140.0,2715.0,4,2713.0,1
rb1805,20170517,20170516,213141000,2715.0,1756,6554,47566140.0,2715.0,4,2712.0,27
rb1805,20170517,20170516,213141500,2715.0,1758,6554,47620440.0,2715.0,3,2714.0,1
rb1805,20170517,20170516,213144000,2715.0,1758,6554,47620440.0,2715.0,3,2714.0,1
rb1805,20170517,20170516,213145500,2715.0,1760,6554,47674740.0,2715.0,2,2714.0,1
rb1805,20170517,20170516,213146500,2714.0,1762,6554,47729020.0,2715.0,2,2712.0,27
rb1805,20170517,20170516,213147000,2714.0,1762,6554,47729020.0,2715.0,2,2712.0,27
rb1805,20170517,20170516,213148000,2714.0,1762,6554,47729020.0,2715.0,2,2713.0,1
rb1805,20170517,20170516,213149000,2714.0,1762,6554,47729020.0,2714.0,1,2713.0,1
rb1805,20170517,20170516,213150000,2714.0,1764,6554,47783300.0,2715.0,2,2714.0,30
rb1805,20170517,20170516,213150500,2714.0,1764,6554,47783300.0,2715.0,2,2714.0,30
rb1805,20170517,20170516,213151000,2715.0,1768,6550,47891900.0,2716.0,2,2714.0,30
rb1805,20170517,20170516,213151500,2716.0,1772,6548,48000540.0,2717.0,9,2714.0,30
rb1805,20170517,20170516,213152000,2717.0,1790,6530,48489600.0,2718.0,7,2714.0,30
rb1805,20170517,20170516,213152500,2717.0,1790,6530,48489600.0,2718.0,7,2714.0,30
rb1805,20170517,20170516,213153000,2718.0,1804,6516,48870120.0,2719.0,14,2714.0,30
rb1805,20170517,20170516,213153500,2719.0,1812,6508,49087640.0,2719.0,10,2714.0,30
rb1805,20170517,20170516,213154000,2719.0,1812,6508,49087640.0,2718.0,1,2714.0,30
rb1805,20170517,20170516,213155000,2718.0,1814,6506,49142000.0,2719.0,10,2714.0,30
rb1805,20170517,20170516,213155500,2718.0,1814,6506,49142000.0,2718.0,1,2714.0,30
rb1805,20170517,20170516,213157500,2718.0,1816,6504,49196360.0,2719.0,10,2714.0,30
rb1805,20170517,20170516,213158500,2718.0,1816,6504,49196360.0,2718.0,1,2714.0,30
rb1805,20170517,20170516,213159000,2718.0,1818,6502,49250720.0,2719.0,10,2714.0,30
rb1805,20170517,20170516,213200500,2718.0,1818,6502,49250720.0,2719.0,10,2715.0,1
rb1805,20170517,20170516,213201500,2719.0,1838,6484,49794520.0,2720.0,33,2715.0,1
rb1805,20170517,20170516,213202500,2719.0,1838,6484,49794520.0,2720.0,33,2715.0,1
rb1805,20170517,20170516,213203500,2719.0,1838,6484,49794520.0,2720.0,33,2715.0,2
rb1805,20170517,20170516,213204000,2719.0,1838,6484,49794520.0,2720.0,34,2715.0,2
rb1805,20170517,20170516,213204500,2719.0,1838,6484,49794520.0,2720.0,33,2718.0,1
rb1805,20170517,20170516,213205000,2719.0,1838,6484,49794520.0,2720.0,33,2718.0,1
rb1805,20170517,20170516,213205500,2719.0,1838,6484,49794520.0,2719.0,1,2718.0,1
rb1805,20170517,20170516,213206500,2719.0,1838,6484,49794520.0,2719.0,2,2718.0,1
rb1805,20170517,20170516,213208000,2719.0,1838,6484,49794520.0,2719.0,12,2718.0,1
rb1805,20170517,20170516,213209500,2718.0,1840,6484,49848880.0,2719.0,12,2715.0,2
rb1805,20170517,20170516,213210000,2718.0,1840,6484,49848880.0,2719.0,13,2715.0,2
rb1805,20170517,20170516,213210500,2718.0,1840,6484,49848880.0,2718.0,1,2715.0,2
rb1805,20170517,20170516,213211500,2718.0,1840,6484,49848880.0,2718.0,1,2715.0,2
rb1805,20170517,20170516,213213000,2718.0,1840,6484,49848880.0,2718.0,1,2715.0,2
rb1805,20170517,20170516,213214000,2718.0,1840,6484,49848880.0,2718.0,2,2715.0,2
rb1805,20170517,20170516,213215000,2718.0,1840,6484,49848880.0,2718.0,2,2715.0,3
rb1805,20170517,20170516,213217000,2718.0,1840,6484,49848880.0,2718.0,3,2715.0,3
rb1805,20170517,20170516,213220000,2718.0,1840,6484,49848880.0,2717.0,1,2715.0,3
rb1805,20170517,20170516,213221500,2718.0,1840,6484,49848880.0,2717.0,1,2715.0,3
rb1805,20170517,20170516,213223000,2715.0,1842,6484,49903180.0,2717.0,1,2715.0,2
rb1805,20170517,20170516,213223500,2715.0,1842,6484,49903180.0,2717.0,1,2715.0,2
rb1805,20170517,20170516,213224000,2715.0,1842,6484,49903180.0,2717.0,2,2715.0,2
rb1805,20170517,20170516,213224500,2715.0,1842,6484,49903180.0,2717.0,1,2715.0,2
rb1805,20170517,20170516,213225000,2715.0,1842,6484,49903180.0,2717.0,2,2715.0,2
rb1805,20170517,20170516,213225500,2715.0,1842,6484,49903180.0,2717.0,3,2715.0,2
rb1805,20170517,20170516,213227000,2715.0,1842,6484,49903180.0,2717.0,3,2715.0,2
rb1805,20170517,20170516,213228000,2715.0,1842,6484,49903180.0,2717.0,2,2715.0,2
rb1805,20170517,20170516,213229500,2715.0,1842,6484,49903180.0,2717.0,3,2715.0,2
rb1805,20170517,20170516,213230000,2715.0,1844,6484,49957480.0,2717.0,3,2715.0,1
rb1805,20170517,20170516,213234000,2715.0,1844,6484,49957480.0,2716.0,1,2715.0,1
rb1805,20170517,20170516,213235500,2715.0,1844,6484,49957480.0,2716.0,2,2715.0,2
rb1805,20170517,20170516,213237000,2715.0,1844,6484,49957480.0,2716.0,2,2715.0,2
rb1805,20170517,20170516,213237500,2716.0,1848,6486,50066120.0,2717.0,3,2716.0,1
rb1805,20170517,20170516,213239000,2716.0,1850,6486,50120440.0,2717.0,2,2715.0,2
rb1805,20170517,20170516,213241500,2716.0,1850,6486,50120440.0,2717.0,2,2715.0,2
rb1805,20170517,20170516,213243500,2716.0,1850,6486,50120440.0,2717.0,2,2716.0,1
rb1805,20170517,20170516,213246500,2717.0,1852,6486,50174780.0,2717.0,2,2716.0,1
rb1805,20170517,20170516,213248000,2717.0,1852,6486,50174780.0,2717.0,2,2716.0,1
rb1805,20170517,20170516,213248500,2717.0,1856,6486,50283440.0,2717.0,1,2715.0,2
rb1805,20170517,20170516,213249000,2717.0,1856,6486,50283440.0,2717.0,2,2715.0,2
rb1805,20170517,20170516,213251500,2715.0,1858,6484,50337740.0,2717.0,2,2715.0,1
rb1805,20170517,20170516,213253000,2715.0,1858,6484,50337740.0,2717.0,2,2715.0,1
rb1805,20170517,20170516,213254000,2715.0,1858,6484,50337740.0,2717.0,3,2715.0,3
rb1805,20170517,20170516,213255000,2715.0,1858,6484,50337740.0,2717.0,3,2715.0,3
rb1805,20170517,20170516,213256000,2715.0,1858,6484,50337740.0,2717.0,2,2715.0,3
rb1805,20170517,20170516,213256500,2715.0,1858,6484,50337740.0,2716.0,1,2715.0,3
rb1805,20170517,20170516,213257000,2715.0,1858,6484,50337740.0,2716.0,2,2715.0,3
rb1805,20170517,20170516,213301000,2715.0,1860,6484,50392040.0,2716.0,1,2715.0,2
rb1805,20170517,20170516,213306000,2715.0,1862,6484,50446340.0,2716.0,1,2715.0,1
rb1805,20170517,20170516,213307000,2715.0,1862,6484,50446340.0,2716.0,1,2715.0,1
rb1805,20170517,20170516,213307500,2715.0,1862,6484,50446340.0,2716.0,1,2715.0,1
rb1805,20170517,20170516,213309500,2716.0,1864,6482,50500660.0,2717.0,2,2715.0,2
rb1805,20170517,20170516,213310000,2716.0,1864,6482,50500660.0,2717.0,2,2715.0,2
rb1805,20170517,20170516,213310500,2716.0,1864,6482,50500660.0,2717.0,2,2715.0,2
rb1805,20170517,20170516,213311000,2716.0,1864,6482,50500660.0,2717.0,2,2715.0,3
rb1805,20170517,20170516,213313500,2717.0,1868,6478,50609340.0,2718.0,2,2715.0,3
rb1805,20170517,20170516,213316000,2717.0,1868,6478,50609340.0,2718.0,2,2716.0,1
rb1805,20170517,20170516,213317000,2717.0,1868,6478,50609340.0,2718.0,2,2716.0,1
rb1805,20170517,20170516,213319500,2717.0,1868,6478,50609340.0,2717.0,1,2715.0,2
rb1805,20170517,20170516,213323500,2717.0,1868,6478,50609340.0,2717.0,1,2715.0,2
rb1805,20170517,20170516,213324000,2717.0,1870,6478,50663680.0,2718.0,2,2715.0,2
rb1805,20170517,20170516,213325000,2717.0,1870,6478,50663680.0,2718.0,2,2715.0,2
rb1805,20170517,20170516,213328000,2717.0,1870,6478,50663680.0,2717.0,1,2715.0,2
rb1805,20170517,20170516,213328500,2717.0,1872,6476,50718020.0,2718.0,2,2715.0,2
rb1805,20170517,20170516,213332500,2717.0,1872,6476,50718020.0,2718.0,3,2715.0,2
rb1805,20170517,20170516,213333000,2717.0,1872,6476,50718020.0,2718.0,3,2715.0,2
rb1805,20170517,20170516,213336500,2718.0,1874,6474,50772380.0,2718.0,2,2715.0,2
rb1805,20170517,20170516,213337500,2718.0,1878,6476,50881040.0,2718.0,1,2715.0,1
rb1805,20170517,20170516,213338000,2718.0,1878,6476,50881040.0,2718.0,1,2713.0,1
rb1805,20170517,20170516,213338500,2718.0,1878,6476,50881040.0,2718.0,1,2714.0,1
rb1805,20170517,20170516,213339500,2718.0,1880,6474,50935400.0,2719.0,16,2714.0,1
rb1805,20170517,20170516,213341000,2718.0,1880,6474,50935400.0,2719.0,16,2715.0,1
rb1805,20170517,20170516,213341500,2718.0,1880,6474,50935400.0,2719.0,16,2716.0,1
rb1805,20170517,20170516,213342000,2718.0,1880,6474,50935400.0,2719.0,16,2716.0,1
rb1805,20170517,20170516,213343000,2719.0,1882,6474,50989780.0,2719.0,15,2716.0,1
rb1805,20170517,20170516,213344500,2719.0,1882,6474,50989780.0,2719.0,15,2715.0,1
rb1805,20170517,20170516,213345000,2719.0,1882,6474,50989780.0,2719.0,15,2716.0,1
rb1805,20170517,20170516,213345500,2719.0,1882,6474,50989780.0,2719.0,15,2715.0,1
rb1805,20170517,20170516,213346000,2719.0,1882,6474,50989780.0,2719.0,15,2716.0,1
rb1805,20170517,20170516,213347000,2719.0,1882,6474,50989780.0,2719.0,15,2716.0,2
rb1805,20170517,20170516,213347500,2716.0,1884,6476,51044100.0,2719.0,15,2716.0,1
rb1805,20170517,20170516,213348500,2716.0,1884,6476,51044100.0,2719.0,15,2716.0,1
rb1805,20170517,20170516,213349000,2719.0,1886,6478,51098480.0,2719.0,14,2716.0,1
rb1805,20170517,20170516,213350000,2719.0,1886,6478,51098480.0,2719.0,14,2716.0,1
rb1805,20170517,20170516,213351500,2719.0,1888,6478,51152860.0,2719.0,13,2716.0,1
rb1805,20170517,20170516,213352000,2716.0,1914,6472,51859740.0,2719.0,1,2717.0,2
rb1805,20170517,20170516,213352500,2716.0,1914,6472,51859740.0,2718.0,2,2717.0,2
rb1805,20170517,20170516,213353000,2718.0,1918,6468,51968460.0,2719.0,1,2717.0,2
rb1805,20170517,20170516,213353500,2718.0,1918,6468,51968460.0,2719.0,1,2715.0,1
rb1805,20170517,20170516,213354000,2720.0,1922,6470,52077240.0,2718.0,1,2715.0,1
rb1805,20170517,20170516,213354500,2718.0,1924,6468,52131600.0,2720.0,54,2719.0,1
rb1805,20170517,20170516,213355000,2720.0,1928,6468,52240360.0,2720.0,54,2716.0,1
rb1805,20170517,20170516,213355500,2720.0,1928,6468,52240360.0,2719.0,1,2716.0,1
rb1805,20170517,20170516,213356000,2719.0,1930,6468,52294740.0,2720.0,53,2716.0,1
rb1805,20170517,20170516,213356500,2719.0,1930,6468,52294740.0,2720.0,53,2716.0,1
rb1805,20170517,20170516,213357500,2719.0,1930,6468,52294740.0,2720.0,53,2716.0,1
rb1805,20170517,20170516,213358000,2719.0,1930,6468,52294740.0,2719.0,1,2716.0,1
rb1805,20170517,20170516,213358500,2719.0,1932,6466,52349120.0,2720.0,53,2716.0,1
rb1805,20170517,20170516,213359500,2719.0,1932,6466,52349120.0,2720.0,53,2717.0,1
rb1805,20170517,20170516,213400000,2719.0,1932,6466,52349120.0,2719.0,1,2717.0,1
rb1805,20170517,20170516,213400500,2719.0,1934,6464,52403500.0,2720.0,41,2717.0,1
rb1805,20170517,20170516,213401000,2719.0,1934,6464,52403500.0,2720.0,42,2717.0,1
rb1805,20170517,20170516,213402000,2719.0,1934,6464,52403500.0,2720.0,41,2717.0,1
rb1805,20170517,20170516,213402500,2719.0,1934,6464,52403500.0,2720.0,42,2717.0,1
rb1805,20170517,20170516,213404000,2719.0,1934,6464,52403500.0,2720.0,42,2717.0,1
rb1805,20170517,20170516,213404500,2719.0,1934,6464,52403500.0,2718.0,5,2717.0,1
rb1805,20170517,20170516,213405000,2718.0,1940,6458,52566580.0,2718.0,2,2717.0,1
rb1805,20170517,20170516,213406000,2718.0,1940,6458,52566580.0,2718.0,2,2716.0,1
rb1805,20170517,20170516,213407000,2718.0,1940,6458,52566580.0,2718.0,2,2717.0,1
rb1805,20170517,20170516,213407500,2718.0,1944,6456,52675300.0,2720.0,42,2717.0,1
rb1805,20170517,20170516,213408000,2718.0,1944,6456,52675300.0,2720.0,42,2718.0,1
rb1805,20170517,20170516,213408500,2718.0,1944,6456,52675300.0,2720.0,41,2718.0,1
rb1805,20170517,20170516,213409000,2718.0,1944,6456,52675300.0,2720.0,42,2718.0,1
rb1805,20170517,20170516,213410500,2718.0,1944,6456,52675300.0,2720.0,41,2717.0,1
rb1805,20170517,20170516,213411000,2718.0,1944,6456,52675300.0,2719.0,2,2718.0,1
rb1805,20170517,20170516,213411500,2718.0,1944,6456,52675300.0,2719.0,2,2718.0,1
rb1805,20170517,20170516,213412500,2718.0,1944,6456,52675300.0,2719.0,2,2718.0,1
rb1805,20170517,20170516,213413000,2718.0,1944,6456,52675300.0,2719.0,2,2717.0,1
rb1805,20170517,20170516,213413500,2718.0,1944,6456,52675300.0,2719.0,2,2717.0,2
rb1805,20170517,20170516,213415500,2719.0,1946,6456,52729680.0,2719.0,1,2717.0,2
rb1805,20170517,20170516,213416000,2719.0,1946,6456,52729680.0,2719.0,1,2718.0,1
rb1805,20170517,20170516,213417000,2719.0,1946,6456,52729680.0,2719.0,1,2718.0,1
rb1805,20170517,20170516,213418000,2719.0,1946,6456,52729680.0,2719.0,1,2718.0,1
rb1805,20170517,20170516,213419000,2719.0,1946,6456,52729680.0,2719.0,1,2718.0,1
rb1805,20170517,20170516,213420000,2719.0,1948,6456,52784060.0,2719.0,1,2718.0,1
rb1805,20170517,20170516,213420500,2719.0,1948,6456,52784060.0,2719.0,1,2718.0,1
rb1805,20170517,20170516,213421000,2718.0,1950,6456,52838420.0,2719.0,1,2717.0,1
rb1805,20170517,20170516,213421500,2718.0,1950,6456,52838420.0,2719.0,2,2717.0,1
rb1805,20170517,20170516,213423500,2718.0,1950,6456,52838420.0,2719.0,2,2717.0,1
rb1805,20170517,20170516,213424500,2718.0,1950,6456,52838420.0,2719.0,7,2717.0,1
rb1805,20170517,20170516,213425000,2718.0,1950,6456,52838420.0,2719.0,7,2717.0,1
rb1805,20170517,20170516,213425500,2718.0,1950,6456,52838420.0,2719.0,7,2718.0,1
rb1805,20170517,20170516,213426500,2718.0,1950,6456,52838420.0,2719.0,7,2718.0,1
rb1805,20170517,20170516,213427500,2718.0,1952,6456,52892780.0,2719.0,7,2717.0,1
rb1805,20170517,20170516,213429500,2718.0,1952,6456,52892780.0,2719.0,10,2716.0,1
rb1805,20170517,20170516,213430000,2718.0,1952,6456,52892780.0,2719.0,11,2716.0,1
rb1805,20170517,20170516,213432500,2718.0,1952,6456,52892780.0,2719.0,11,2718.0,1
rb1805,20170517,20170516,213438500,2718.0,1954,6454,52947140.0,2719.0,11,2716.0,1
rb1805,20170517,20170516,213443000,2718.0,1954,6454,52947140.0,2719.0,11,2718.0,1
rb1805,20170517,20170516,213444000,2719.0,1956,6452,53001520.0,2719.0,10,2718.0,1
rb1805,20170517,20170516,213444500,2719.0,1958,6452,53055900.0,2719.0,9,2718.0,1
rb1805,20170517,20170516,213445500,2719.0,1958,6452,53055900.0,2719.0,9,2716.0,1
rb1805,20170517,20170516,213447000,2719.0,1960,6450,53110280.0,2718.0,1,2716.0,1
rb1805,20170517,20170516,213449000,2719.0,1960,6450,53110280.0,2718.0,1,2716.0,1
rb1805,20170517,20170516,213449500,2719.0,1960,6450,53110280.0,2718.0,1,2716.0,1
rb1805,20170517,20170516,213452000,2718.0,1962,6452,53164640.0,2719.0,8,2718.0,1
rb1805,20170517,20170516,213454000,2718.0,1962,6452,53164640.0,2719.0,8,2718.0,2
rb1805,20170517,20170516,213454500,2718.0,1964,6454,53219000.0,2719.0,8,2718.0,1
rb1805,20170517,20170516,213455500,2718.0,1964,6454,53219000.0,2719.0,8,2718.0,1
rb1805,20170517,20170516,213456000,2718.0,1964,6454,53219000.0,2719.0,8,2718.0,1
rb1805,20170517,20170516,213457000,2718.0,1966,6456,53273360.0,2719.0,8,2716.0,1
rb1805,20170517,20170516,213458500,2719.0,1968,6454,53327740.0,2719.0,7,2716.0,2
rb1805,20170517,20170516,213459000,2719.0,1970,6452,53382120.0,2719.0,6,2716.0,2
rb1805,20170517,20170516,213459500,2719.0,1972,6450,53436500.0,2719.0,5,2718.0,1
rb1805,20170517,20170516,213501000,2719.0,1974,6448,53490880.0,2719.0,4,2718.0,1
rb1805,20170517,20170516,213503000,2719.0,1974,6448,53490880.0,2719.0,4,2718.0,1
rb1805,20170517,20170516,213503500,2719.0,1976,6446,53545260.0,2719.0,3,2718.0,1
rb1805,20170517,20170516,213504000,2719.0,1976,6446,53545260.0,2719.0,3,2718.0,1
rb1805,20170517,20170516,213505000,2719.0,1978,6446,53599640.0,2719.0,2,2718.0,1
rb1805,20170517,20170516,213505500,2719.0,1982,6444,53708400.0,2720.0,42,2718.0,1
rb1805,20170517,20170516,213506000,2719.0,1982,6444,53708400.0,2720.0,42,2718.0,1
rb1805,20170517,20170516,213506500,2719.0,1982,6444,53708400.0,2720.0,42,2719.0,2
rb1805,20170517,20170516,213507000,2719.0,1984,6444,53762780.0,2720.0,42,2719.0,1
rb1805,20170517,20170516,213507500,2719.0,1984,6444,53762780.0,2720.0,42,2719.0,1
rb1805,20170517,20170516,213508000,2719.0,1984,6444,53762780.0,2720.0,42,2718.0,1
rb1805,20170517,20170516,213508500,2720.0,1986,6444,53817180.0,2720.0,41,2718.0,1
rb1805,20170517,20170516,213509500,2720.0,1986,6444,53817180.0,2720.0,41,2718.0,1
rb1805,20170517,20170516,213511500,2720.0,1986,6444,53817180.0,2720.0,41,2719.0,1
rb1805,20170517,20170516,213512000,2720.0,1986,6444,53817180.0,2720.0,41,2719.0,1
rb1805,20170517,20170516,213512500,2720.0,1988,6444,53871580.0,2720.0,40,2719.0,1
rb1805,20170517,20170516,213513000,2720.0,1988,6444,53871580.0,2720.0,40,2719.0,2
rb1805,20170517,20170516,213514500,2720.0,1988,6444,53871580.0,2720.0,40,2719.0,3
rb1805,20170517,20170516,213515500,2720.0,1990,6442,53925980.0,2720.0,39,2719.0,3
rb1805,20170517,20170516,213516000,2720.0,1992,6442,53980380.0,2720.0,38,2719.0,3
rb1805,20170517,20170516,213516500,2720.0,1998,6440,54143580.0,2720.0,35,2719.0,3
rb1805,20170517,20170516,213517000,2720.0,1998,6440,54143580.0,2720.0,35,2719.0,2
rb1805,20170517,20170516,213518500,2720.0,1998,6440,54143580.0,2720.0,35,2719.0,3
rb1805,20170517,20170516,213519500,2720.0,2000,6440,54197980.0,2720.0,34,2719.0,3
rb1805,20170517,20170516,213520000,2720.0,2000,6440,54197980.0,2720.0,34,2719.0,3
rb1805,20170517,20170516,213520500,2719.0,2004,6440,54306740.0,2720.0,34,2719.0,1
rb1805,20170517,20170516,213521500,2720.0,2006,6440,54361140.0,2720.0,33,2719.0,1
rb1805,20170517,20170516,213523000,2719.0,2008,6440,54415520.0,2719.0,4,2718.0,3
rb1805,20170517,20170516,213524000,2719.0,2010,6440,54469900.0,2719.0,3,2718.0,3
rb1805,20170517,20170516,213525000,2719.0,2010,6440,54469900.0,2719.0,3,2718.0,2
rb1805,20170517,20170516,213527000,2719.0,2014,6440,54578660.0,2719.0,1,2718.0,2
