instrument,tradingday,calendarday,time,lastp,volume,openinterest,turnover,ask1,asksz1,bid1,bidsz1
rb1805,20170609,20170608,183456500,2732.0,0,88172,0.0,0.0,0,0.0,0
rb1805,20170609,20170608,205900500,2730.0,32,88180,873600.0,2734.0,1,2730.0,5
rb1805,20170609,20170608,210000500,2730.0,32,88180,873600.0,2733.0,10,2730.0,5
rb1805,20170609,20170608,210001000,2730.0,36,88180,982800.0,2733.0,10,2730.0,3
rb1805,20170609,20170608,210001500,2730.0,38,88180,1037400.0,2733.0,10,2730.0,2
rb1805,20170609,20170608,210002000,2730.0,38,88180,1037400.0,2733.0,10,2730.0,2
rb1805,20170609,20170608,210002500,2730.0,38,88180,1037400.0,2733.0,10,2731.0,6
rb1805,20170609,20170608,210003000,2730.0,38,88180,1037400.0,2733.0,10,2730.0,2
rb1805,20170609,20170608,210003500,2730.0,38,88180,1037400.0,2733.0,10,2732.0,3
rb1805,20170609,20170608,210004000,2730.0,38,88180,1037400.0,2733.0,10,2732.0,3
rb1805,20170609,20170608,210004500,2730.0,38,88180,1037400.0,2733.0,10,2730.0,2
rb1805,20170609,20170608,210005500,2730.0,38,88180,1037400.0,2733.0,10,2730.0,2
rb1805,20170609,20170608,210006000,2730.0,38,88180,1037400.0,2733.0,10,2731.0,6
rb1805,20170609,20170608,210006500,2729.0,68,88176,1856940.0,2734.0,1,2728.0,2
rb1805,20170609,20170608,210007000,2729.0,78,88176,2129920.0,2734.0,2,2730.0,1
rb1805,20170609,20170608,210007500,2729.0,78,88176,2129920.0,2734.0,2,2730.0,1
rb1805,20170609,20170608,210008000,2729.0,78,88176,2129920.0,2734.0,2,2730.0,2
rb1805,20170609,20170608,210008500,2729.0,78,88176,2129920.0,2734.0,2,2730.0,2
rb1805,20170609,20170608,210009500,2729.0,78,88176,2129920.0,2734.0,2,2731.0,1
rb1805,20170609,20170608,210010000,2729.0,78,88176,2129920.0,2734.0,2,2731.0,1
rb1805,20170609,20170608,210010500,2730.0,80,88178,2184520.0,2734.0,2,2731.0,1
rb1805,20170609,20170608,210011000,2730.0,80,88178,2184520.0,2734.0,2,2731.0,1
rb1805,20170609,20170608,210011500,2730.0,80,88178,2184520.0,2734.0,2,2731.0,1
rb1805,20170609,20170608,210012000,2730.0,80,88178,2184520.0,2734.0,2,2731.0,1
rb1805,20170609,20170608,210012500,2734.0,84,88174,2293880.0,2735.0,1,2731.0,3
rb1805,20170609,20170608,210013000,2734.0,84,88174,2293880.0,2735.0,1,2731.0,3
rb1805,20170609,20170608,210013500,2734.0,84,88174,2293880.0,2735.0,1,2731.0,2
rb1805,20170609,20170608,210014000,2734.0,84,88174,2293880.0,2735.0,1,2731.0,3
rb1805,20170609,20170608,210014500,2734.0,84,88174,2293880.0,2735.0,1,2731.0,3
rb1805,20170609,20170608,210015500,2734.0,84,88174,2293880.0,2735.0,1,2731.0,3
rb1805,20170609,20170608,210016000,2734.0,84,88174,2293880.0,2735.0,1,2731.0,3
rb1805,20170609,20170608,210017000,2734.0,84,88174,2293880.0,2735.0,1,2732.0,2
rb1805,20170609,20170608,210017500,2732.0,86,88174,2348520.0,2735.0,1,2732.0,1
rb1805,20170609,20170608,210018500,2735.0,88,88174,2403220.0,2736.0,2,2732.0,5
rb1805,20170609,20170608,210019000,2735.0,88,88174,2403220.0,2736.0,2,2732.0,5
rb1805,20170609,20170608,210019500,2735.0,88,88174,2403220.0,2736.0,2,2732.0,4
rb1805,20170609,20170608,210020000,2735.0,88,88174,2403220.0,2736.0,2,2732.0,4
rb1805,20170609,20170608,210020500,2735.0,88,88174,2403220.0,2736.0,2,2732.0,4
rb1805,20170609,20170608,210021500,2735.0,88,88174,2403220.0,2736.0,2,2732.0,4
rb1805,20170609,20170608,210022000,2735.0,88,88174,2403220.0,2736.0,2,2732.0,4
rb1805,20170609,20170608,210022500,2735.0,88,88174,2403220.0,2736.0,2,2732.0,4
rb1805,20170609,20170608,210023000,2735.0,88,88174,2403220.0,2736.0,2,2732.0,4
rb1805,20170609,20170608,210023500,2735.0,88,88174,2403220.0,2736.0,2,2733.0,5
rb1805,20170609,20170608,210024000,2732.0,100,88184,2731160.0,2736.0,2,2732.0,3
rb1805,20170609,20170608,210024500,2731.0,108,88184,2949700.0,2735.0,5,2733.0,1
rb1805,20170609,20170608,210025000,2735.0,110,88182,3004400.0,2735.0,4,2733.0,1
rb1805,20170609,20170608,210025500,2735.0,114,88178,3113800.0,2735.0,2,2733.0,1
rb1805,20170609,20170608,210026000,2735.0,116,88176,3168500.0,2735.0,1,2733.0,1
rb1805,20170609,20170608,210026500,2735.0,116,88176,3168500.0,2735.0,1,2733.0,1
rb1805,20170609,20170608,210027000,2735.0,116,88176,3168500.0,2735.0,1,2733.0,1
rb1805,20170609,20170608,210028000,2735.0,116,88176,3168500.0,2735.0,1,2733.0,1
rb1805,20170609,20170608,210029000,2735.0,118,88174,3223200.0,2736.0,2,2735.0,1
rb1805,20170609,20170608,210029500,2735.0,120,88176,3277900.0,2735.0,2,2733.0,4
rb1805,20170609,20170608,210030000,2735.0,120,88176,3277900.0,2736.0,2,2733.0,4
rb1805,20170609,20170608,210031000,2735.0,120,88176,3277900.0,2736.0,2,2733.0,4
rb1805,20170609,20170608,210032000,2735.0,120,88176,3277900.0,2736.0,2,2733.0,4
rb1805,20170609,20170608,210032500,2735.0,120,88176,3277900.0,2736.0,2,2733.0,4
rb1805,20170609,20170608,210033500,2733.0,126,88182,3441880.0,2736.0,2,2733.0,1
rb1805,20170609,20170608,210034000,2733.0,126,88182,3441880.0,2735.0,2,2734.0,1
rb1805,20170609,20170608,210034500,2735.0,130,88182,3551280.0,2736.0,2,2734.0,1
rb1805,20170609,20170608,210035000,2735.0,130,88182,3551280.0,2736.0,2,2734.0,1
rb1805,20170609,20170608,210035500,2735.0,130,88182,3551280.0,2736.0,2,2734.0,1
rb1805,20170609,20170608,210036000,2734.0,132,88184,3605960.0,2736.0,2,2733.0,1
rb1805,20170609,20170608,210036500,2734.0,132,88184,3605960.0,2736.0,2,2735.0,2
rb1805,20170609,20170608,210037000,2734.0,132,88184,3605960.0,2736.0,2,2735.0,2
rb1805,20170609,20170608,210037500,2735.0,136,88188,3715360.0,2735.0,4,2733.0,1
rb1805,20170609,20170608,210038000,2735.0,136,88188,3715360.0,2736.0,2,2733.0,1
rb1805,20170609,20170608,210039000,2735.0,136,88188,3715360.0,2736.0,2,2733.0,1
rb1805,20170609,20170608,210039500,2735.0,136,88188,3715360.0,2736.0,3,2733.0,1
rb1805,20170609,20170608,210040000,2733.0,138,88190,3770020.0,2736.0,3,2731.0,3
rb1805,20170609,20170608,210040500,2733.0,138,88190,3770020.0,2735.0,1,2731.0,3
rb1805,20170609,20170608,210043000,2733.0,138,88190,3770020.0,2735.0,1,2731.0,3
rb1805,20170609,20170608,210043500,2733.0,138,88190,3770020.0,2735.0,1,2731.0,3
rb1805,20170609,20170608,210044000,2733.0,138,88190,3770020.0,2735.0,4,2731.0,3
rb1805,20170609,20170608,210044500,2733.0,138,88190,3770020.0,2735.0,4,2731.0,3
rb1805,20170609,20170608,210045500,2733.0,138,88190,3770020.0,2735.0,4,2733.0,1
rb1805,20170609,20170608,210050000,2733.0,138,88190,3770020.0,2735.0,4,2733.0,1
rb1805,20170609,20170608,210050500,2733.0,138,88190,3770020.0,2735.0,4,2733.0,1
rb1805,20170609,20170608,210051500,2733.0,138,88190,3770020.0,2735.0,4,2733.0,1
rb1805,20170609,20170608,210052000,2733.0,138,88190,3770020.0,2735.0,4,2733.0,1
rb1805,20170609,20170608,210053000,2733.0,138,88190,3770020.0,2735.0,4,2733.0,1
rb1805,20170609,20170608,210054000,2733.0,138,88190,3770020.0,2735.0,4,2733.0,1
rb1805,20170609,20170608,210054500,2733.0,140,88192,3824680.0,2733.0,1,2731.0,4
rb1805,20170609,20170608,210055000,2733.0,142,88192,3879340.0,2734.0,1,2732.0,2
rb1805,20170609,20170608,210056500,2733.0,142,88192,3879340.0,2734.0,1,2732.0,2
rb1805,20170609,20170608,210058500,2734.0,144,88192,3934020.0,2735.0,4,2734.0,4
rb1805,20170609,20170608,210059000,2734.0,152,88200,4152740.0,2734.0,6,2732.0,2
rb1805,20170609,20170608,210059500,2734.0,152,88200,4152740.0,2735.0,4,2732.0,2
rb1805,20170609,20170608,210100000,2734.0,152,88200,4152740.0,2735.0,4,2732.0,2
rb1805,20170609,20170608,210100500,2734.0,152,88200,4152740.0,2735.0,4,2732.0,2
rb1805,20170609,20170608,210101000,2734.0,152,88200,4152740.0,2735.0,4,2732.0,2
rb1805,20170609,20170608,210102000,2734.0,152,88200,4152740.0,2735.0,9,2733.0,1
rb1805,20170609,20170608,210103000,2734.0,152,88200,4152740.0,2735.0,9,2733.0,1
rb1805,20170609,20170608,210105500,2734.0,152,88200,4152740.0,2735.0,9,2733.0,1
rb1805,20170609,20170608,210106000,2734.0,152,88200,4152740.0,2734.0,1,2733.0,1
rb1805,20170609,20170608,210106500,2733.0,154,88202,4207400.0,2733.0,3,2732.0,3
rb1805,20170609,20170608,210107000,2733.0,166,88208,4535220.0,2733.0,5,2731.0,2
rb1805,20170609,20170608,210107500,2733.0,166,88208,4535220.0,2732.0,2,2731.0,2
rb1805,20170609,20170608,210108000,2731.0,170,88212,4644460.0,2731.0,4,2730.0,4
rb1805,20170609,20170608,210108500,2731.0,170,88212,4644460.0,2732.0,7,2730.0,4
rb1805,20170609,20170608,210109000,2730.0,176,88212,4808260.0,2732.0,7,2730.0,6
rb1805,20170609,20170608,210109500,2730.0,182,88210,4972060.0,2732.0,2,2730.0,3
rb1805,20170609,20170608,210110000,2730.0,182,88210,4972060.0,2732.0,2,2730.0,3
rb1805,20170609,20170608,210111000,2730.0,184,88208,5026660.0,2732.0,2,2730.0,2
rb1805,20170609,20170608,210112000,2730.0,184,88208,5026660.0,2732.0,2,2730.0,2
rb1805,20170609,20170608,210113000,2730.0,184,88208,5026660.0,2732.0,2,2730.0,2
rb1805,20170609,20170608,210113500,2730.0,184,88208,5026660.0,2732.0,2,2730.0,2
rb1805,20170609,20170608,210114000,2730.0,184,88208,5026660.0,2732.0,2,2730.0,2
rb1805,20170609,20170608,210115000,2732.0,190,88214,5190580.0,2733.0,5,2732.0,2
rb1805,20170609,20170608,210115500,2732.0,190,88214,5190580.0,2733.0,6,2732.0,2
rb1805,20170609,20170608,210116000,2732.0,190,88214,5190580.0,2733.0,2,2732.0,2
rb1805,20170609,20170608,210116500,2732.0,198,88214,5409140.0,2732.0,2,2730.0,2
rb1805,20170609,20170608,210117000,2732.0,198,88214,5409140.0,2732.0,7,2731.0,2
rb1805,20170609,20170608,210117500,2732.0,198,88214,5409140.0,2732.0,5,2731.0,2
rb1805,20170609,20170608,210118000,2732.0,198,88214,5409140.0,2732.0,5,2731.0,2
rb1805,20170609,20170608,210118500,2732.0,198,88214,5409140.0,2733.0,1,2731.0,2
rb1805,20170609,20170608,210119000,2731.0,200,88214,5463760.0,2733.0,8,2731.0,1
rb1805,20170609,20170608,210119500,2731.0,200,88214,5463760.0,2732.0,1,2730.0,3
rb1805,20170609,20170608,210120500,2731.0,200,88214,5463760.0,2732.0,6,2730.0,1
rb1805,20170609,20170608,210121500,2731.0,200,88214,5463760.0,2732.0,6,2730.0,1
rb1805,20170609,20170608,210122500,2731.0,200,88214,5463760.0,2732.0,7,2730.0,1
rb1805,20170609,20170608,210123000,2731.0,200,88214,5463760.0,2732.0,7,2730.0,1
rb1805,20170609,20170608,210124000,2731.0,200,88214,5463760.0,2732.0,10,2730.0,1
rb1805,20170609,20170608,210125500,2731.0,200,88214,5463760.0,2732.0,10,2731.0,1
rb1805,20170609,20170608,210126000,2731.0,200,88214,5463760.0,2732.0,10,2731.0,2
rb1805,20170609,20170608,210126500,2731.0,204,88212,5573000.0,2732.0,10,2730.0,1
rb1805,20170609,20170608,210128000,2731.0,204,88212,5573000.0,2732.0,5,2730.0,3
rb1805,20170609,20170608,210128500,2731.0,204,88212,5573000.0,2732.0,5,2730.0,3
rb1805,20170609,20170608,210129500,2731.0,204,88212,5573000.0,2732.0,5,2731.0,1
rb1805,20170609,20170608,210130000,2731.0,204,88212,5573000.0,2732.0,5,2731.0,1
rb1805,20170609,20170608,210131000,2730.0,208,88212,5682220.0,2732.0,5,2730.0,2
rb1805,20170609,20170608,210131500,2730.0,208,88212,5682220.0,2732.0,5,2730.0,2
rb1805,20170609,20170608,210132000,2730.0,208,88212,5682220.0,2732.0,4,2731.0,1
rb1805,20170609,20170608,210132500,2730.0,208,88212,5682220.0,2732.0,4,2731.0,1
rb1805,20170609,20170608,210133500,2730.0,208,88212,5682220.0,2732.0,9,2731.0,1
rb1805,20170609,20170608,210134000,2730.0,208,88212,5682220.0,2732.0,9,2731.0,1
rb1805,20170609,20170608,210134500,2731.0,210,88212,5736840.0,2732.0,4,2730.0,3
rb1805,20170609,20170608,210135000,2731.0,210,88212,5736840.0,2732.0,9,2730.0,3
rb1805,20170609,20170608,210135500,2731.0,210,88212,5736840.0,2732.0,9,2730.0,3
rb1805,20170609,20170608,210136000,2731.0,210,88212,5736840.0,2731.0,2,2730.0,3
rb1805,20170609,20170608,210136500,2730.0,214,88212,5846040.0,2731.0,2,2730.0,1
rb1805,20170609,20170608,210137000,2731.0,218,88214,5955280.0,2732.0,9,2730.0,1
rb1805,20170609,20170608,210137500,2731.0,218,88214,5955280.0,2731.0,2,2730.0,1
rb1805,20170609,20170608,210138000,2731.0,222,88214,6064520.0,2732.0,4,2730.0,1
rb1805,20170609,20170608,210139000,2732.0,230,88214,6283080.0,2733.0,7,2732.0,1
rb1805,20170609,20170608,210140000,2732.0,232,88214,6337720.0,2733.0,7,2730.0,7
rb1805,20170609,20170608,210140500,2732.0,232,88214,6337720.0,2733.0,7,2731.0,2
rb1805,20170609,20170608,210141000,2732.0,232,88214,6337720.0,2733.0,7,2731.0,2
rb1805,20170609,20170608,210141500,2732.0,232,88214,6337720.0,2733.0,7,2731.0,2
rb1805,20170609,20170608,210142000,2731.0,236,88210,6446960.0,2731.0,1,2730.0,7
rb1805,20170609,20170608,210142500,2731.0,238,88210,6501580.0,2733.0,7,2730.0,7
rb1805,20170609,20170608,210144000,2731.0,238,88210,6501580.0,2733.0,7,2730.0,7
rb1805,20170609,20170608,210145000,2736.0,278,88212,7595200.0,2733.0,5,2730.0,12
rb1805,20170609,20170608,210145500,2736.0,278,88212,7595200.0,2733.0,5,2731.0,50
rb1805,20170609,20170608,210147000,2736.0,278,88212,7595200.0,2733.0,5,2731.0,50
rb1805,20170609,20170608,210147500,2736.0,278,88212,7595200.0,2733.0,5,2731.0,50
rb1805,20170609,20170608,210150000,2736.0,278,88212,7595200.0,2733.0,5,2731.0,50
rb1805,20170609,20170608,210151000,2731.0,294,88216,8032360.0,2733.0,1,2731.0,47
rb1805,20170609,20170608,210152000,2731.0,294,88216,8032360.0,2733.0,1,2731.0,47
rb1805,20170609,20170608,210152500,2731.0,294,88216,8032360.0,2733.0,51,2731.0,47
rb1805,20170609,20170608,210154500,2731.0,294,88216,8032360.0,2733.0,51,2731.0,47
rb1805,20170609,20170608,210155500,2731.0,294,88216,8032360.0,2733.0,51,2731.0,47
rb1805,20170609,20170608,210156000,2731.0,302,88216,8250840.0,2732.0,2,2731.0,43
rb1805,20170609,20170608,210156500,2733.0,312,88220,8524100.0,2733.0,48,2731.0,43
rb1805,20170609,20170608,210157000,2733.0,312,88220,8524100.0,2733.0,48,2731.0,43
rb1805,20170609,20170608,210158000,2733.0,312,88220,8524100.0,2733.0,48,2731.0,43
rb1805,20170609,20170608,210159000,2731.0,324,88208,8851820.0,2733.0,49,2731.0,37
rb1805,20170609,20170608,210159500,2731.0,324,88208,8851820.0,2733.0,48,2731.0,37
rb1805,20170609,20170608,210200000,2731.0,324,88208,8851820.0,2733.0,49,2731.0,37
rb1805,20170609,20170608,210200500,2733.0,364,88208,9945020.0,2733.0,29,2731.0,37
rb1805,20170609,20170608,210202000,2733.0,364,88208,9945020.0,2733.0,29,2731.0,37
rb1805,20170609,20170608,210202500,2733.0,364,88208,9945020.0,2733.0,29,2731.0,37
rb1805,20170609,20170608,210203000,2733.0,364,88208,9945020.0,2733.0,28,2731.0,38
rb1805,20170609,20170608,210204000,2733.0,364,88208,9945020.0,2733.0,29,2732.0,1
rb1805,20170609,20170608,210204500,2731.0,368,88208,10054280.0,2732.0,2,2731.0,37
rb1805,20170609,20170608,210205000,2731.0,438,88208,11965980.0,2732.0,7,2731.0,2
rb1805,20170609,20170608,210205500,2731.0,442,88208,12075220.0,2731.0,5,2730.0,9
rb1805,20170609,20170608,210206000,2730.0,450,88206,12293620.0,2730.0,1,2729.0,2
rb1805,20170609,20170608,210206500,2730.0,452,88204,12348220.0,2730.0,3,2729.0,2
rb1805,20170609,20170608,210207000,2730.0,454,88206,12402820.0,2733.0,28,2729.0,2
rb1805,20170609,20170608,210207500,2730.0,454,88206,12402820.0,2731.0,3,2729.0,7
rb1805,20170609,20170608,210208000,2729.0,456,88204,12457400.0,2731.0,3,2729.0,6
rb1805,20170609,20170608,210208500,2729.0,464,88206,12675720.0,2733.0,29,2729.0,2
rb1805,20170609,20170608,210209000,2729.0,488,88204,13330680.0,2731.0,1,2730.0,5
rb1805,20170609,20170608,210209500,2730.0,494,88202,13494520.0,2732.0,1,2730.0,4
rb1805,20170609,20170608,210210000,2730.0,494,88202,13494520.0,2732.0,1,2731.0,5
rb1805,20170609,20170608,210210500,2730.0,494,88202,13494520.0,2732.0,1,2731.0,5
rb1805,20170609,20170608,210211000,2730.0,494,88202,13494520.0,2732.0,7,2731.0,5
rb1805,20170609,20170608,210211500,2730.0,494,88202,13494520.0,2732.0,7,2731.0,5
rb1805,20170609,20170608,210212000,2731.0,504,88212,13767620.0,2731.0,1,2730.0,5
rb1805,20170609,20170608,210212500,2731.0,504,88212,13767620.0,2731.0,1,2730.0,5
rb1805,20170609,20170608,210213000,2731.0,506,88212,13822240.0,2732.0,2,2730.0,5
rb1805,20170609,20170608,210213500,2731.0,506,88212,13822240.0,2732.0,2,2730.0,5
rb1805,20170609,20170608,210214000,2731.0,506,88212,13822240.0,2732.0,7,2730.0,5
rb1805,20170609,20170608,210215500,2731.0,506,88212,13822240.0,2731.0,1,2730.0,6
rb1805,20170609,20170608,210217000,2731.0,506,88212,13822240.0,2731.0,1,2730.0,6
rb1805,20170609,20170608,210217500,2730.0,510,88216,13931460.0,2732.0,8,2730.0,5
rb1805,20170609,20170608,210218000,2730.0,510,88216,13931460.0,2731.0,1,2730.0,5
rb1805,20170609,20170608,210220000,2731.0,512,88218,13986080.0,2732.0,8,2730.0,5
rb1805,20170609,20170608,210221000,2731.0,512,88218,13986080.0,2732.0,8,2730.0,5
rb1805,20170609,20170608,210222000,2731.0,512,88218,13986080.0,2732.0,8,2730.0,6
rb1805,20170609,20170608,210224000,2731.0,512,88218,13986080.0,2732.0,3,2730.0,6
rb1805,20170609,20170608,210224500,2731.0,512,88218,13986080.0,2732.0,3,2730.0,6
rb1805,20170609,20170608,210225000,2731.0,512,88218,13986080.0,2732.0,2,2730.0,6
rb1805,20170609,20170608,210226000,2730.0,514,88218,14040680.0,2732.0,2,2730.0,5
rb1805,20170609,20170608,210226500,2730.0,518,88218,14149880.0,2732.0,2,2730.0,3
rb1805,20170609,20170608,210228000,2732.0,522,88214,14259160.0,2733.0,32,2732.0,33
rb1805,20170609,20170608,210228500,2732.0,522,88214,14259160.0,2733.0,32,2732.0,33
rb1805,20170609,20170608,210229000,2732.0,532,88224,14532360.0,2733.0,32,2732.0,28
rb1805,20170609,20170608,210229500,2732.0,538,88230,14696280.0,2733.0,29,2732.0,25
rb1805,20170609,20170608,210230000,2732.0,548,88230,14969480.0,2733.0,29,2732.0,20
rb1805,20170609,20170608,210231000,2732.0,556,88238,15188040.0,2733.0,29,2732.0,16
rb1805,20170609,20170608,210231500,2732.0,556,88238,15188040.0,2733.0,29,2732.0,16
rb1805,20170609,20170608,210232500,2732.0,556,88238,15188040.0,2733.0,29,2732.0,16
rb1805,20170609,20170608,210233500,2732.0,588,88238,16062280.0,2732.0,4,2730.0,53
rb1805,20170609,20170608,210234000,2732.0,588,88238,16062280.0,2732.0,4,2730.0,53
rb1805,20170609,20170608,210235000,2732.0,588,88238,16062280.0,2732.0,4,2730.0,53
rb1805,20170609,20170608,210235500,2732.0,590,88236,16116920.0,2732.0,3,2730.0,54
rb1805,20170609,20170608,210236000,2732.0,590,88236,16116920.0,2732.0,3,2730.0,56
rb1805,20170609,20170608,210236500,2732.0,596,88230,16280840.0,2733.0,30,2732.0,5
rb1805,20170609,20170608,210237000,2732.0,596,88230,16280840.0,2733.0,30,2730.0,55
rb1805,20170609,20170608,210237500,2732.0,596,88230,16280840.0,2733.0,30,2730.0,56
rb1805,20170609,20170608,210240500,2732.0,596,88230,16280840.0,2733.0,30,2730.0,56
rb1805,20170609,20170608,210241000,2733.0,598,88228,16335500.0,2733.0,29,2731.0,1
rb1805,20170609,20170608,210241500,2733.0,600,88228,16390160.0,2733.0,28,2731.0,1
rb1805,20170609,20170608,210242000,2733.0,604,88226,16499480.0,2733.0,26,2731.0,1
rb1805,20170609,20170608,210243500,2733.0,604,88226,16499480.0,2733.0,26,2731.0,1
rb1805,20170609,20170608,210244000,2733.0,604,88226,16499480.0,2733.0,26,2731.0,2
rb1805,20170609,20170608,210244500,2733.0,604,88226,16499480.0,2733.0,27,2731.0,2
rb1805,20170609,20170608,210245500,2733.0,604,88226,16499480.0,2733.0,27,2731.0,3
rb1805,20170609,20170608,210246000,2733.0,604,88226,16499480.0,2733.0,27,2731.0,3
rb1805,20170609,20170608,210251500,2733.0,604,88226,16499480.0,2733.0,27,2731.0,3
rb1805,20170609,20170608,210252000,2731.0,610,88222,16663340.0,2731.0,2,2730.0,57
rb1805,20170609,20170608,210252500,2731.0,614,88222,16772580.0,2733.0,27,2731.0,3
rb1805,20170609,20170608,210253000,2731.0,614,88222,16772580.0,2733.0,27,2731.0,1
rb1805,20170609,20170608,210253500,2731.0,614,88222,16772580.0,2733.0,27,2731.0,2
rb1805,20170609,20170608,210254000,2731.0,614,88222,16772580.0,2733.0,27,2732.0,1
rb1805,20170609,20170608,210254500,2731.0,614,88222,16772580.0,2733.0,27,2731.0,2
rb1805,20170609,20170608,210255000,2731.0,614,88222,16772580.0,2733.0,32,2732.0,1
rb1805,20170609,20170608,210256000,2731.0,614,88222,16772580.0,2733.0,32,2731.0,2
rb1805,20170609,20170608,210256500,2731.0,614,88222,16772580.0,2732.0,1,2731.0,3
rb1805,20170609,20170608,210257000,2732.0,616,88220,16827220.0,2733.0,27,2731.0,3
rb1805,20170609,20170608,210257500,2732.0,616,88220,16827220.0,2733.0,27,2731.0,3
rb1805,20170609,20170608,210259500,2732.0,616,88220,16827220.0,2733.0,27,2731.0,3
rb1805,20170609,20170608,210300500,2732.0,616,88220,16827220.0,2733.0,27,2731.0,3
rb1805,20170609,20170608,210301000,2732.0,616,88220,16827220.0,2733.0,27,2731.0,3
rb1805,20170609,20170608,210302500,2732.0,616,88220,16827220.0,2733.0,27,2731.0,4
rb1805,20170609,20170608,210303000,2731.0,624,88218,17045700.0,2731.0,1,2730.0,56
rb1805,20170609,20170608,210303500,2731.0,626,88218,17100320.0,2733.0,27,2731.0,2
rb1805,20170609,20170608,210304000,2732.0,630,88218,17209600.0,2733.0,27,2730.0,56
rb1805,20170609,20170608,210304500,2732.0,630,88218,17209600.0,2733.0,27,2732.0,3
rb1805,20170609,20170608,210306000,2732.0,630,88218,17209600.0,2733.0,27,2731.0,2
rb1805,20170609,20170608,210306500,2732.0,630,88218,17209600.0,2733.0,27,2731.0,52
rb1805,20170609,20170608,210307000,2733.0,634,88214,17318920.0,2733.0,25,2731.0,52
rb1805,20170609,20170608,210307500,2733.0,634,88214,17318920.0,2733.0,25,2732.0,3
rb1805,20170609,20170608,210308000,2733.0,634,88214,17318920.0,2733.0,25,2732.0,3
rb1805,20170609,20170608,210308500,2733.0,634,88214,17318920.0,2733.0,25,2732.0,3
rb1805,20170609,20170608,210309000,2733.0,634,88214,17318920.0,2733.0,25,2731.0,52
rb1805,20170609,20170608,210309500,2733.0,640,88208,17482900.0,2733.0,22,2731.0,52
rb1805,20170609,20170608,210310000,2733.0,646,88202,17646880.0,2733.0,19,2731.0,52
rb1805,20170609,20170608,210310500,2733.0,646,88202,17646880.0,2732.0,20,2731.0,52
rb1805,20170609,20170608,210311000,2732.0,670,88196,18302560.0,2732.0,8,2731.0,52
rb1805,20170609,20170608,210311500,2732.0,680,88196,18575760.0,2732.0,3,2731.0,52
rb1805,20170609,20170608,210312000,2732.0,686,88190,18739680.0,2733.0,19,2731.0,52
rb1805,20170609,20170608,210313000,2732.0,686,88190,18739680.0,2733.0,19,2731.0,52
rb1805,20170609,20170608,210314500,2732.0,686,88190,18739680.0,2733.0,19,2731.0,52
rb1805,20170609,20170608,210315000,2732.0,686,88190,18739680.0,2733.0,19,2731.0,52
rb1805,20170609,20170608,210315500,2732.0,686,88190,18739680.0,2733.0,19,2731.0,53
rb1805,20170609,20170608,210316000,2732.0,686,88190,18739680.0,2733.0,19,2731.0,53
rb1805,20170609,20170608,210317000,2732.0,686,88190,18739680.0,2733.0,19,2731.0,53
rb1805,20170609,20170608,210318000,2732.0,686,88190,18739680.0,2733.0,19,2732.0,1
rb1805,20170609,20170608,210319500,2732.0,686,88190,18739680.0,2733.0,19,2732.0,2
rb1805,20170609,20170608,210320000,2732.0,690,88190,18848960.0,2733.0,19,2731.0,53
rb1805,20170609,20170608,210321000,2732.0,690,88190,18848960.0,2733.0,19,2731.0,53
rb1805,20170609,20170608,210321500,2733.0,694,88190,18958280.0,2733.0,17,2731.0,53
rb1805,20170609,20170608,210323000,2733.0,694,88190,18958280.0,2733.0,16,2731.0,53
rb1805,20170609,20170608,210323500,2733.0,694,88190,18958280.0,2732.0,5,2731.0,53
rb1805,20170609,20170608,210324000,2733.0,694,88190,18958280.0,2732.0,5,2731.0,53
rb1805,20170609,20170608,210324500,2733.0,694,88190,18958280.0,2732.0,5,2731.0,54
rb1805,20170609,20170608,210325500,2732.0,696,88190,19012920.0,2732.0,4,2731.0,54
rb1805,20170609,20170608,210326500,2732.0,698,88190,19067560.0,2732.0,3,2731.0,54
rb1805,20170609,20170608,210327500,2732.0,700,88190,19122200.0,2732.0,2,2731.0,54
rb1805,20170609,20170608,210328000,2732.0,702,88190,19176840.0,2732.0,1,2731.0,54
rb1805,20170609,20170608,210328500,2732.0,704,88190,19231480.0,2733.0,16,2731.0,54
rb1805,20170609,20170608,210329000,2732.0,706,88190,19286120.0,2733.0,21,2731.0,54
rb1805,20170609,20170608,210329500,2732.0,706,88190,19286120.0,2733.0,21,2732.0,2
rb1805,20170609,20170608,210330000,2732.0,706,88190,19286120.0,2733.0,21,2732.0,2
rb1805,20170609,20170608,210331000,2732.0,710,88192,19395400.0,2733.0,21,2731.0,54
rb1805,20170609,20170608,210331500,2732.0,710,88192,19395400.0,2733.0,22,2731.0,54
rb1805,20170609,20170608,210332000,2732.0,710,88192,19395400.0,2733.0,21,2731.0,54
rb1805,20170609,20170608,210332500,2732.0,710,88192,19395400.0,2733.0,22,2731.0,55
rb1805,20170609,20170608,210333000,2732.0,710,88192,19395400.0,2733.0,22,2731.0,55
rb1805,20170609,20170608,210333500,2732.0,710,88192,19395400.0,2733.0,22,2732.0,1
rb1805,20170609,20170608,210334000,2732.0,710,88192,19395400.0,2733.0,22,2732.0,1
rb1805,20170609,20170608,210334500,2732.0,710,88192,19395400.0,2733.0,17,2732.0,1
rb1805,20170609,20170608,210335500,2732.0,710,88192,19395400.0,2733.0,17,2732.0,1
rb1805,20170609,20170608,210336000,2732.0,710,88192,19395400.0,2733.0,17,2732.0,1
rb1805,20170609,20170608,210336500,2732.0,710,88192,19395400.0,2733.0,17,2732.0,51
rb1805,20170609,20170608,210337000,2732.0,710,88192,19395400.0,2733.0,17,2732.0,51
rb1805,20170609,20170608,210337500,2732.0,710,88192,19395400.0,2733.0,17,2732.0,51
rb1805,20170609,20170608,210338000,2732.0,710,88192,19395400.0,2733.0,22,2732.0,51
rb1805,20170609,20170608,210338500,2732.0,712,88192,19450040.0,2733.0,22,2732.0,50
rb1805,20170609,20170608,210339000,2732.0,712,88192,19450040.0,2733.0,22,2732.0,50
rb1805,20170609,20170608,210340000,2732.0,712,88192,19450040.0,2733.0,17,2732.0,50
rb1805,20170609,20170608,210340500,2732.0,712,88192,19450040.0,2733.0,17,2732.0,50
rb1805,20170609,20170608,210341500,2733.0,722,88192,19723340.0,2733.0,12,2732.0,51
rb1805,20170609,20170608,210342000,2732.0,732,88182,19996540.0,2733.0,12,2732.0,47
rb1805,20170609,20170608,210343000,2732.0,732,88182,19996540.0,2733.0,12,2732.0,47
rb1805,20170609,20170608,210343500,2732.0,732,88182,19996540.0,2733.0,12,2732.0,47
rb1805,20170609,20170608,210344500,2732.0,732,88182,19996540.0,2733.0,12,2732.0,47
rb1805,20170609,20170608,210345000,2732.0,742,88182,20269740.0,2733.0,17,2732.0,42
rb1805,20170609,20170608,210346000,2732.0,742,88182,20269740.0,2733.0,17,2732.0,42
rb1805,20170609,20170608,210346500,2732.0,766,88158,20925420.0,2733.0,17,2732.0,30
rb1805,20170609,20170608,210347000,2732.0,790,88158,21581100.0,2733.0,18,2732.0,18
rb1805,20170609,20170608,210347500,2732.0,792,88156,21635740.0,2733.0,18,2732.0,17
rb1805,20170609,20170608,210348000,2732.0,794,88156,21690380.0,2733.0,18,2732.0,16
rb1805,20170609,20170608,210348500,2732.0,794,88156,21690380.0,2733.0,18,2732.0,16
rb1805,20170609,20170608,210349000,2732.0,794,88156,21690380.0,2733.0,12,2732.0,16
rb1805,20170609,20170608,210349500,2732.0,794,88156,21690380.0,2733.0,12,2732.0,21
rb1805,20170609,20170608,210350000,2732.0,796,88154,21745020.0,2733.0,12,2732.0,20
rb1805,20170609,20170608,210351500,2732.0,796,88154,21745020.0,2733.0,13,2732.0,20
rb1805,20170609,20170608,210352000,2732.0,796,88154,21745020.0,2733.0,12,2732.0,15
rb1805,20170609,20170608,210353500,2733.0,800,88154,21854340.0,2733.0,11,2732.0,15
rb1805,20170609,20170608,210354500,2733.0,800,88154,21854340.0,2733.0,11,2732.0,15
rb1805,20170609,20170608,210355000,2733.0,800,88154,21854340.0,2733.0,11,2732.0,15
rb1805,20170609,20170608,210356500,2733.0,802,88154,21909000.0,2733.0,11,2732.0,15
rb1805,20170609,20170608,210357000,2733.0,802,88154,21909000.0,2733.0,11,2732.0,15
rb1805,20170609,20170608,210358000,2733.0,802,88154,21909000.0,2733.0,11,2732.0,20
rb1805,20170609,20170608,210358500,2733.0,802,88154,21909000.0,2733.0,11,2732.0,20
rb1805,20170609,20170608,210359000,2733.0,824,88132,22510260.0,2734.0,1,2733.0,1
rb1805,20170609,20170608,210359500,2733.0,824,88132,22510260.0,2734.0,1,2733.0,1
rb1805,20170609,20170608,210401500,2733.0,824,88132,22510260.0,2734.0,1,2733.0,1
rb1805,20170609,20170608,210402000,2733.0,824,88132,22510260.0,2734.0,6,2733.0,1
rb1805,20170609,20170608,210402500,2733.0,824,88132,22510260.0,2734.0,6,2733.0,1
rb1805,20170609,20170608,210403500,2733.0,824,88132,22510260.0,2734.0,1,2733.0,1
rb1805,20170609,20170608,210404500,2733.0,824,88132,22510260.0,2734.0,2,2733.0,1
rb1805,20170609,20170608,210405000,2734.0,826,88132,22564940.0,2734.0,1,2733.0,6
rb1805,20170609,20170608,210405500,2734.0,828,88130,22619620.0,2735.0,8,2734.0,3
rb1805,20170609,20170608,210406000,2734.0,828,88130,22619620.0,2735.0,8,2733.0,6
rb1805,20170609,20170608,210406500,2734.0,828,88130,22619620.0,2735.0,8,2734.0,2
rb1805,20170609,20170608,210407000,2734.0,828,88130,22619620.0,2735.0,8,2734.0,7
rb1805,20170609,20170608,210407500,2734.0,828,88130,22619620.0,2735.0,8,2734.0,7
rb1805,20170609,20170608,210408000,2734.0,828,88130,22619620.0,2735.0,8,2734.0,7
rb1805,20170609,20170608,210408500,2735.0,832,88128,22729020.0,2735.0,6,2734.0,7
rb1805,20170609,20170608,210411000,2735.0,832,88128,22729020.0,2735.0,6,2734.0,7
rb1805,20170609,20170608,210411500,2735.0,832,88128,22729020.0,2735.0,6,2734.0,8
rb1805,20170609,20170608,210412000,2735.0,832,88128,22729020.0,2735.0,6,2734.0,8
rb1805,20170609,20170608,210413000,2735.0,832,88128,22729020.0,2735.0,6,2734.0,8
rb1805,20170609,20170608,210414000,2735.0,832,88128,22729020.0,2735.0,6,2734.0,8
rb1805,20170609,20170608,210414500,2735.0,832,88128,22729020.0,2735.0,6,2734.0,8
rb1805,20170609,20170608,210416000,2735.0,832,88128,22729020.0,2735.0,6,2734.0,9
rb1805,20170609,20170608,210417000,2735.0,832,88128,22729020.0,2735.0,6,2734.0,10
rb1805,20170609,20170608,210417500,2735.0,832,88128,22729020.0,2735.0,6,2734.0,10
rb1805,20170609,20170608,210418500,2735.0,844,88118,23057220.0,2736.0,6,2734.0,10
rb1805,20170609,20170608,210419000,2735.0,844,88118,23057220.0,2736.0,6,2735.0,1
rb1805,20170609,20170608,210420500,2735.0,844,88118,23057220.0,2736.0,6,2735.0,7
rb1805,20170609,20170608,210421000,2735.0,844,88118,23057220.0,2736.0,6,2735.0,7
rb1805,20170609,20170608,210421500,2735.0,844,88118,23057220.0,2736.0,6,2735.0,7
rb1805,20170609,20170608,210422000,2735.0,844,88118,23057220.0,2736.0,6,2735.0,2
rb1805,20170609,20170608,210422500,2736.0,856,88106,23385540.0,2737.0,3,2735.0,2
rb1805,20170609,20170608,210423000,2736.0,856,88106,23385540.0,2737.0,8,2736.0,4
rb1805,20170609,20170608,210423500,2737.0,862,88102,23549720.0,2737.0,7,2736.0,2
rb1805,20170609,20170608,210424000,2736.0,864,88100,23604440.0,2737.0,2,2736.0,2
rb1805,20170609,20170608,210424500,2737.0,866,88100,23659180.0,2737.0,2,2736.0,2
rb1805,20170609,20170608,210425500,2737.0,866,88100,23659180.0,2737.0,2,2736.0,2
rb1805,20170609,20170608,210426000,2737.0,868,88100,23713920.0,2737.0,1,2736.0,3
rb1805,20170609,20170608,210426500,2737.0,868,88100,23713920.0,2737.0,1,2736.0,8
rb1805,20170609,20170608,210427000,2737.0,870,88102,23768660.0,2738.0,1,2737.0,4
rb1805,20170609,20170608,210427500,2737.0,870,88102,23768660.0,2738.0,1,2737.0,4
rb1805,20170609,20170608,210428000,2738.0,872,88102,23823420.0,2739.0,3,2737.0,4
rb1805,20170609,20170608,210428500,2738.0,872,88102,23823420.0,2739.0,3,2737.0,9
rb1805,20170609,20170608,210429000,2738.0,872,88102,23823420.0,2739.0,3,2737.0,9
rb1805,20170609,20170608,210430000,2738.0,872,88102,23823420.0,2739.0,8,2737.0,4
rb1805,20170609,20170608,210430500,2737.0,874,88104,23878160.0,2739.0,8,2737.0,3
rb1805,20170609,20170608,210432000,2737.0,874,88104,23878160.0,2738.0,1,2737.0,3
rb1805,20170609,20170608,210432500,2737.0,874,88104,23878160.0,2738.0,1,2737.0,8
rb1805,20170609,20170608,210433000,2737.0,874,88104,23878160.0,2738.0,1,2737.0,8
rb1805,20170609,20170608,210433500,2737.0,874,88104,23878160.0,2739.0,8,2737.0,3
rb1805,20170609,20170608,210434000,2737.0,876,88106,23932900.0,2739.0,8,2737.0,2
rb1805,20170609,20170608,210434500,2737.0,876,88106,23932900.0,2739.0,8,2737.0,2
rb1805,20170609,20170608,210435500,2737.0,876,88106,23932900.0,2739.0,58,2737.0,2
rb1805,20170609,20170608,210436000,2737.0,876,88106,23932900.0,2739.0,53,2737.0,7
rb1805,20170609,20170608,210437000,2737.0,876,88106,23932900.0,2739.0,53,2737.0,7
rb1805,20170609,20170608,210437500,2737.0,876,88106,23932900.0,2739.0,53,2737.0,7
rb1805,20170609,20170608,210438000,2737.0,876,88106,23932900.0,2739.0,53,2737.0,7
rb1805,20170609,20170608,210439000,2737.0,876,88106,23932900.0,2739.0,53,2737.0,7
rb1805,20170609,20170608,210440000,2737.0,876,88106,23932900.0,2739.0,53,2737.0,7
rb1805,20170609,20170608,210440500,2737.0,878,88106,23987640.0,2739.0,53,2737.0,6
rb1805,20170609,20170608,210441000,2737.0,878,88106,23987640.0,2739.0,53,2737.0,6
rb1805,20170609,20170608,210441500,2737.0,878,88106,23987640.0,2739.0,53,2737.0,6
rb1805,20170609,20170608,210442000,2737.0,878,88106,23987640.0,2739.0,53,2737.0,6
rb1805,20170609,20170608,210442500,2737.0,878,88106,23987640.0,2739.0,53,2737.0,6
rb1805,20170609,20170608,210444000,2737.0,878,88106,23987640.0,2739.0,53,2737.0,6
rb1805,20170609,20170608,210444500,2737.0,878,88106,23987640.0,2739.0,53,2737.0,6
rb1805,20170609,20170608,210445500,2737.0,878,88106,23987640.0,2739.0,53,2737.0,6
rb1805,20170609,20170608,210446000,2737.0,878,88106,23987640.0,2739.0,53,2737.0,6
rb1805,20170609,20170608,210446500,2737.0,878,88106,23987640.0,2739.0,58,2737.0,1
rb1805,20170609,20170608,210447500,2737.0,878,88106,23987640.0,2739.0,53,2737.0,8
rb1805,20170609,20170608,210449000,2737.0,878,88106,23987640.0,2739.0,58,2737.0,3
rb1805,20170609,20170608,210449500,2737.0,878,88106,23987640.0,2739.0,58,2737.0,3
rb1805,20170609,20170608,210450000,2737.0,878,88106,23987640.0,2739.0,58,2737.0,3
rb1805,20170609,20170608,210451000,2737.0,878,88106,23987640.0,2739.0,53,2737.0,8
rb1805,20170609,20170608,210452000,2737.0,878,88106,23987640.0,2738.0,1,2737.0,8
rb1805,20170609,20170608,210452500,2737.0,878,88106,23987640.0,2738.0,1,2737.0,8
rb1805,20170609,20170608,210453000,2737.0,878,88106,23987640.0,2738.0,6,2737.0,3
rb1805,20170609,20170608,210454000,2737.0,878,88106,23987640.0,2738.0,6,2737.0,3
rb1805,20170609,20170608,210454500,2737.0,878,88106,23987640.0,2738.0,6,2737.0,3
rb1805,20170609,20170608,210455500,2737.0,878,88106,23987640.0,2738.0,6,2737.0,3
rb1805,20170609,20170608,210456000,2737.0,878,88106,23987640.0,2738.0,1,2737.0,3
rb1805,20170609,20170608,210456500,2737.0,884,88104,24151860.0,2738.0,1,2737.0,1
rb1805,20170609,20170608,210457000,2737.0,884,88104,24151860.0,2738.0,1,2737.0,1
rb1805,20170609,20170608,210457500,2737.0,884,88104,24151860.0,2738.0,1,2737.0,2
rb1805,20170609,20170608,210458500,2737.0,884,88104,24151860.0,2738.0,1,2737.0,2
rb1805,20170609,20170608,210501000,2737.0,884,88104,24151860.0,2738.0,1,2737.0,2
rb1805,20170609,20170608,210502000,2737.0,884,88104,24151860.0,2738.0,1,2737.0,7
rb1805,20170609,20170608,210502500,2737.0,884,88104,24151860.0,2738.0,1,2737.0,8
rb1805,20170609,20170608,210504500,2737.0,884,88104,24151860.0,2738.0,1,2737.0,3
rb1805,20170609,20170608,210505500,2737.0,884,88104,24151860.0,2739.0,53,2737.0,8
rb1805,20170609,20170608,210507000,2737.0,884,88104,24151860.0,2739.0,53,2738.0,1
rb1805,20170609,20170608,210507500,2737.0,884,88104,24151860.0,2739.0,53,2738.0,1
rb1805,20170609,20170608,210508000,2739.0,888,88102,24261420.0,2739.0,51,2738.0,6
rb1805,20170609,20170608,210508500,2739.0,888,88102,24261420.0,2739.0,51,2738.0,6
rb1805,20170609,20170608,210510500,2739.0,896,88102,24480540.0,2739.0,47,2738.0,6
rb1805,20170609,20170608,210511000,2739.0,896,88102,24480540.0,2739.0,47,2738.0,6
rb1805,20170609,20170608,210511500,2739.0,926,88072,25302240.0,2739.0,32,2738.0,6
rb1805,20170609,20170608,210512000,2739.0,942,88056,25740480.0,2739.0,24,2738.0,6
rb1805,20170609,20170608,210512500,2739.0,956,88042,26123940.0,2739.0,17,2738.0,6
rb1805,20170609,20170608,210513000,2739.0,968,88030,26452620.0,2739.0,11,2738.0,6
rb1805,20170609,20170608,210513500,2739.0,968,88030,26452620.0,2739.0,11,2738.0,6
rb1805,20170609,20170608,210514000,2739.0,982,88026,26836080.0,2739.0,4,2738.0,6
rb1805,20170609,20170608,210515500,2739.0,982,88026,26836080.0,2739.0,4,2738.0,8
rb1805,20170609,20170608,210516000,2739.0,990,88026,27055200.0,2740.0,13,2739.0,5
rb1805,20170609,20170608,210516500,2739.0,990,88026,27055200.0,2740.0,13,2739.0,6
rb1805,20170609,20170608,210517000,2739.0,990,88026,27055200.0,2740.0,13,2739.0,7
rb1805,20170609,20170608,210518500,2739.0,990,88026,27055200.0,2740.0,13,2739.0,7
rb1805,20170609,20170608,210519000,2740.0,1016,88002,27767600.0,2741.0,6,2740.0,37
rb1805,20170609,20170608,210519500,2740.0,1016,88002,27767600.0,2741.0,6,2740.0,37
rb1805,20170609,20170608,210520000,2740.0,1016,88002,27767600.0,2741.0,6,2740.0,42
rb1805,20170609,20170608,210520500,2741.0,1028,88002,28096520.0,2742.0,1,2741.0,14
rb1805,20170609,20170608,210521000,2742.0,1034,88004,28261000.0,2743.0,7,2741.0,12
rb1805,20170609,20170608,210521500,2741.0,1036,88004,28315820.0,2743.0,7,2741.0,11
rb1805,20170609,20170608,210522000,2741.0,1036,88004,28315820.0,2743.0,7,2741.0,16
rb1805,20170609,20170608,210522500,2741.0,1036,88004,28315820.0,2743.0,7,2741.0,16
rb1805,20170609,20170608,210523000,2741.0,1036,88004,28315820.0,2743.0,7,2742.0,5
rb1805,20170609,20170608,210523500,2742.0,1046,88012,28590020.0,2742.0,12,2741.0,16
rb1805,20170609,20170608,210524000,2742.0,1046,88012,28590020.0,2742.0,5,2741.0,16
rb1805,20170609,20170608,210525000,2742.0,1046,88012,28590020.0,2742.0,5,2741.0,16
rb1805,20170609,20170608,210525500,2741.0,1052,88012,28754480.0,2742.0,5,2741.0,8
rb1805,20170609,20170608,210527000,2741.0,1054,88014,28809300.0,2742.0,11,2741.0,7
rb1805,20170609,20170608,210527500,2741.0,1070,88028,29247860.0,2741.0,3,2740.0,44
rb1805,20170609,20170608,210528000,2741.0,1070,88028,29247860.0,2742.0,11,2740.0,43
rb1805,20170609,20170608,210528500,2741.0,1074,88032,29357500.0,2742.0,11,2741.0,4
rb1805,20170609,20170608,210529000,2741.0,1080,88038,29521960.0,2742.0,11,2741.0,1
rb1805,20170609,20170608,210529500,2741.0,1080,88038,29521960.0,2742.0,6,2741.0,1
rb1805,20170609,20170608,210530000,2741.0,1082,88038,29576780.0,2741.0,4,2740.0,44
rb1805,20170609,20170608,210530500,2740.0,1092,88028,29850780.0,2741.0,4,2740.0,39
rb1805,20170609,20170608,210531000,2740.0,1092,88028,29850780.0,2741.0,5,2740.0,40
rb1805,20170609,20170608,210531500,2740.0,1092,88028,29850780.0,2741.0,5,2740.0,39
rb1805,20170609,20170608,210532000,2740.0,1092,88028,29850780.0,2741.0,6,2740.0,39
rb1805,20170609,20170608,210533000,2741.0,1096,88028,29960420.0,2741.0,4,2740.0,39
rb1805,20170609,20170608,210533500,2741.0,1096,88028,29960420.0,2741.0,4,2740.0,40
rb1805,20170609,20170608,210534000,2741.0,1096,88028,29960420.0,2741.0,4,2740.0,40
rb1805,20170609,20170608,210534500,2741.0,1096,88028,29960420.0,2741.0,4,2740.0,40
rb1805,20170609,20170608,210535000,2741.0,1098,88028,30015240.0,2741.0,3,2740.0,39
rb1805,20170609,20170608,210536000,2741.0,1098,88028,30015240.0,2741.0,3,2740.0,40
rb1805,20170609,20170608,210537000,2741.0,1098,88028,30015240.0,2741.0,3,2740.0,39
rb1805,20170609,20170608,210537500,2741.0,1098,88028,30015240.0,2741.0,3,2740.0,39
rb1805,20170609,20170608,210539500,2741.0,1098,88028,30015240.0,2741.0,3,2740.0,39
rb1805,20170609,20170608,210540000,2740.0,1102,88024,30124860.0,2741.0,2,2740.0,38
rb1805,20170609,20170608,210540500,2740.0,1102,88024,30124860.0,2741.0,2,2740.0,38
rb1805,20170609,20170608,210541500,2740.0,1102,88024,30124860.0,2741.0,2,2740.0,37
rb1805,20170609,20170608,210542000,2741.0,1104,88024,30179680.0,2741.0,1,2740.0,37
rb1805,20170609,20170608,210542500,2741.0,1104,88024,30179680.0,2741.0,1,2740.0,37
rb1805,20170609,20170608,210543500,2741.0,1106,88024,30234500.0,2742.0,7,2740.0,38
rb1805,20170609,20170608,210544000,2741.0,1106,88024,30234500.0,2741.0,1,2740.0,38
rb1805,20170609,20170608,210544500,2741.0,1108,88024,30289320.0,2742.0,7,2740.0,38
rb1805,20170609,20170608,210545000,2741.0,1108,88024,30289320.0,2742.0,7,2741.0,2
rb1805,20170609,20170608,210545500,2741.0,1108,88024,30289320.0,2742.0,7,2741.0,2
rb1805,20170609,20170608,210546000,2741.0,1110,88024,30344140.0,2742.0,7,2741.0,1
rb1805,20170609,20170608,210546500,2741.0,1112,88024,30398960.0,2741.0,3,2740.0,37
rb1805,20170609,20170608,210547000,2741.0,1112,88024,30398960.0,2742.0,7,2740.0,37
rb1805,20170609,20170608,210547500,2741.0,1112,88024,30398960.0,2742.0,7,2740.0,37
rb1805,20170609,20170608,210548000,2741.0,1112,88024,30398960.0,2742.0,7,2740.0,42
rb1805,20170609,20170608,210548500,2741.0,1112,88024,30398960.0,2742.0,7,2741.0,2
rb1805,20170609,20170608,210549000,2741.0,1112,88024,30398960.0,2742.0,6,2741.0,2
rb1805,20170609,20170608,210549500,2741.0,1112,88024,30398960.0,2742.0,11,2741.0,2
rb1805,20170609,20170608,210550000,2741.0,1112,88024,30398960.0,2742.0,11,2741.0,2
rb1805,20170609,20170608,210550500,2741.0,1112,88024,30398960.0,2742.0,11,2741.0,2
rb1805,20170609,20170608,210551000,2741.0,1112,88024,30398960.0,2742.0,6,2741.0,2
rb1805,20170609,20170608,210551500,2741.0,1112,88024,30398960.0,2742.0,6,2741.0,2
rb1805,20170609,20170608,210552000,2741.0,1112,88024,30398960.0,2742.0,6,2741.0,7
rb1805,20170609,20170608,210552500,2742.0,1114,88026,30453800.0,2742.0,5,2741.0,7
rb1805,20170609,20170608,210553500,2742.0,1116,88026,30508640.0,2742.0,4,2741.0,7
rb1805,20170609,20170608,210554000,2742.0,1120,88028,30618320.0,2742.0,2,2741.0,7
rb1805,20170609,20170608,210554500,2742.0,1120,88028,30618320.0,2742.0,1,2741.0,7
rb1805,20170609,20170608,210555000,2742.0,1120,88028,30618320.0,2742.0,1,2741.0,7
rb1805,20170609,20170608,210555500,2742.0,1120,88028,30618320.0,2742.0,1,2741.0,8
rb1805,20170609,20170608,210556000,2742.0,1120,88028,30618320.0,2742.0,2,2741.0,8
rb1805,20170609,20170608,210556500,2742.0,1120,88028,30618320.0,2742.0,2,2741.0,8
rb1805,20170609,20170608,210557500,2741.0,1124,88028,30727980.0,2742.0,1,2741.0,7
rb1805,20170609,20170608,210558000,2741.0,1124,88028,30727980.0,2742.0,1,2741.0,14
rb1805,20170609,20170608,210558500,2741.0,1124,88028,30727980.0,2742.0,1,2741.0,15
rb1805,20170609,20170608,210559000,2741.0,1124,88028,30727980.0,2742.0,6,2741.0,15
rb1805,20170609,20170608,210559500,2741.0,1124,88028,30727980.0,2742.0,6,2741.0,14
rb1805,20170609,20170608,210600000,2741.0,1124,88028,30727980.0,2742.0,6,2741.0,10
rb1805,20170609,20170608,210600500,2741.0,1124,88028,30727980.0,2742.0,6,2741.0,9
rb1805,20170609,20170608,210601000,2741.0,1142,88026,31221360.0,2741.0,9,2740.0,41
rb1805,20170609,20170608,210601500,2741.0,1142,88026,31221360.0,2741.0,9,2740.0,37
rb1805,20170609,20170608,210602000,2741.0,1142,88026,31221360.0,2741.0,9,2740.0,40
rb1805,20170609,20170608,210603000,2741.0,1142,88026,31221360.0,2741.0,10,2740.0,40
rb1805,20170609,20170608,210603500,2741.0,1142,88026,31221360.0,2741.0,10,2740.0,40
rb1805,20170609,20170608,210604500,2741.0,1142,88026,31221360.0,2741.0,10,2740.0,40
rb1805,20170609,20170608,210605000,2741.0,1142,88026,31221360.0,2741.0,10,2740.0,40
rb1805,20170609,20170608,210605500,2741.0,1142,88026,31221360.0,2741.0,10,2740.0,40
rb1805,20170609,20170608,210606000,2741.0,1142,88026,31221360.0,2741.0,10,2740.0,40
rb1805,20170609,20170608,210607000,2741.0,1142,88026,31221360.0,2741.0,10,2740.0,40
rb1805,20170609,20170608,210607500,2741.0,1142,88026,31221360.0,2741.0,10,2740.0,40
rb1805,20170609,20170608,210608000,2740.0,1144,88024,31276160.0,2741.0,10,2740.0,39
rb1805,20170609,20170608,210608500,2740.0,1144,88024,31276160.0,2741.0,10,2740.0,39
rb1805,20170609,20170608,210609000,2740.0,1144,88024,31276160.0,2741.0,15,2740.0,39
rb1805,20170609,20170608,210609500,2740.0,1144,88024,31276160.0,2741.0,15,2740.0,39
rb1805,20170609,20170608,210610000,2740.0,1160,88008,31714560.0,2741.0,15,2740.0,31
rb1805,20170609,20170608,210610500,2740.0,1164,88006,31824160.0,2741.0,16,2740.0,29
rb1805,20170609,20170608,210611000,2740.0,1164,88006,31824160.0,2741.0,16,2740.0,29
rb1805,20170609,20170608,210611500,2740.0,1204,88006,32920160.0,2741.0,16,2740.0,9
rb1805,20170609,20170608,210612000,2740.0,1210,88010,33084560.0,2741.0,17,2740.0,6
rb1805,20170609,20170608,210612500,2740.0,1210,88010,33084560.0,2741.0,17,2740.0,6
rb1805,20170609,20170608,210613000,2740.0,1222,88012,33413360.0,2740.0,2,2739.0,7
rb1805,20170609,20170608,210613500,2740.0,1222,88012,33413360.0,2740.0,2,2739.0,2
rb1805,20170609,20170608,210614500,2740.0,1222,88012,33413360.0,2740.0,12,2739.0,2
rb1805,20170609,20170608,210615000,2740.0,1222,88012,33413360.0,2740.0,12,2739.0,2
rb1805,20170609,20170608,210615500,2740.0,1222,88012,33413360.0,2740.0,12,2739.0,2
rb1805,20170609,20170608,210616000,2740.0,1222,88012,33413360.0,2740.0,12,2739.0,2
rb1805,20170609,20170608,210617000,2740.0,1222,88012,33413360.0,2740.0,17,2739.0,2
rb1805,20170609,20170608,210618500,2740.0,1222,88012,33413360.0,2740.0,18,2739.0,2
rb1805,20170609,20170608,210619000,2740.0,1222,88012,33413360.0,2740.0,17,2739.0,2
rb1805,20170609,20170608,210619500,2740.0,1222,88012,33413360.0,2740.0,18,2739.0,2
rb1805,20170609,20170608,210620000,2739.0,1226,88016,33522920.0,2739.0,3,2738.0,1
rb1805,20170609,20170608,210622000,2739.0,1226,88016,33522920.0,2739.0,3,2738.0,1
rb1805,20170609,20170608,210622500,2739.0,1226,88016,33522920.0,2739.0,3,2738.0,1
rb1805,20170609,20170608,210623000,2739.0,1226,88016,33522920.0,2739.0,3,2738.0,1
rb1805,20170609,20170608,210623500,2739.0,1226,88016,33522920.0,2739.0,3,2738.0,1
rb1805,20170609,20170608,210625500,2739.0,1232,88022,33687260.0,2740.0,18,2739.0,3
rb1805,20170609,20170608,210626500,2739.0,1232,88022,33687260.0,2740.0,18,2739.0,3
rb1805,20170609,20170608,210628000,2739.0,1232,88022,33687260.0,2740.0,8,2739.0,3
rb1805,20170609,20170608,210628500,2739.0,1236,88026,33796820.0,2740.0,8,2739.0,1
rb1805,20170609,20170608,210629000,2738.0,1240,88026,33906360.0,2738.0,48,2736.0,5
rb1805,20170609,20170608,210629500,2738.0,1244,88024,34015880.0,2738.0,46,2736.0,5
rb1805,20170609,20170608,210630000,2738.0,1250,88024,34180160.0,2738.0,43,2736.0,5
rb1805,20170609,20170608,210630500,2738.0,1250,88024,34180160.0,2738.0,43,2736.0,10
rb1805,20170609,20170608,210631000,2738.0,1250,88024,34180160.0,2738.0,43,2736.0,11
rb1805,20170609,20170608,210632000,2736.0,1260,88034,34453760.0,2738.0,43,2736.0,6
rb1805,20170609,20170608,210633000,2736.0,1260,88034,34453760.0,2738.0,43,2736.0,6
rb1805,20170609,20170608,210634500,2736.0,1260,88034,34453760.0,2738.0,43,2736.0,7
rb1805,20170609,20170608,210635000,2736.0,1260,88034,34453760.0,2738.0,43,2737.0,1
rb1805,20170609,20170608,210635500,2736.0,1260,88034,34453760.0,2738.0,48,2737.0,1
rb1805,20170609,20170608,210636000,2736.0,1260,88034,34453760.0,2738.0,43,2737.0,1
rb1805,20170609,20170608,210636500,2736.0,1262,88034,34508480.0,2738.0,43,2736.0,6
rb1805,20170609,20170608,210637000,2736.0,1262,88034,34508480.0,2738.0,48,2735.0,1
rb1805,20170609,20170608,210637500,2736.0,1262,88034,34508480.0,2738.0,48,2735.0,2
rb1805,20170609,20170608,210638500,2736.0,1262,88034,34508480.0,2738.0,48,2736.0,20
rb1805,20170609,20170608,210639000,2736.0,1262,88034,34508480.0,2738.0,48,2737.0,1
rb1805,20170609,20170608,210639500,2736.0,1262,88034,34508480.0,2738.0,48,2737.0,1
rb1805,20170609,20170608,210640000,2736.0,1264,88034,34563200.0,2738.0,48,2736.0,20
rb1805,20170609,20170608,210640500,2736.0,1264,88034,34563200.0,2738.0,48,2736.0,20
rb1805,20170609,20170608,210641000,2736.0,1264,88034,34563200.0,2738.0,43,2736.0,26
rb1805,20170609,20170608,210643500,2736.0,1264,88034,34563200.0,2738.0,43,2737.0,1
rb1805,20170609,20170608,210644000,2736.0,1266,88034,34617920.0,2738.0,43,2736.0,26
rb1805,20170609,20170608,210644500,2736.0,1266,88034,34617920.0,2738.0,43,2736.0,26
rb1805,20170609,20170608,210645000,2736.0,1266,88034,34617920.0,2738.0,43,2736.0,26
rb1805,20170609,20170608,210645500,2738.0,1268,88032,34672680.0,2738.0,42,2736.0,25
rb1805,20170609,20170608,210646000,2738.0,1274,88028,34836960.0,2738.0,39,2736.0,25
rb1805,20170609,20170608,210646500,2738.0,1274,88028,34836960.0,2738.0,39,2737.0,1
rb1805,20170609,20170608,210647000,2738.0,1274,88028,34836960.0,2738.0,39,2737.0,6
rb1805,20170609,20170608,210647500,2738.0,1298,88004,35494080.0,2738.0,27,2737.0,6
rb1805,20170609,20170608,210648000,2738.0,1298,88004,35494080.0,2738.0,27,2737.0,6
rb1805,20170609,20170608,210648500,2737.0,1350,87962,36917720.0,2737.0,3,2736.0,6
rb1805,20170609,20170608,210649000,2737.0,1356,87962,37081940.0,2738.0,7,2737.0,7
rb1805,20170609,20170608,210649500,2738.0,1358,87962,37136700.0,2738.0,6,2737.0,1
rb1805,20170609,20170608,210650000,2738.0,1360,87962,37191460.0,2738.0,5,2737.0,1
rb1805,20170609,20170608,210651000,2738.0,1360,87962,37191460.0,2738.0,5,2737.0,1
rb1805,20170609,20170608,210651500,2738.0,1360,87962,37191460.0,2738.0,5,2737.0,1
rb1805,20170609,20170608,210652000,2738.0,1360,87962,37191460.0,2738.0,5,2737.0,1
rb1805,20170609,20170608,210653500,2737.0,1364,87962,37300940.0,2737.0,3,2736.0,8
rb1805,20170609,20170608,210654000,2737.0,1364,87962,37300940.0,2737.0,3,2736.0,2
rb1805,20170609,20170608,210655000,2737.0,1364,87962,37300940.0,2737.0,3,2736.0,2
rb1805,20170609,20170608,210655500,2737.0,1364,87962,37300940.0,2737.0,3,2736.0,2
rb1805,20170609,20170608,210656000,2738.0,1374,87962,37574680.0,2738.0,3,2736.0,2
rb1805,20170609,20170608,210657000,2738.0,1374,87962,37574680.0,2738.0,3,2736.0,3
rb1805,20170609,20170608,210657500,2738.0,1374,87962,37574680.0,2738.0,3,2736.0,3
rb1805,20170609,20170608,210658000,2738.0,1374,87962,37574680.0,2738.0,3,2736.0,3
rb1805,20170609,20170608,210658500,2738.0,1376,87962,37629440.0,2738.0,7,2736.0,5
rb1805,20170609,20170608,210659000,2738.0,1378,87962,37684200.0,2738.0,6,2736.0,5
rb1805,20170609,20170608,210659500,2738.0,1378,87962,37684200.0,2738.0,6,2736.0,5
rb1805,20170609,20170608,210700000,2738.0,1378,87962,37684200.0,2738.0,6,2736.0,5
rb1805,20170609,20170608,210701000,2738.0,1378,87962,37684200.0,2738.0,6,2736.0,6
rb1805,20170609,20170608,210702000,2738.0,1378,87962,37684200.0,2738.0,6,2736.0,7
rb1805,20170609,20170608,210704000,2738.0,1378,87962,37684200.0,2738.0,6,2737.0,1
rb1805,20170609,20170608,210704500,2738.0,1378,87962,37684200.0,2738.0,6,2737.0,2
rb1805,20170609,20170608,210705000,2738.0,1378,87962,37684200.0,2738.0,6,2737.0,4
rb1805,20170609,20170608,210706500,2738.0,1378,87962,37684200.0,2738.0,1,2737.0,4
rb1805,20170609,20170608,210707500,2738.0,1378,87962,37684200.0,2738.0,1,2737.0,4
rb1805,20170609,20170608,210708000,2738.0,1378,87962,37684200.0,2738.0,1,2737.0,4
rb1805,20170609,20170608,210708500,2738.0,1380,87962,37738960.0,2739.0,20,2738.0,9
rb1805,20170609,20170608,210709000,2738.0,1392,87964,38067520.0,2739.0,20,2738.0,3
rb1805,20170609,20170608,210709500,2739.0,1394,87962,38122300.0,2739.0,19,2738.0,3
rb1805,20170609,20170608,210710000,2739.0,1396,87962,38177080.0,2739.0,18,2738.0,3
rb1805,20170609,20170608,210711000,2739.0,1396,87962,38177080.0,2739.0,18,2738.0,3
rb1805,20170609,20170608,210712500,2739.0,1396,87962,38177080.0,2739.0,18,2738.0,3
rb1805,20170609,20170608,210713500,2739.0,1396,87962,38177080.0,2739.0,18,2738.0,4
rb1805,20170609,20170608,210715000,2738.0,1404,87962,38396120.0,2738.0,2,2737.0,5
rb1805,20170609,20170608,210716000,2738.0,1404,87962,38396120.0,2738.0,3,2737.0,5
rb1805,20170609,20170608,210716500,2738.0,1404,87962,38396120.0,2738.0,3,2737.0,5
rb1805,20170609,20170608,210718000,2738.0,1404,87962,38396120.0,2738.0,3,2737.0,5
rb1805,20170609,20170608,210719000,2738.0,1404,87962,38396120.0,2738.0,3,2737.0,5
rb1805,20170609,20170608,210720500,2738.0,1404,87962,38396120.0,2738.0,3,2737.0,15
rb1805,20170609,20170608,210721000,2738.0,1404,87962,38396120.0,2738.0,3,2737.0,15
rb1805,20170609,20170608,210721500,2738.0,1404,87962,38396120.0,2738.0,3,2737.0,15
rb1805,20170609,20170608,210722000,2738.0,1406,87962,38450880.0,2738.0,8,2737.0,15
rb1805,20170609,20170608,210722500,2738.0,1408,87962,38505640.0,2738.0,7,2737.0,15
rb1805,20170609,20170608,210723000,2738.0,1422,87964,38888960.0,2739.0,19,2738.0,43
rb1805,20170609,20170608,210724500,2738.0,1422,87964,38888960.0,2739.0,19,2738.0,43
rb1805,20170609,20170608,210725500,2738.0,1434,87964,39217520.0,2739.0,19,2738.0,38
rb1805,20170609,20170608,210727000,2738.0,1440,87970,39381800.0,2739.0,24,2738.0,35
rb1805,20170609,20170608,210728500,2738.0,1440,87970,39381800.0,2739.0,25,2738.0,35
rb1805,20170609,20170608,210730000,2738.0,1454,87970,39765120.0,2739.0,25,2738.0,28
rb1805,20170609,20170608,210730500,2738.0,1454,87970,39765120.0,2739.0,20,2738.0,28
rb1805,20170609,20170608,210731500,2738.0,1494,88010,40860320.0,2739.0,20,2738.0,8
rb1805,20170609,20170608,210732000,2738.0,1494,88010,40860320.0,2739.0,21,2738.0,8
rb1805,20170609,20170608,210732500,2738.0,1494,88010,40860320.0,2739.0,21,2738.0,8
rb1805,20170609,20170608,210735000,2738.0,1494,88010,40860320.0,2739.0,20,2738.0,8
rb1805,20170609,20170608,210736000,2738.0,1494,88010,40860320.0,2739.0,20,2738.0,8
rb1805,20170609,20170608,210739000,2738.0,1494,88010,40860320.0,2739.0,20,2738.0,8
rb1805,20170609,20170608,210741500,2738.0,1494,88010,40860320.0,2739.0,20,2738.0,8
rb1805,20170609,20170608,210742500,2738.0,1494,88010,40860320.0,2739.0,20,2738.0,8
rb1805,20170609,20170608,210743000,2738.0,1494,88010,40860320.0,2739.0,20,2738.0,8
rb1805,20170609,20170608,210743500,2738.0,1494,88010,40860320.0,2739.0,20,2738.0,8
rb1805,20170609,20170608,210746500,2738.0,1494,88010,40860320.0,2739.0,20,2738.0,8
rb1805,20170609,20170608,210747500,2738.0,1494,88010,40860320.0,2739.0,20,2738.0,8
rb1805,20170609,20170608,210749000,2738.0,1494,88010,40860320.0,2739.0,20,2738.0,8
rb1805,20170609,20170608,210750000,2739.0,1498,88008,40969880.0,2739.0,18,2738.0,8
rb1805,20170609,20170608,210750500,2739.0,1498,88008,40969880.0,2739.0,18,2738.0,8
rb1805,20170609,20170608,210751500,2738.0,1500,88008,41024640.0,2739.0,18,2738.0,7
rb1805,20170609,20170608,210753500,2738.0,1500,88008,41024640.0,2739.0,18,2738.0,7
rb1805,20170609,20170608,210754000,2738.0,1500,88008,41024640.0,2739.0,18,2738.0,7
rb1805,20170609,20170608,210754500,2739.0,1520,88008,41572440.0,2739.0,8,2738.0,7
rb1805,20170609,20170608,210756000,2739.0,1520,88008,41572440.0,2739.0,8,2738.0,7
rb1805,20170609,20170608,210756500,2739.0,1520,88008,41572440.0,2739.0,13,2738.0,7
rb1805,20170609,20170608,210757500,2739.0,1520,88008,41572440.0,2739.0,13,2738.0,7
rb1805,20170609,20170608,210758000,2739.0,1520,88008,41572440.0,2739.0,13,2738.0,7
rb1805,20170609,20170608,210800500,2739.0,1520,88008,41572440.0,2739.0,13,2738.0,8
rb1805,20170609,20170608,210801000,2739.0,1520,88008,41572440.0,2739.0,8,2738.0,18
rb1805,20170609,20170608,210802500,2739.0,1524,88008,41682000.0,2739.0,6,2738.0,18
rb1805,20170609,20170608,210803000,2739.0,1524,88008,41682000.0,2739.0,6,2738.0,18
rb1805,20170609,20170608,210808500,2739.0,1524,88008,41682000.0,2739.0,6,2738.0,18
rb1805,20170609,20170608,210811500,2739.0,1524,88008,41682000.0,2739.0,6,2738.0,18
rb1805,20170609,20170608,210812000,2739.0,1524,88008,41682000.0,2739.0,6,2738.0,18
rb1805,20170609,20170608,210812500,2739.0,1524,88008,41682000.0,2739.0,6,2738.0,18
rb1805,20170609,20170608,210815500,2739.0,1524,88008,41682000.0,2739.0,6,2738.0,18
rb1805,20170609,20170608,210816500,2739.0,1524,88008,41682000.0,2739.0,6,2738.0,18
rb1805,20170609,20170608,210818000,2739.0,1524,88008,41682000.0,2739.0,6,2738.0,18
rb1805,20170609,20170608,210819500,2739.0,1524,88008,41682000.0,2739.0,11,2738.0,18
rb1805,20170609,20170608,210820500,2739.0,1524,88008,41682000.0,2739.0,12,2738.0,18
rb1805,20170609,20170608,210821500,2739.0,1524,88008,41682000.0,2739.0,12,2738.0,18
rb1805,20170609,20170608,210822500,2739.0,1524,88008,41682000.0,2739.0,11,2738.0,18
rb1805,20170609,20170608,210823500,2738.0,1532,88010,41901040.0,2739.0,11,2738.0,14
rb1805,20170609,20170608,210824000,2738.0,1532,88010,41901040.0,2739.0,12,2738.0,15
rb1805,20170609,20170608,210824500,2738.0,1562,88040,42722440.0,2738.0,5,2737.0,15
rb1805,20170609,20170608,210825000,2738.0,1562,88040,42722440.0,2738.0,5,2737.0,15
rb1805,20170609,20170608,210827000,2738.0,1562,88040,42722440.0,2738.0,5,2737.0,15
rb1805,20170609,20170608,210827500,2738.0,1562,88040,42722440.0,2738.0,6,2737.0,15
rb1805,20170609,20170608,210829500,2737.0,1566,88040,42831920.0,2738.0,6,2737.0,13
rb1805,20170609,20170608,210830000,2737.0,1566,88040,42831920.0,2738.0,6,2737.0,13
rb1805,20170609,20170608,210830500,2737.0,1566,88040,42831920.0,2738.0,6,2737.0,13
rb1805,20170609,20170608,210831000,2737.0,1566,88040,42831920.0,2738.0,6,2737.0,13
rb1805,20170609,20170608,210832000,2737.0,1566,88040,42831920.0,2738.0,6,2737.0,13
rb1805,20170609,20170608,210832500,2737.0,1566,88040,42831920.0,2738.0,9,2737.0,13
rb1805,20170609,20170608,210834000,2737.0,1566,88040,42831920.0,2738.0,9,2737.0,13
rb1805,20170609,20170608,210835500,2737.0,1566,88040,42831920.0,2738.0,4,2737.0,13
rb1805,20170609,20170608,210836500,2737.0,1566,88040,42831920.0,2738.0,3,2737.0,13
rb1805,20170609,20170608,210838500,2737.0,1566,88040,42831920.0,2738.0,3,2737.0,13
rb1805,20170609,20170608,210841000,2737.0,1566,88040,42831920.0,2738.0,3,2737.0,13
rb1805,20170609,20170608,210842000,2737.0,1566,88040,42831920.0,2738.0,3,2737.0,13
rb1805,20170609,20170608,210843500,2737.0,1566,88040,42831920.0,2738.0,3,2737.0,13
rb1805,20170609,20170608,210844500,2737.0,1566,88040,42831920.0,2738.0,3,2737.0,13
rb1805,20170609,20170608,210845500,2737.0,1566,88040,42831920.0,2738.0,3,2737.0,13
rb1805,20170609,20170608,210847000,2737.0,1566,88040,42831920.0,2738.0,8,2737.0,13
rb1805,20170609,20170608,210847500,2737.0,1576,88050,43105620.0,2738.0,9,2737.0,8
rb1805,20170609,20170608,210848000,2737.0,1580,88054,43215100.0,2738.0,9,2737.0,6
rb1805,20170609,20170608,210848500,2737.0,1592,88062,43543540.0,2737.0,7,2736.0,52
rb1805,20170609,20170608,210849000,2737.0,1592,88062,43543540.0,2737.0,1,2736.0,52
rb1805,20170609,20170608,210849500,2737.0,1592,88062,43543540.0,2737.0,1,2736.0,52
rb1805,20170609,20170608,210851000,2737.0,1592,88062,43543540.0,2737.0,1,2736.0,52
rb1805,20170609,20170608,210852500,2737.0,1592,88062,43543540.0,2737.0,1,2736.0,51
rb1805,20170609,20170608,210855000,2736.0,1612,88060,44090740.0,2737.0,1,2736.0,41
rb1805,20170609,20170608,210856000,2737.0,1614,88060,44145480.0,2738.0,9,2736.0,41
rb1805,20170609,20170608,210856500,2737.0,1614,88060,44145480.0,2738.0,8,2736.0,41
rb1805,20170609,20170608,210858000,2737.0,1614,88060,44145480.0,2738.0,9,2736.0,41
rb1805,20170609,20170608,210858500,2737.0,1614,88060,44145480.0,2738.0,9,2736.0,41
rb1805,20170609,20170608,210902000,2737.0,1614,88060,44145480.0,2738.0,10,2736.0,41
rb1805,20170609,20170608,210902500,2737.0,1614,88060,44145480.0,2737.0,2,2736.0,41
rb1805,20170609,20170608,210903500,2737.0,1618,88062,44254960.0,2738.0,9,2736.0,41
rb1805,20170609,20170608,210904500,2737.0,1618,88062,44254960.0,2738.0,9,2736.0,41
rb1805,20170609,20170608,210905500,2737.0,1618,88062,44254960.0,2738.0,9,2736.0,41
rb1805,20170609,20170608,210908000,2737.0,1618,88062,44254960.0,2738.0,9,2736.0,41
rb1805,20170609,20170608,210911500,2737.0,1618,88062,44254960.0,2738.0,9,2736.0,41
rb1805,20170609,20170608,210912500,2737.0,1618,88062,44254960.0,2738.0,9,2736.0,41
rb1805,20170609,20170608,210913000,2736.0,1622,88062,44364400.0,2738.0,9,2736.0,39
rb1805,20170609,20170608,210918000,2736.0,1622,88062,44364400.0,2738.0,9,2736.0,39
rb1805,20170609,20170608,210919500,2736.0,1622,88062,44364400.0,2738.0,9,2736.0,39
rb1805,20170609,20170608,210921000,2736.0,1622,88062,44364400.0,2738.0,9,2736.0,39
rb1805,20170609,20170608,210930000,2736.0,1622,88062,44364400.0,2738.0,11,2736.0,39
rb1805,20170609,20170608,210931000,2736.0,1622,88062,44364400.0,2738.0,11,2736.0,39
rb1805,20170609,20170608,210932500,2736.0,1622,88062,44364400.0,2738.0,11,2736.0,39
rb1805,20170609,20170608,210934000,2736.0,1622,88062,44364400.0,2738.0,11,2736.0,39
rb1805,20170609,20170608,210934500,2736.0,1624,88062,44419120.0,2738.0,11,2736.0,38
rb1805,20170609,20170608,210936000,2736.0,1624,88062,44419120.0,2738.0,11,2736.0,38
rb1805,20170609,20170608,210940500,2736.0,1624,88062,44419120.0,2738.0,11,2736.0,38
rb1805,20170609,20170608,210941000,2736.0,1624,88062,44419120.0,2738.0,11,2737.0,1
rb1805,20170609,20170608,210941500,2737.0,1626,88064,44473860.0,2737.0,1,2736.0,38
rb1805,20170609,20170608,210942000,2738.0,1628,88062,44528620.0,2738.0,10,2736.0,38
rb1805,20170609,20170608,210944000,2738.0,1628,88062,44528620.0,2738.0,10,2736.0,38
rb1805,20170609,20170608,210945000,2738.0,1628,88062,44528620.0,2738.0,10,2736.0,38
rb1805,20170609,20170608,210947000,2738.0,1628,88062,44528620.0,2738.0,11,2736.0,38
rb1805,20170609,20170608,210947500,2738.0,1628,88062,44528620.0,2738.0,11,2736.0,38
rb1805,20170609,20170608,210948500,2738.0,1628,88062,44528620.0,2737.0,3,2736.0,38
rb1805,20170609,20170608,210949000,2737.0,1648,88074,45075840.0,2737.0,7,2736.0,29
rb1805,20170609,20170608,210949500,2736.0,1660,88086,45404160.0,2737.0,8,2736.0,23
rb1805,20170609,20170608,210950000,2737.0,1662,88088,45458900.0,2737.0,27,2736.0,23
rb1805,20170609,20170608,210950500,2737.0,1662,88088,45458900.0,2737.0,27,2736.0,23
rb1805,20170609,20170608,210951000,2736.0,1676,88102,45841940.0,2737.0,28,2736.0,16
rb1805,20170609,20170608,210951500,2736.0,1676,88102,45841940.0,2737.0,28,2736.0,16
rb1805,20170609,20170608,210952000,2736.0,1696,88122,46389140.0,2737.0,28,2736.0,6
rb1805,20170609,20170608,210953000,2736.0,1696,88122,46389140.0,2737.0,27,2736.0,6
rb1805,20170609,20170608,210953500,2736.0,1696,88122,46389140.0,2737.0,27,2736.0,6
rb1805,20170609,20170608,210954000,2736.0,1698,88122,46443860.0,2737.0,26,2736.0,5
rb1805,20170609,20170608,210954500,2736.0,1708,88130,46717460.0,2736.0,21,2735.0,7
rb1805,20170609,20170608,210955000,2736.0,1708,88130,46717460.0,2736.0,21,2735.0,2
rb1805,20170609,20170608,210957000,2736.0,1708,88130,46717460.0,2736.0,21,2735.0,2
rb1805,20170609,20170608,210957500,2736.0,1708,88130,46717460.0,2736.0,26,2735.0,2
rb1805,20170609,20170608,210958500,2736.0,1708,88130,46717460.0,2736.0,21,2735.0,2
rb1805,20170609,20170608,210959000,2736.0,1710,88130,46772180.0,2736.0,20,2735.0,2
rb1805,20170609,20170608,210959500,2735.0,1714,88134,46881580.0,2736.0,20,2734.0,2
rb1805,20170609,20170608,211000000,2735.0,1714,88134,46881580.0,2736.0,20,2734.0,2
rb1805,20170609,20170608,211000500,2735.0,1714,88134,46881580.0,2736.0,20,2735.0,1
rb1805,20170609,20170608,211001000,2734.0,1718,88134,46990960.0,2736.0,25,2734.0,1
rb1805,20170609,20170608,211002000,2734.0,1718,88134,46990960.0,2735.0,3,2734.0,1
rb1805,20170609,20170608,211003000,2735.0,1722,88132,47100360.0,2735.0,1,2734.0,1
rb1805,20170609,20170608,211003500,2735.0,1724,88130,47155060.0,2736.0,24,2735.0,2
rb1805,20170609,20170608,211004000,2735.0,1724,88130,47155060.0,2736.0,19,2734.0,1
rb1805,20170609,20170608,211004500,2735.0,1724,88130,47155060.0,2736.0,19,2735.0,5
rb1805,20170609,20170608,211005000,2736.0,1746,88130,47756980.0,2736.0,8,2735.0,5
rb1805,20170609,20170608,211006000,2736.0,1746,88130,47756980.0,2737.0,5,2734.0,6
rb1805,20170609,20170608,211006500,2736.0,1746,88130,47756980.0,2737.0,5,2734.0,7
rb1805,20170609,20170608,211007000,2736.0,1746,88130,47756980.0,2737.0,5,2734.0,8
rb1805,20170609,20170608,211008000,2736.0,1746,88130,47756980.0,2737.0,5,2734.0,9
rb1805,20170609,20170608,211009500,2736.0,1746,88130,47756980.0,2737.0,5,2734.0,10
rb1805,20170609,20170608,211010000,2737.0,1748,88132,47811720.0,2737.0,4,2734.0,9
rb1805,20170609,20170608,211010500,2737.0,1748,88132,47811720.0,2737.0,5,2734.0,9
rb1805,20170609,20170608,211011500,2737.0,1748,88132,47811720.0,2737.0,5,2734.0,9
rb1805,20170609,20170608,211013000,2737.0,1748,88132,47811720.0,2737.0,5,2734.0,9
rb1805,20170609,20170608,211013500,2737.0,1748,88132,47811720.0,2737.0,5,2734.0,10
rb1805,20170609,20170608,211014000,2737.0,1748,88132,47811720.0,2737.0,5,2734.0,5
rb1805,20170609,20170608,211014500,2737.0,1748,88132,47811720.0,2737.0,5,2734.0,5
rb1805,20170609,20170608,211015000,2737.0,1748,88132,47811720.0,2737.0,5,2734.0,10
rb1805,20170609,20170608,211015500,2737.0,1748,88132,47811720.0,2737.0,5,2734.0,5
rb1805,20170609,20170608,211016000,2737.0,1748,88132,47811720.0,2736.0,2,2734.0,5
rb1805,20170609,20170608,211016500,2737.0,1748,88132,47811720.0,2736.0,6,2734.0,5
rb1805,20170609,20170608,211017000,2737.0,1748,88132,47811720.0,2736.0,6,2734.0,6
rb1805,20170609,20170608,211018500,2737.0,1748,88132,47811720.0,2736.0,6,2734.0,5
rb1805,20170609,20170608,211020000,2737.0,1748,88132,47811720.0,2736.0,6,2735.0,1
rb1805,20170609,20170608,211020500,2735.0,1750,88132,47866420.0,2735.0,3,2734.0,4
rb1805,20170609,20170608,211021000,2735.0,1750,88132,47866420.0,2735.0,1,2734.0,4
rb1805,20170609,20170608,211022000,2735.0,1750,88132,47866420.0,2735.0,1,2734.0,4
rb1805,20170609,20170608,211022500,2735.0,1750,88132,47866420.0,2735.0,1,2734.0,4
rb1805,20170609,20170608,211023000,2735.0,1750,88132,47866420.0,2735.0,5,2734.0,4
rb1805,20170609,20170608,211023500,2735.0,1750,88132,47866420.0,2735.0,5,2734.0,4
rb1805,20170609,20170608,211024000,2735.0,1750,88132,47866420.0,2735.0,6,2734.0,4
rb1805,20170609,20170608,211026500,2735.0,1750,88132,47866420.0,2735.0,5,2734.0,4
rb1805,20170609,20170608,211027000,2735.0,1750,88132,47866420.0,2735.0,6,2734.0,4
rb1805,20170609,20170608,211029000,2735.0,1750,88132,47866420.0,2735.0,5,2734.0,4
rb1805,20170609,20170608,211029500,2735.0,1760,88142,48139920.0,2736.0,6,2734.0,4
rb1805,20170609,20170608,211030000,2734.0,1762,88144,48194600.0,2736.0,2,2734.0,8
rb1805,20170609,20170608,211030500,2734.0,1762,88144,48194600.0,2735.0,1,2734.0,8
rb1805,20170609,20170608,211031000,2734.0,1766,88148,48303960.0,2736.0,2,2734.0,6
rb1805,20170609,20170608,211031500,2734.0,1766,88148,48303960.0,2736.0,2,2734.0,6
rb1805,20170609,20170608,211032000,2734.0,1766,88148,48303960.0,2736.0,2,2734.0,1
rb1805,20170609,20170608,211032500,2734.0,1766,88148,48303960.0,2736.0,2,2734.0,1
rb1805,20170609,20170608,211033500,2734.0,1766,88148,48303960.0,2736.0,3,2734.0,1
rb1805,20170609,20170608,211035000,2734.0,1766,88148,48303960.0,2736.0,3,2734.0,1
rb1805,20170609,20170608,211035500,2734.0,1766,88148,48303960.0,2735.0,1,2734.0,1
rb1805,20170609,20170608,211036500,2734.0,1768,88150,48358640.0,2735.0,1,2733.0,1
rb1805,20170609,20170608,211038500,2734.0,1768,88150,48358640.0,2735.0,1,2734.0,1
rb1805,20170609,20170608,211039000,2734.0,1768,88150,48358640.0,2735.0,1,2734.0,6
rb1805,20170609,20170608,211039500,2734.0,1768,88150,48358640.0,2736.0,3,2734.0,6
rb1805,20170609,20170608,211040500,2734.0,1768,88150,48358640.0,2736.0,3,2734.0,1
rb1805,20170609,20170608,211042500,2734.0,1768,88150,48358640.0,2736.0,3,2734.0,1
rb1805,20170609,20170608,211044000,2734.0,1768,88150,48358640.0,2736.0,3,2734.0,1
rb1805,20170609,20170608,211044500,2734.0,1768,88150,48358640.0,2736.0,3,2734.0,1
rb1805,20170609,20170608,211045500,2734.0,1768,88150,48358640.0,2735.0,3,2734.0,1
rb1805,20170609,20170608,211046500,2735.0,1774,88156,48522740.0,2736.0,3,2734.0,1
rb1805,20170609,20170608,211047500,2735.0,1774,88156,48522740.0,2736.0,3,2734.0,1
rb1805,20170609,20170608,211049000,2735.0,1774,88156,48522740.0,2736.0,3,2734.0,6
rb1805,20170609,20170608,211049500,2736.0,1790,88164,48960360.0,2735.0,1,2734.0,3
rb1805,20170609,20170608,211050500,2734.0,1796,88158,49124400.0,2734.0,7,2733.0,7
rb1805,20170609,20170608,211051000,2734.0,1796,88158,49124400.0,2734.0,7,2733.0,7
rb1805,20170609,20170608,211051500,2734.0,1796,88158,49124400.0,2734.0,7,2733.0,8
rb1805,20170609,20170608,211052000,2734.0,1810,88156,49507160.0,2735.0,1,2734.0,6
rb1805,20170609,20170608,211052500,2734.0,1810,88156,49507160.0,2735.0,1,2734.0,2
rb1805,20170609,20170608,211053000,2734.0,1810,88156,49507160.0,2735.0,1,2733.0,8
rb1805,20170609,20170608,211053500,2734.0,1810,88156,49507160.0,2735.0,1,2734.0,2
rb1805,20170609,20170608,211054000,2734.0,1810,88156,49507160.0,2735.0,2,2734.0,2
rb1805,20170609,20170608,211056500,2734.0,1810,88156,49507160.0,2735.0,2,2734.0,2
rb1805,20170609,20170608,211058500,2734.0,1810,88156,49507160.0,2735.0,2,2734.0,2
rb1805,20170609,20170608,211059000,2734.0,1810,88156,49507160.0,2735.0,2,2734.0,2
rb1805,20170609,20170608,211059500,2734.0,1810,88156,49507160.0,2735.0,2,2734.0,2
rb1805,20170609,20170608,211101500,2734.0,1810,88156,49507160.0,2735.0,2,2734.0,2
rb1805,20170609,20170608,211102000,2734.0,1814,88152,49616520.0,2734.0,8,2733.0,8
rb1805,20170609,20170608,211102500,2734.0,1814,88152,49616520.0,2734.0,8,2733.0,3
rb1805,20170609,20170608,211104000,2734.0,1814,88152,49616520.0,2734.0,8,2733.0,3
rb1805,20170609,20170608,211104500,2734.0,1814,88152,49616520.0,2734.0,8,2733.0,3
rb1805,20170609,20170608,211105500,2734.0,1814,88152,49616520.0,2734.0,8,2733.0,4
rb1805,20170609,20170608,211106000,2734.0,1814,88152,49616520.0,2734.0,8,2733.0,3
rb1805,20170609,20170608,211108500,2734.0,1816,88150,49671200.0,2734.0,7,2733.0,3
rb1805,20170609,20170608,211109500,2734.0,1816,88150,49671200.0,2734.0,7,2733.0,4
rb1805,20170609,20170608,211110000,2734.0,1816,88150,49671200.0,2734.0,8,2733.0,4
rb1805,20170609,20170608,211111000,2734.0,1816,88150,49671200.0,2734.0,8,2733.0,10
rb1805,20170609,20170608,211111500,2734.0,1832,88150,50108640.0,2735.0,1,2733.0,10
rb1805,20170609,20170608,211112000,2734.0,1832,88150,50108640.0,2735.0,1,2733.0,11
rb1805,20170609,20170608,211112500,2734.0,1832,88150,50108640.0,2735.0,1,2733.0,11
rb1805,20170609,20170608,211113000,2734.0,1832,88150,50108640.0,2735.0,1,2733.0,12
rb1805,20170609,20170608,211113500,2734.0,1832,88150,50108640.0,2735.0,1,2734.0,5
rb1805,20170609,20170608,211114000,2734.0,1832,88150,50108640.0,2735.0,1,2734.0,6
rb1805,20170609,20170608,211119000,2734.0,1832,88150,50108640.0,2735.0,2,2734.0,6
rb1805,20170609,20170608,211120500,2735.0,1834,88150,50163340.0,2735.0,1,2734.0,6
rb1805,20170609,20170608,211121000,2735.0,1834,88150,50163340.0,2735.0,1,2734.0,6
rb1805,20170609,20170608,211121500,2735.0,1834,88150,50163340.0,2735.0,1,2734.0,6
rb1805,20170609,20170608,211124000,2735.0,1834,88150,50163340.0,2735.0,1,2734.0,6
rb1805,20170609,20170608,211125000,2735.0,1836,88152,50218040.0,2737.0,6,2734.0,6
rb1805,20170609,20170608,211125500,2735.0,1836,88152,50218040.0,2736.0,2,2734.0,11
rb1805,20170609,20170608,211128500,2735.0,1836,88152,50218040.0,2736.0,2,2734.0,11
rb1805,20170609,20170608,211129000,2735.0,1836,88152,50218040.0,2736.0,2,2734.0,11
rb1805,20170609,20170608,211130000,2735.0,1836,88152,50218040.0,2736.0,2,2734.0,11
rb1805,20170609,20170608,211130500,2735.0,1836,88152,50218040.0,2736.0,7,2734.0,11
rb1805,20170609,20170608,211132000,2734.0,1838,88152,50272720.0,2736.0,7,2734.0,10
rb1805,20170609,20170608,211132500,2734.0,1838,88152,50272720.0,2736.0,12,2734.0,10
rb1805,20170609,20170608,211133000,2734.0,1838,88152,50272720.0,2736.0,12,2734.0,10
rb1805,20170609,20170608,211134000,2734.0,1842,88152,50382080.0,2736.0,12,2734.0,8
rb1805,20170609,20170608,211135000,2734.0,1842,88152,50382080.0,2736.0,12,2734.0,8
rb1805,20170609,20170608,211136500,2734.0,1842,88152,50382080.0,2736.0,12,2734.0,11
rb1805,20170609,20170608,211139500,2734.0,1842,88152,50382080.0,2736.0,12,2735.0,3
rb1805,20170609,20170608,211140000,2734.0,1842,88152,50382080.0,2736.0,7,2735.0,3
rb1805,20170609,20170608,211140500,2734.0,1844,88152,50436760.0,2736.0,7,2735.0,2
rb1805,20170609,20170608,211141000,2734.0,1844,88152,50436760.0,2736.0,7,2735.0,2
rb1805,20170609,20170608,211141500,2734.0,1844,88152,50436760.0,2736.0,7,2735.0,2
rb1805,20170609,20170608,211142500,2734.0,1844,88152,50436760.0,2736.0,7,2735.0,2
rb1805,20170609,20170608,211143500,2734.0,1844,88152,50436760.0,2736.0,7,2735.0,2
rb1805,20170609,20170608,211144000,2734.0,1844,88152,50436760.0,2736.0,7,2735.0,2
rb1805,20170609,20170608,211145000,2734.0,1844,88152,50436760.0,2736.0,7,2735.0,2
rb1805,20170609,20170608,211146000,2734.0,1844,88152,50436760.0,2736.0,7,2735.0,7
rb1805,20170609,20170608,211148500,2734.0,1844,88152,50436760.0,2736.0,7,2735.0,8
rb1805,20170609,20170608,211149000,2734.0,1844,88152,50436760.0,2736.0,8,2735.0,8
rb1805,20170609,20170608,211150500,2734.0,1844,88152,50436760.0,2736.0,8,2735.0,8
rb1805,20170609,20170608,211155500,2734.0,1846,88152,50491440.0,2736.0,8,2735.0,7
rb1805,20170609,20170608,211157000,2734.0,1846,88152,50491440.0,2736.0,6,2735.0,7
rb1805,20170609,20170608,211159000,2734.0,1846,88152,50491440.0,2736.0,6,2735.0,2
rb1805,20170609,20170608,211159500,2734.0,1846,88152,50491440.0,2736.0,6,2735.0,2
rb1805,20170609,20170608,211200500,2736.0,1848,88152,50546160.0,2736.0,5,2735.0,2
rb1805,20170609,20170608,211203500,2736.0,1848,88152,50546160.0,2736.0,5,2735.0,7
rb1805,20170609,20170608,211205500,2736.0,1848,88152,50546160.0,2736.0,5,2735.0,7
rb1805,20170609,20170608,211207500,2736.0,1848,88152,50546160.0,2736.0,5,2735.0,7
rb1805,20170609,20170608,211208000,2736.0,1848,88152,50546160.0,2736.0,5,2735.0,8
rb1805,20170609,20170608,211209000,2735.0,1850,88152,50600860.0,2736.0,5,2735.0,7
rb1805,20170609,20170608,211209500,2736.0,1860,88152,50874460.0,2737.0,6,2735.0,8
rb1805,20170609,20170608,211210000,2736.0,1860,88152,50874460.0,2737.0,6,2735.0,9
rb1805,20170609,20170608,211210500,2736.0,1860,88152,50874460.0,2737.0,2,2735.0,9
rb1805,20170609,20170608,211212000,2736.0,1860,88152,50874460.0,2737.0,2,2735.0,10
rb1805,20170609,20170608,211212500,2736.0,1860,88152,50874460.0,2737.0,2,2735.0,10
rb1805,20170609,20170608,211214000,2736.0,1860,88152,50874460.0,2737.0,2,2736.0,1
rb1805,20170609,20170608,211214500,2736.0,1860,88152,50874460.0,2737.0,2,2736.0,1
rb1805,20170609,20170608,211215500,2737.0,1862,88152,50929200.0,2737.0,1,2736.0,1
rb1805,20170609,20170608,211216000,2737.0,1864,88150,50983940.0,2738.0,3,2737.0,1
rb1805,20170609,20170608,211216500,2737.0,1866,88148,51038680.0,2737.0,7,2736.0,1
rb1805,20170609,20170608,211217000,2737.0,1866,88148,51038680.0,2737.0,5,2736.0,1
rb1805,20170609,20170608,211217500,2737.0,1866,88148,51038680.0,2737.0,4,2736.0,1
rb1805,20170609,20170608,211218000,2737.0,1866,88148,51038680.0,2738.0,3,2736.0,1
rb1805,20170609,20170608,211220000,2737.0,1866,88148,51038680.0,2738.0,3,2736.0,6
rb1805,20170609,20170608,211221000,2737.0,1866,88148,51038680.0,2738.0,3,2736.0,7
rb1805,20170609,20170608,211222000,2737.0,1866,88148,51038680.0,2737.0,4,2736.0,7
rb1805,20170609,20170608,211224500,2737.0,1866,88148,51038680.0,2737.0,4,2736.0,8
rb1805,20170609,20170608,211226000,2737.0,1866,88148,51038680.0,2737.0,4,2736.0,7
rb1805,20170609,20170608,211227500,2737.0,1866,88148,51038680.0,2737.0,4,2736.0,7
rb1805,20170609,20170608,211228000,2737.0,1866,88148,51038680.0,2737.0,4,2736.0,8
rb1805,20170609,20170608,211229000,2737.0,1866,88148,51038680.0,2737.0,4,2736.0,8
rb1805,20170609,20170608,211230000,2737.0,1868,88150,51093420.0,2737.0,3,2736.0,8
rb1805,20170609,20170608,211232000,2737.0,1868,88150,51093420.0,2737.0,3,2736.0,7
rb1805,20170609,20170608,211232500,2737.0,1868,88150,51093420.0,2737.0,3,2736.0,7
rb1805,20170609,20170608,211233000,2737.0,1868,88150,51093420.0,2737.0,4,2736.0,2
rb1805,20170609,20170608,211234000,2737.0,1868,88150,51093420.0,2737.0,4,2736.0,1
rb1805,20170609,20170608,211234500,2737.0,1868,88150,51093420.0,2737.0,4,2736.0,1
rb1805,20170609,20170608,211236000,2736.0,1870,88150,51148140.0,2737.0,5,2735.0,8
rb1805,20170609,20170608,211237000,2736.0,1870,88150,51148140.0,2737.0,4,2735.0,8
rb1805,20170609,20170608,211240500,2736.0,1870,88150,51148140.0,2737.0,4,2735.0,7
rb1805,20170609,20170608,211241000,2736.0,1870,88150,51148140.0,2737.0,4,2735.0,7
rb1805,20170609,20170608,211242000,2736.0,1870,88150,51148140.0,2737.0,4,2735.0,8
rb1805,20170609,20170608,211243500,2735.0,1872,88150,51202840.0,2737.0,4,2735.0,7
rb1805,20170609,20170608,211244000,2735.0,1872,88150,51202840.0,2737.0,4,2735.0,7
rb1805,20170609,20170608,211245000,2735.0,1872,88150,51202840.0,2737.0,4,2736.0,1
rb1805,20170609,20170608,211245500,2735.0,1872,88150,51202840.0,2737.0,4,2736.0,6
rb1805,20170609,20170608,211247000,2735.0,1872,88150,51202840.0,2737.0,4,2736.0,6
rb1805,20170609,20170608,211248000,2735.0,1872,88150,51202840.0,2737.0,4,2736.0,7
rb1805,20170609,20170608,211249500,2735.0,1872,88150,51202840.0,2737.0,4,2736.0,1
rb1805,20170609,20170608,211250500,2735.0,1872,88150,51202840.0,2737.0,9,2736.0,1
rb1805,20170609,20170608,211251500,2735.0,1872,88150,51202840.0,2737.0,9,2736.0,1
rb1805,20170609,20170608,211252000,2735.0,1872,88150,51202840.0,2737.0,4,2736.0,2
rb1805,20170609,20170608,211253500,2736.0,1874,88150,51257560.0,2737.0,4,2736.0,1
rb1805,20170609,20170608,211255000,2736.0,1874,88150,51257560.0,2737.0,4,2736.0,1
rb1805,20170609,20170608,211256500,2736.0,1874,88150,51257560.0,2737.0,4,2736.0,6
rb1805,20170609,20170608,211257500,2737.0,1876,88150,51312300.0,2737.0,3,2736.0,6
rb1805,20170609,20170608,211258000,2737.0,1878,88152,51367040.0,2737.0,2,2736.0,6
rb1805,20170609,20170608,211258500,2737.0,1882,88150,51476520.0,2738.0,3,2737.0,10
rb1805,20170609,20170608,211300000,2737.0,1882,88150,51476520.0,2738.0,3,2737.0,10
rb1805,20170609,20170608,211300500,2737.0,1882,88150,51476520.0,2738.0,3,2737.0,10
rb1805,20170609,20170608,211301000,2738.0,1890,88152,51695540.0,2739.0,61,2738.0,7
rb1805,20170609,20170608,211301500,2738.0,1904,88152,52078860.0,2738.0,5,2737.0,9
rb1805,20170609,20170608,211302000,2738.0,1904,88152,52078860.0,2739.0,62,2737.0,9
rb1805,20170609,20170608,211303500,2738.0,1904,88152,52078860.0,2739.0,62,2737.0,9
rb1805,20170609,20170608,211304500,2738.0,1904,88152,52078860.0,2739.0,62,2737.0,9
rb1805,20170609,20170608,211305500,2738.0,1904,88152,52078860.0,2739.0,61,2737.0,10
rb1805,20170609,20170608,211306500,2738.0,1904,88152,52078860.0,2739.0,61,2737.0,15
rb1805,20170609,20170608,211307000,2737.0,1908,88152,52188340.0,2739.0,61,2737.0,13
rb1805,20170609,20170608,211307500,2737.0,1908,88152,52188340.0,2739.0,62,2737.0,13
rb1805,20170609,20170608,211308000,2737.0,1908,88152,52188340.0,2738.0,2,2737.0,13
rb1805,20170609,20170608,211308500,2737.0,1908,88152,52188340.0,2738.0,3,2737.0,13
rb1805,20170609,20170608,211309000,2737.0,1908,88152,52188340.0,2738.0,3,2737.0,13
rb1805,20170609,20170608,211311000,2737.0,1908,88152,52188340.0,2738.0,3,2737.0,13
rb1805,20170609,20170608,211313500,2737.0,1908,88152,52188340.0,2738.0,3,2737.0,13
rb1805,20170609,20170608,211317500,2737.0,1908,88152,52188340.0,2738.0,3,2737.0,14
rb1805,20170609,20170608,211318000,2737.0,1908,88152,52188340.0,2738.0,3,2737.0,9
rb1805,20170609,20170608,211321000,2737.0,1908,88152,52188340.0,2738.0,3,2737.0,14
rb1805,20170609,20170608,211322500,2737.0,1908,88152,52188340.0,2738.0,3,2737.0,15
rb1805,20170609,20170608,211323000,2738.0,1914,88156,52352620.0,2739.0,61,2738.0,3
rb1805,20170609,20170608,211323500,2738.0,1914,88156,52352620.0,2739.0,61,2737.0,15
rb1805,20170609,20170608,211324000,2738.0,1914,88156,52352620.0,2739.0,61,2738.0,5
rb1805,20170609,20170608,211325500,2738.0,1916,88156,52407380.0,2739.0,61,2738.0,4
rb1805,20170609,20170608,211326000,2738.0,1918,88156,52462140.0,2739.0,61,2738.0,3
rb1805,20170609,20170608,211326500,2738.0,1918,88156,52462140.0,2739.0,61,2738.0,3
rb1805,20170609,20170608,211330000,2738.0,1918,88156,52462140.0,2739.0,61,2738.0,8
rb1805,20170609,20170608,211331500,2738.0,1918,88156,52462140.0,2739.0,61,2738.0,8
rb1805,20170609,20170608,211334500,2738.0,1918,88156,52462140.0,2739.0,61,2738.0,3
rb1805,20170609,20170608,211336500,2738.0,1918,88156,52462140.0,2739.0,61,2738.0,3
rb1805,20170609,20170608,211337500,2738.0,1918,88156,52462140.0,2739.0,61,2738.0,3
rb1805,20170609,20170608,211339000,2738.0,1918,88156,52462140.0,2739.0,61,2738.0,4
rb1805,20170609,20170608,211341000,2738.0,1918,88156,52462140.0,2739.0,61,2738.0,4
rb1805,20170609,20170608,211342500,2738.0,1918,88156,52462140.0,2739.0,61,2738.0,9
rb1805,20170609,20170608,211347000,2738.0,1918,88156,52462140.0,2739.0,61,2738.0,4
rb1805,20170609,20170608,211347500,2738.0,1926,88154,52681180.0,2738.0,4,2737.0,13
rb1805,20170609,20170608,211348000,2738.0,1926,88154,52681180.0,2739.0,62,2737.0,8
rb1805,20170609,20170608,211348500,2738.0,1926,88154,52681180.0,2739.0,61,2737.0,8
rb1805,20170609,20170608,211351000,2738.0,1926,88154,52681180.0,2739.0,61,2737.0,13
rb1805,20170609,20170608,211353500,2738.0,1926,88154,52681180.0,2739.0,61,2738.0,1
rb1805,20170609,20170608,211354000,2738.0,1928,88152,52735940.0,2739.0,61,2737.0,13
rb1805,20170609,20170608,211355500,2738.0,1928,88152,52735940.0,2739.0,61,2737.0,13
rb1805,20170609,20170608,211356500,2738.0,1928,88152,52735940.0,2739.0,60,2738.0,3
rb1805,20170609,20170608,211357000,2738.0,1930,88152,52790700.0,2739.0,60,2738.0,2
rb1805,20170609,20170608,211358000,2738.0,1930,88152,52790700.0,2739.0,60,2738.0,5
rb1805,20170609,20170608,211358500,2738.0,1930,88152,52790700.0,2739.0,60,2737.0,13
rb1805,20170609,20170608,211400000,2738.0,1930,88152,52790700.0,2739.0,60,2738.0,1
rb1805,20170609,20170608,211400500,2738.0,1930,88152,52790700.0,2739.0,65,2738.0,1
rb1805,20170609,20170608,211403000,2738.0,1930,88152,52790700.0,2739.0,65,2738.0,1
rb1805,20170609,20170608,211403500,2738.0,1930,88152,52790700.0,2739.0,66,2738.0,1
rb1805,20170609,20170608,211404000,2738.0,1932,88152,52845460.0,2738.0,1,2737.0,13
rb1805,20170609,20170608,211404500,2738.0,1934,88152,52900220.0,2738.0,5,2737.0,8
rb1805,20170609,20170608,211405000,2738.0,1934,88152,52900220.0,2738.0,5,2737.0,8
rb1805,20170609,20170608,211405500,2738.0,1936,88152,52954980.0,2738.0,5,2737.0,8
rb1805,20170609,20170608,211406000,2737.0,1946,88158,53228680.0,2738.0,5,2737.0,3
rb1805,20170609,20170608,211406500,2737.0,1946,88158,53228680.0,2738.0,5,2737.0,3
rb1805,20170609,20170608,211408000,2737.0,1946,88158,53228680.0,2738.0,4,2737.0,3
rb1805,20170609,20170608,211409000,2737.0,1946,88158,53228680.0,2738.0,4,2737.0,3
rb1805,20170609,20170608,211409500,2737.0,1946,88158,53228680.0,2739.0,64,2737.0,3
rb1805,20170609,20170608,211410500,2737.0,1946,88158,53228680.0,2739.0,64,2737.0,3
rb1805,20170609,20170608,211411000,2737.0,1946,88158,53228680.0,2739.0,60,2737.0,8
rb1805,20170609,20170608,211412000,2737.0,1946,88158,53228680.0,2739.0,59,2737.0,8
rb1805,20170609,20170608,211414000,2737.0,1946,88158,53228680.0,2739.0,59,2737.0,8
rb1805,20170609,20170608,211416500,2739.0,1974,88130,53995600.0,2739.0,45,2737.0,8
rb1805,20170609,20170608,211417000,2739.0,1974,88130,53995600.0,2739.0,49,2737.0,3
rb1805,20170609,20170608,211419000,2739.0,1974,88130,53995600.0,2739.0,49,2737.0,3
rb1805,20170609,20170608,211419500,2739.0,1974,88130,53995600.0,2739.0,49,2737.0,3
rb1805,20170609,20170608,211422500,2739.0,1974,88130,53995600.0,2739.0,50,2737.0,3
rb1805,20170609,20170608,211423000,2739.0,1974,88130,53995600.0,2739.0,50,2737.0,8
rb1805,20170609,20170608,211425000,2739.0,1974,88130,53995600.0,2738.0,1,2737.0,8
rb1805,20170609,20170608,211426000,2739.0,1974,88130,53995600.0,2738.0,1,2737.0,8
rb1805,20170609,20170608,211426500,2739.0,1974,88130,53995600.0,2738.0,1,2737.0,9
rb1805,20170609,20170608,211427000,2738.0,1976,88130,54050360.0,2739.0,46,2738.0,3
rb1805,20170609,20170608,211427500,2738.0,1976,88130,54050360.0,2739.0,46,2737.0,9
rb1805,20170609,20170608,211428000,2738.0,1976,88130,54050360.0,2739.0,50,2737.0,4
rb1805,20170609,20170608,211428500,2738.0,1976,88130,54050360.0,2739.0,50,2737.0,3
rb1805,20170609,20170608,211429000,2738.0,1976,88130,54050360.0,2739.0,50,2737.0,3
rb1805,20170609,20170608,211429500,2738.0,1976,88130,54050360.0,2739.0,50,2737.0,4
rb1805,20170609,20170608,211433500,2738.0,1976,88130,54050360.0,2739.0,46,2737.0,9
rb1805,20170609,20170608,211434500,2738.0,1976,88130,54050360.0,2738.0,5,2737.0,9
rb1805,20170609,20170608,211435500,2738.0,1976,88130,54050360.0,2738.0,5,2737.0,4
rb1805,20170609,20170608,211436500,2738.0,1978,88130,54105120.0,2738.0,4,2737.0,4
rb1805,20170609,20170608,211439500,2738.0,1978,88130,54105120.0,2738.0,4,2737.0,4
rb1805,20170609,20170608,211440000,2738.0,1986,88130,54324160.0,2739.0,46,2737.0,9
rb1805,20170609,20170608,211440500,2738.0,1986,88130,54324160.0,2739.0,46,2738.0,2
rb1805,20170609,20170608,211441000,2738.0,1986,88130,54324160.0,2739.0,46,2737.0,9
rb1805,20170609,20170608,211441500,2738.0,1986,88130,54324160.0,2739.0,46,2737.0,9
rb1805,20170609,20170608,211442000,2738.0,1986,88130,54324160.0,2739.0,50,2737.0,9
rb1805,20170609,20170608,211444500,2738.0,1986,88130,54324160.0,2739.0,50,2737.0,9
rb1805,20170609,20170608,211446000,2738.0,1986,88130,54324160.0,2739.0,50,2737.0,9
rb1805,20170609,20170608,211446500,2738.0,1986,88130,54324160.0,2739.0,50,2737.0,9
rb1805,20170609,20170608,211448500,2738.0,1986,88130,54324160.0,2739.0,50,2737.0,9
rb1805,20170609,20170608,211451000,2738.0,1986,88130,54324160.0,2739.0,50,2737.0,9
rb1805,20170609,20170608,211453000,2738.0,1986,88130,54324160.0,2739.0,50,2737.0,11
rb1805,20170609,20170608,211454000,2738.0,1986,88130,54324160.0,2739.0,50,2737.0,11
rb1805,20170609,20170608,211456000,2738.0,1986,88130,54324160.0,2739.0,50,2737.0,11
rb1805,20170609,20170608,211457000,2738.0,1986,88130,54324160.0,2739.0,50,2737.0,11
rb1805,20170609,20170608,211458000,2738.0,1986,88130,54324160.0,2739.0,50,2737.0,11
rb1805,20170609,20170608,211503000,2738.0,1986,88130,54324160.0,2739.0,50,2737.0,11
rb1805,20170609,20170608,211503500,2738.0,1986,88130,54324160.0,2739.0,50,2737.0,11
rb1805,20170609,20170608,211506500,2738.0,1986,88130,54324160.0,2739.0,50,2737.0,6
rb1805,20170609,20170608,211507500,2738.0,1986,88130,54324160.0,2739.0,50,2737.0,6
rb1805,20170609,20170608,211509500,2738.0,1986,88130,54324160.0,2739.0,51,2737.0,6
rb1805,20170609,20170608,211510000,2738.0,1986,88130,54324160.0,2739.0,51,2737.0,7
rb1805,20170609,20170608,211510500,2738.0,1986,88130,54324160.0,2739.0,51,2737.0,12
rb1805,20170609,20170608,211513000,2738.0,1986,88130,54324160.0,2739.0,47,2737.0,12
rb1805,20170609,20170608,211517000,2738.0,1986,88130,54324160.0,2739.0,47,2737.0,12
rb1805,20170609,20170608,211518500,2738.0,1986,88130,54324160.0,2739.0,47,2738.0,1
rb1805,20170609,20170608,211519000,2738.0,1988,88130,54378920.0,2738.0,24,2737.0,12
rb1805,20170609,20170608,211519500,2738.0,1988,88130,54378920.0,2738.0,25,2737.0,12
rb1805,20170609,20170608,211522500,2738.0,1988,88130,54378920.0,2738.0,25,2737.0,7
rb1805,20170609,20170608,211526000,2738.0,1988,88130,54378920.0,2738.0,25,2737.0,6
rb1805,20170609,20170608,211527000,2738.0,1988,88130,54378920.0,2738.0,25,2737.0,11
rb1805,20170609,20170608,211528500,2738.0,1988,88130,54378920.0,2738.0,25,2737.0,11
rb1805,20170609,20170608,211529000,2738.0,1988,88130,54378920.0,2738.0,25,2737.0,11
rb1805,20170609,20170608,211530500,2738.0,1988,88130,54378920.0,2738.0,25,2737.0,11
rb1805,20170609,20170608,211531000,2738.0,1988,88130,54378920.0,2738.0,25,2737.0,11
rb1805,20170609,20170608,211531500,2738.0,1988,88130,54378920.0,2738.0,25,2737.0,6
rb1805,20170609,20170608,211533500,2738.0,1988,88130,54378920.0,2738.0,25,2737.0,6
rb1805,20170609,20170608,211534000,2738.0,1988,88130,54378920.0,2738.0,29,2737.0,6
rb1805,20170609,20170608,211536500,2738.0,1988,88130,54378920.0,2738.0,25,2737.0,6
rb1805,20170609,20170608,211539500,2738.0,1988,88130,54378920.0,2738.0,25,2737.0,6
rb1805,20170609,20170608,211541000,2738.0,1988,88130,54378920.0,2738.0,25,2737.0,6
rb1805,20170609,20170608,211542000,2738.0,1988,88130,54378920.0,2738.0,25,2737.0,6
rb1805,20170609,20170608,211544000,2738.0,1988,88130,54378920.0,2738.0,25,2737.0,6
rb1805,20170609,20170608,211546000,2738.0,1988,88130,54378920.0,2738.0,25,2737.0,11
rb1805,20170609,20170608,211548500,2738.0,1992,88130,54488440.0,2738.0,23,2737.0,11
rb1805,20170609,20170608,211550500,2738.0,1992,88130,54488440.0,2738.0,23,2737.0,11
rb1805,20170609,20170608,211552500,2738.0,2002,88128,54762240.0,2738.0,18,2737.0,11
rb1805,20170609,20170608,211554000,2738.0,2002,88128,54762240.0,2738.0,18,2737.0,11
rb1805,20170609,20170608,211556000,2738.0,2006,88128,54871760.0,2738.0,16,2737.0,11
rb1805,20170609,20170608,211559000,2738.0,2006,88128,54871760.0,2738.0,16,2737.0,12
rb1805,20170609,20170608,211603500,2738.0,2006,88128,54871760.0,2738.0,16,2737.0,12
rb1805,20170609,20170608,211604000,2738.0,2006,88128,54871760.0,2738.0,16,2737.0,13
rb1805,20170609,20170608,211605000,2738.0,2006,88128,54871760.0,2738.0,16,2737.0,13
rb1805,20170609,20170608,211605500,2738.0,2030,88128,55528880.0,2738.0,4,2737.0,13
rb1805,20170609,20170608,211606000,2738.0,2038,88124,55747920.0,2739.0,47,2738.0,38
rb1805,20170609,20170608,211606500,2738.0,2038,88124,55747920.0,2739.0,47,2738.0,39
rb1805,20170609,20170608,211607000,2738.0,2038,88124,55747920.0,2739.0,47,2738.0,40
rb1805,20170609,20170608,211608000,2738.0,2038,88124,55747920.0,2739.0,47,2738.0,40
rb1805,20170609,20170608,211608500,2738.0,2038,88124,55747920.0,2739.0,47,2738.0,40
rb1805,20170609,20170608,211609500,2738.0,2038,88124,55747920.0,2739.0,47,2738.0,40
rb1805,20170609,20170608,211610000,2739.0,2044,88118,55912260.0,2739.0,44,2738.0,40
rb1805,20170609,20170608,211610500,2739.0,2044,88118,55912260.0,2739.0,44,2738.0,39
rb1805,20170609,20170608,211611500,2739.0,2044,88118,55912260.0,2739.0,44,2738.0,48
rb1805,20170609,20170608,211613000,2739.0,2044,88118,55912260.0,2739.0,44,2738.0,49
rb1805,20170609,20170608,211613500,2739.0,2048,88118,56021820.0,2739.0,42,2738.0,49
rb1805,20170609,20170608,211614000,2739.0,2054,88116,56186160.0,2739.0,39,2738.0,49
rb1805,20170609,20170608,211614500,2739.0,2058,88116,56295720.0,2739.0,37,2738.0,49
rb1805,20170609,20170608,211615500,2739.0,2062,88114,56405280.0,2739.0,35,2738.0,50
rb1805,20170609,20170608,211616500,2739.0,2066,88114,56514840.0,2739.0,33,2738.0,50
rb1805,20170609,20170608,211617500,2739.0,2066,88114,56514840.0,2739.0,33,2738.0,51
rb1805,20170609,20170608,211618000,2739.0,2066,88114,56514840.0,2739.0,33,2738.0,51
rb1805,20170609,20170608,211618500,2739.0,2066,88114,56514840.0,2739.0,33,2738.0,52
rb1805,20170609,20170608,211619500,2739.0,2070,88114,56624400.0,2739.0,31,2738.0,52
rb1805,20170609,20170608,211620000,2739.0,2110,88074,57720000.0,2739.0,11,2738.0,51
rb1805,20170609,20170608,211621500,2739.0,2112,88074,57774780.0,2739.0,10,2738.0,44
rb1805,20170609,20170608,211622500,2739.0,2116,88074,57884340.0,2739.0,8,2738.0,44
rb1805,20170609,20170608,211625000,2739.0,2116,88074,57884340.0,2739.0,8,2738.0,45
rb1805,20170609,20170608,211626500,2739.0,2116,88074,57884340.0,2739.0,13,2738.0,45
rb1805,20170609,20170608,211627500,2739.0,2116,88074,57884340.0,2739.0,13,2738.0,45
rb1805,20170609,20170608,211628000,2739.0,2116,88074,57884340.0,2739.0,13,2738.0,45
rb1805,20170609,20170608,211629000,2738.0,2120,88076,57993860.0,2739.0,13,2738.0,43
rb1805,20170609,20170608,211630500,2738.0,2120,88076,57993860.0,2739.0,13,2738.0,42
rb1805,20170609,20170608,211631500,2738.0,2120,88076,57993860.0,2739.0,8,2738.0,42
rb1805,20170609,20170608,211632000,2738.0,2120,88076,57993860.0,2739.0,8,2738.0,42
rb1805,20170609,20170608,211634000,2739.0,2122,88076,58048640.0,2739.0,7,2738.0,42
rb1805,20170609,20170608,211636500,2739.0,2122,88076,58048640.0,2739.0,7,2738.0,41
rb1805,20170609,20170608,211638000,2739.0,2122,88076,58048640.0,2739.0,7,2738.0,45
rb1805,20170609,20170608,211639500,2739.0,2122,88076,58048640.0,2739.0,7,2738.0,45
rb1805,20170609,20170608,211640500,2739.0,2122,88076,58048640.0,2739.0,7,2738.0,45
rb1805,20170609,20170608,211642500,2739.0,2122,88076,58048640.0,2739.0,7,2738.0,45
rb1805,20170609,20170608,211643000,2739.0,2122,88076,58048640.0,2739.0,7,2738.0,45
rb1805,20170609,20170608,211644500,2739.0,2122,88076,58048640.0,2739.0,7,2738.0,45
rb1805,20170609,20170608,211647500,2739.0,2122,88076,58048640.0,2739.0,7,2738.0,46
rb1805,20170609,20170608,211648500,2739.0,2122,88076,58048640.0,2739.0,7,2738.0,46
rb1805,20170609,20170608,211650500,2739.0,2122,88076,58048640.0,2739.0,7,2738.0,46
rb1805,20170609,20170608,211651500,2739.0,2122,88076,58048640.0,2739.0,7,2738.0,46
rb1805,20170609,20170608,211652500,2739.0,2122,88076,58048640.0,2739.0,17,2738.0,46
rb1805,20170609,20170608,211653000,2739.0,2122,88076,58048640.0,2739.0,17,2738.0,46
rb1805,20170609,20170608,211654500,2739.0,2122,88076,58048640.0,2739.0,17,2738.0,46
rb1805,20170609,20170608,211655500,2739.0,2122,88076,58048640.0,2739.0,17,2738.0,49
rb1805,20170609,20170608,211657000,2739.0,2124,88076,58103420.0,2739.0,16,2738.0,49
rb1805,20170609,20170608,211701500,2739.0,2126,88076,58158200.0,2739.0,15,2738.0,49
rb1805,20170609,20170608,211702000,2739.0,2126,88076,58158200.0,2739.0,15,2738.0,50
rb1805,20170609,20170608,211703500,2738.0,2128,88078,58212960.0,2739.0,15,2738.0,49
rb1805,20170609,20170608,211705000,2738.0,2128,88078,58212960.0,2739.0,15,2738.0,49
rb1805,20170609,20170608,211706500,2738.0,2130,88080,58267720.0,2739.0,15,2738.0,48
rb1805,20170609,20170608,211707500,2738.0,2130,88080,58267720.0,2739.0,15,2738.0,48
rb1805,20170609,20170608,211711500,2738.0,2130,88080,58267720.0,2739.0,15,2738.0,48
rb1805,20170609,20170608,211712500,2738.0,2130,88080,58267720.0,2739.0,15,2738.0,48
rb1805,20170609,20170608,211715000,2738.0,2130,88080,58267720.0,2739.0,15,2738.0,44
rb1805,20170609,20170608,211715500,2738.0,2130,88080,58267720.0,2739.0,15,2738.0,40
rb1805,20170609,20170608,211720000,2738.0,2130,88080,58267720.0,2739.0,15,2738.0,40
rb1805,20170609,20170608,211720500,2738.0,2130,88080,58267720.0,2739.0,15,2738.0,40
rb1805,20170609,20170608,211722000,2739.0,2160,88082,59089420.0,2740.0,27,2739.0,5
rb1805,20170609,20170608,211722500,2739.0,2170,88082,59363320.0,2739.0,7,2738.0,40
rb1805,20170609,20170608,211723000,2739.0,2170,88082,59363320.0,2739.0,2,2738.0,40
rb1805,20170609,20170608,211723500,2739.0,2170,88082,59363320.0,2740.0,27,2738.0,40
rb1805,20170609,20170608,211725500,2739.0,2170,88082,59363320.0,2740.0,28,2738.0,40
rb1805,20170609,20170608,211727000,2739.0,2170,88082,59363320.0,2740.0,33,2738.0,40
rb1805,20170609,20170608,211727500,2739.0,2170,88082,59363320.0,2740.0,33,2738.0,40
rb1805,20170609,20170608,211728000,2739.0,2170,88082,59363320.0,2740.0,34,2738.0,40
rb1805,20170609,20170608,211732000,2738.0,2172,88082,59418080.0,2740.0,34,2738.0,39
rb1805,20170609,20170608,211732500,2738.0,2178,88082,59582360.0,2739.0,2,2738.0,36
rb1805,20170609,20170608,211733000,2738.0,2178,88082,59582360.0,2739.0,2,2738.0,36
rb1805,20170609,20170608,211733500,2738.0,2178,88082,59582360.0,2739.0,18,2738.0,36
rb1805,20170609,20170608,211734500,2738.0,2178,88082,59582360.0,2739.0,18,2738.0,36
rb1805,20170609,20170608,211735000,2739.0,2180,88084,59637140.0,2739.0,17,2738.0,36
rb1805,20170609,20170608,211737500,2739.0,2184,88088,59746700.0,2739.0,15,2738.0,36
rb1805,20170609,20170608,211738000,2739.0,2184,88088,59746700.0,2739.0,15,2738.0,36
rb1805,20170609,20170608,211739000,2739.0,2184,88088,59746700.0,2739.0,15,2738.0,36
rb1805,20170609,20170608,211741500,2739.0,2186,88090,59801480.0,2739.0,14,2738.0,36
rb1805,20170609,20170608,211746500,2739.0,2186,88090,59801480.0,2739.0,14,2738.0,36
rb1805,20170609,20170608,211747000,2739.0,2186,88090,59801480.0,2739.0,14,2738.0,36
rb1805,20170609,20170608,211752000,2739.0,2186,88090,59801480.0,2739.0,19,2738.0,36
rb1805,20170609,20170608,211753500,2739.0,2188,88092,59856260.0,2739.0,18,2738.0,36
rb1805,20170609,20170608,211754500,2738.0,2192,88092,59965780.0,2739.0,18,2738.0,34
rb1805,20170609,20170608,211755000,2738.0,2200,88092,60184820.0,2739.0,18,2738.0,30
rb1805,20170609,20170608,211756500,2738.0,2206,88098,60349100.0,2739.0,18,2738.0,27
rb1805,20170609,20170608,211757000,2738.0,2230,88112,61006220.0,2739.0,18,2738.0,15
rb1805,20170609,20170608,211758000,2738.0,2230,88112,61006220.0,2739.0,18,2738.0,15
rb1805,20170609,20170608,211759000,2738.0,2234,88114,61115760.0,2739.0,17,2738.0,14
rb1805,20170609,20170608,211800000,2738.0,2234,88114,61115760.0,2739.0,17,2738.0,14
rb1805,20170609,20170608,211801000,2738.0,2244,88114,61389560.0,2739.0,17,2738.0,9
rb1805,20170609,20170608,211802500,2738.0,2244,88114,61389560.0,2739.0,17,2738.0,9
rb1805,20170609,20170608,211803500,2738.0,2262,88114,61882400.0,2738.0,1,2737.0,7
rb1805,20170609,20170608,211804000,2738.0,2262,88114,61882400.0,2738.0,1,2737.0,2
rb1805,20170609,20170608,211804500,2738.0,2262,88114,61882400.0,2738.0,6,2737.0,2
rb1805,20170609,20170608,211805000,2738.0,2262,88114,61882400.0,2738.0,11,2737.0,2
rb1805,20170609,20170608,211806000,2738.0,2262,88114,61882400.0,2738.0,6,2737.0,2
rb1805,20170609,20170608,211806500,2738.0,2262,88114,61882400.0,2738.0,6,2737.0,7
rb1805,20170609,20170608,211807000,2738.0,2262,88114,61882400.0,2738.0,7,2737.0,7
rb1805,20170609,20170608,211807500,2738.0,2276,88112,62265720.0,2739.0,17,2738.0,6
rb1805,20170609,20170608,211808000,2738.0,2276,88112,62265720.0,2739.0,12,2737.0,7
rb1805,20170609,20170608,211809500,2738.0,2276,88112,62265720.0,2739.0,12,2737.0,7
rb1805,20170609,20170608,211813000,2738.0,2276,88112,62265720.0,2738.0,1,2737.0,7
rb1805,20170609,20170608,211814000,2738.0,2276,88112,62265720.0,2738.0,6,2737.0,7
rb1805,20170609,20170608,211815500,2738.0,2276,88112,62265720.0,2738.0,6,2737.0,8
rb1805,20170609,20170608,211816000,2738.0,2276,88112,62265720.0,2738.0,6,2737.0,8
rb1805,20170609,20170608,211816500,2738.0,2276,88112,62265720.0,2738.0,6,2737.0,8
rb1805,20170609,20170608,211817500,2738.0,2276,88112,62265720.0,2738.0,6,2737.0,8
rb1805,20170609,20170608,211819000,2738.0,2280,88112,62375240.0,2738.0,4,2737.0,8
rb1805,20170609,20170608,211820000,2737.0,2290,88106,62648940.0,2738.0,4,2737.0,3
rb1805,20170609,20170608,211821500,2738.0,2292,88106,62703700.0,2738.0,3,2737.0,3
rb1805,20170609,20170608,211822500,2738.0,2292,88106,62703700.0,2738.0,3,2737.0,4
rb1805,20170609,20170608,211824500,2738.0,2294,88106,62758460.0,2738.0,2,2737.0,4
rb1805,20170609,20170608,211825500,2738.0,2294,88106,62758460.0,2738.0,2,2737.0,4
rb1805,20170609,20170608,211826500,2738.0,2294,88106,62758460.0,2738.0,3,2737.0,4
rb1805,20170609,20170608,211827000,2738.0,2294,88106,62758460.0,2738.0,3,2737.0,6
rb1805,20170609,20170608,211827500,2737.0,2298,88106,62867940.0,2738.0,3,2737.0,4
rb1805,20170609,20170608,211828000,2737.0,2298,88106,62867940.0,2738.0,3,2737.0,3
rb1805,20170609,20170608,211828500,2738.0,2302,88106,62977460.0,2738.0,1,2737.0,2
rb1805,20170609,20170608,211829000,2738.0,2302,88106,62977460.0,2738.0,2,2737.0,2
rb1805,20170609,20170608,211831000,2738.0,2302,88106,62977460.0,2738.0,2,2737.0,6
rb1805,20170609,20170608,211832500,2738.0,2306,88106,63086980.0,2740.0,31,2738.0,8
rb1805,20170609,20170608,211834000,2738.0,2306,88106,63086980.0,2740.0,31,2738.0,8
rb1805,20170609,20170608,211835500,2738.0,2306,88106,63086980.0,2740.0,31,2738.0,8
rb1805,20170609,20170608,211837500,2738.0,2306,88106,63086980.0,2740.0,31,2738.0,8
rb1805,20170609,20170608,211838000,2738.0,2306,88106,63086980.0,2740.0,26,2738.0,8
rb1805,20170609,20170608,211842500,2738.0,2306,88106,63086980.0,2740.0,26,2738.0,8
rb1805,20170609,20170608,211844500,2740.0,2326,88108,63634980.0,2740.0,16,2738.0,8
rb1805,20170609,20170608,211849500,2740.0,2326,88108,63634980.0,2740.0,21,2738.0,8
rb1805,20170609,20170608,211859500,2740.0,2326,88108,63634980.0,2740.0,21,2738.0,8
rb1805,20170609,20170608,211901000,2740.0,2326,88108,63634980.0,2740.0,21,2738.0,8
rb1805,20170609,20170608,211904500,2740.0,2326,88108,63634980.0,2740.0,21,2738.0,8
rb1805,20170609,20170608,211906500,2740.0,2326,88108,63634980.0,2740.0,21,2738.0,8
rb1805,20170609,20170608,211910500,2740.0,2326,88108,63634980.0,2740.0,16,2738.0,8
rb1805,20170609,20170608,211914000,2740.0,2326,88108,63634980.0,2740.0,16,2738.0,8
rb1805,20170609,20170608,211919500,2740.0,2326,88108,63634980.0,2740.0,26,2738.0,8
rb1805,20170609,20170608,211920500,2740.0,2326,88108,63634980.0,2740.0,26,2738.0,8
rb1805,20170609,20170608,211922000,2740.0,2328,88108,63689780.0,2740.0,25,2738.0,8
rb1805,20170609,20170608,211924000,2740.0,2328,88108,63689780.0,2740.0,30,2738.0,8
rb1805,20170609,20170608,211925500,2740.0,2328,88108,63689780.0,2740.0,30,2738.0,8
rb1805,20170609,20170608,211926000,2740.0,2328,88108,63689780.0,2740.0,30,2738.0,8
rb1805,20170609,20170608,211927500,2740.0,2328,88108,63689780.0,2739.0,5,2738.0,8
rb1805,20170609,20170608,211928500,2740.0,2328,88108,63689780.0,2739.0,10,2738.0,8
rb1805,20170609,20170608,211930000,2738.0,2344,88108,64127860.0,2738.0,2,2737.0,15
rb1805,20170609,20170608,211934500,2738.0,2346,88108,64182620.0,2738.0,1,2737.0,15
rb1805,20170609,20170608,211936000,2738.0,2348,88108,64237380.0,2739.0,10,2738.0,4
rb1805,20170609,20170608,211936500,2738.0,2348,88108,64237380.0,2739.0,5,2738.0,4
rb1805,20170609,20170608,211938000,2738.0,2348,88108,64237380.0,2739.0,5,2738.0,4
rb1805,20170609,20170608,211942000,2738.0,2348,88108,64237380.0,2739.0,10,2738.0,4
rb1805,20170609,20170608,211943500,2738.0,2348,88108,64237380.0,2739.0,10,2738.0,5
rb1805,20170609,20170608,211945000,2738.0,2348,88108,64237380.0,2739.0,5,2738.0,5
rb1805,20170609,20170608,211945500,2738.0,2358,88108,64511180.0,2738.0,5,2737.0,16
rb1805,20170609,20170608,211948000,2738.0,2358,88108,64511180.0,2738.0,5,2737.0,15
rb1805,20170609,20170608,211948500,2738.0,2358,88108,64511180.0,2738.0,5,2737.0,15
rb1805,20170609,20170608,211951000,2737.0,2360,88106,64565920.0,2738.0,5,2737.0,13
rb1805,20170609,20170608,211951500,2737.0,2360,88106,64565920.0,2738.0,5,2737.0,13
rb1805,20170609,20170608,211954500,2737.0,2360,88106,64565920.0,2738.0,5,2737.0,13
rb1805,20170609,20170608,211955000,2738.0,2366,88106,64730200.0,2738.0,2,2737.0,13
rb1805,20170609,20170608,211955500,2738.0,2366,88106,64730200.0,2738.0,2,2737.0,12
