instrument,tradingday,calendarday,time,lastp,volume,openinterest,turnover,ask1,asksz1,bid1,bidsz1
rb1805,20170918,20170915,183424500,3675.0,0,340146,0.0,0.0,0,0.0,0
rb1805,20170918,20170915,205900500,3675.0,82,340172,3013500.0,3676.0,1,3675.0,110
rb1805,20170918,20170915,210000500,3676.0,422,340374,15516240.0,3677.0,3,3676.0,124
rb1805,20170918,20170915,210001000,3680.0,590,340376,21700780.0,3685.0,8,3680.0,15
rb1805,20170918,20170915,210001500,3688.0,734,340306,27008880.0,3686.0,1,3685.0,5
rb1805,20170918,20170915,210002000,3686.0,970,340268,35709100.0,3686.0,37,3685.0,35
rb1805,20170918,20170915,210002500,3686.0,1060,340234,39026800.0,3690.0,66,3687.0,14
rb1805,20170918,20170915,210003000,3696.0,1374,340294,50619040.0,3696.0,1,3693.0,2
rb1805,20170918,20170915,210003500,3691.0,1990,340024,73368200.0,3694.0,84,3691.0,31
rb1805,20170918,20170915,210004000,3693.0,2092,339972,77133880.0,3693.0,69,3692.0,1
rb1805,20170918,20170915,210004500,3688.0,2242,340006,82669680.0,3689.0,11,3688.0,58
rb1805,20170918,20170915,210005000,3688.0,2378,340062,87685920.0,3690.0,10,3688.0,4
rb1805,20170918,20170915,210005500,3686.0,2472,340104,91152580.0,3688.0,7,3687.0,6
rb1805,20170918,20170915,210006000,3687.0,2588,340080,95431000.0,3690.0,31,3688.0,6
rb1805,20170918,20170915,210006500,3688.0,2652,340086,97791220.0,3689.0,16,3688.0,1
rb1805,20170918,20170915,210007000,3687.0,2680,340094,98823900.0,3688.0,6,3687.0,1
rb1805,20170918,20170915,210007500,3688.0,2700,340104,99561240.0,3688.0,20,3687.0,5
rb1805,20170918,20170915,210008000,3686.0,2714,340106,100077400.0,3687.0,16,3685.0,29
rb1805,20170918,20170915,210008500,3685.0,2730,340096,100667160.0,3687.0,25,3686.0,1
rb1805,20170918,20170915,210009000,3687.0,2744,340094,101183200.0,3687.0,20,3686.0,3
rb1805,20170918,20170915,210009500,3686.0,2774,340100,102288800.0,3686.0,34,3685.0,17
rb1805,20170918,20170915,210010000,3685.0,2832,340066,104426100.0,3685.0,14,3684.0,1
rb1805,20170918,20170915,210010500,3686.0,2904,340052,107079220.0,3685.0,1,3684.0,6
rb1805,20170918,20170915,210011000,3685.0,2926,340062,107889860.0,3686.0,38,3685.0,22
rb1805,20170918,20170915,210011500,3685.0,2978,340050,109806300.0,3686.0,31,3685.0,13
rb1805,20170918,20170915,210012000,3685.0,3010,340050,110985540.0,3686.0,27,3685.0,42
rb1805,20170918,20170915,210012500,3685.0,3132,340052,115481380.0,3685.0,27,3683.0,2
rb1805,20170918,20170915,210013000,3685.0,3154,340054,116292080.0,3685.0,27,3683.0,6
rb1805,20170918,20170915,210013500,3683.0,3200,340060,117986580.0,3684.0,6,3683.0,26
rb1805,20170918,20170915,210014000,3684.0,3230,340066,119091980.0,3685.0,92,3684.0,15
rb1805,20170918,20170915,210014500,3684.0,3298,340060,121597700.0,3685.0,64,3684.0,14
rb1805,20170918,20170915,210015000,3684.0,3310,340070,122039780.0,3684.0,10,3683.0,29
rb1805,20170918,20170915,210015500,3684.0,3344,340072,123292440.0,3685.0,60,3684.0,72
rb1805,20170918,20170915,210016000,3685.0,3528,340208,130071340.0,3685.0,43,3684.0,31
rb1805,20170918,20170915,210016500,3684.0,3604,340258,132871680.0,3685.0,18,3684.0,17
rb1805,20170918,20170915,210017000,3686.0,3672,340254,135377340.0,3686.0,16,3685.0,3
rb1805,20170918,20170915,210017500,3686.0,3682,340254,135745900.0,3686.0,14,3685.0,56
rb1805,20170918,20170915,210018000,3685.0,3792,340220,139799460.0,3686.0,11,3685.0,6
rb1805,20170918,20170915,210018500,3686.0,3834,340200,141347180.0,3686.0,10,3685.0,134
rb1805,20170918,20170915,210019000,3686.0,3888,340166,143337980.0,3687.0,9,3686.0,21
rb1805,20170918,20170915,210019500,3686.0,3936,340190,145107320.0,3687.0,12,3686.0,15
rb1805,20170918,20170915,210020000,3686.0,3992,340224,147171440.0,3686.0,65,3685.0,135
rb1805,20170918,20170915,210020500,3686.0,4014,340228,147982260.0,3686.0,63,3685.0,130
rb1805,20170918,20170915,210021000,3685.0,4046,340228,149161560.0,3686.0,59,3685.0,119
rb1805,20170918,20170915,210021500,3686.0,4054,340224,149456380.0,3686.0,66,3685.0,116
rb1805,20170918,20170915,210022000,3686.0,4064,340224,149824980.0,3686.0,62,3685.0,116
rb1805,20170918,20170915,210022500,3685.0,4072,340216,150119800.0,3686.0,57,3685.0,115
rb1805,20170918,20170915,210023000,3685.0,4114,340180,151667540.0,3686.0,56,3685.0,102
rb1805,20170918,20170915,210023500,3685.0,4122,340178,151962400.0,3686.0,53,3685.0,103
rb1805,20170918,20170915,210024000,3686.0,4140,340170,152625820.0,3686.0,47,3685.0,100
rb1805,20170918,20170915,210024500,3685.0,4142,340168,152699520.0,3686.0,55,3685.0,53
rb1805,20170918,20170915,210025000,3686.0,4260,340072,157048320.0,3686.0,42,3685.0,19
rb1805,20170918,20170915,210025500,3686.0,4264,340072,157195740.0,3686.0,31,3685.0,19
rb1805,20170918,20170915,210026000,3685.0,4286,340056,158006440.0,3686.0,27,3685.0,8
rb1805,20170918,20170915,210026500,3685.0,4288,340058,158080140.0,3686.0,30,3685.0,7
rb1805,20170918,20170915,210027000,3686.0,4304,340058,158669840.0,3686.0,21,3685.0,8
rb1805,20170918,20170915,210027500,3684.0,4324,340062,159406920.0,3685.0,46,3684.0,8
rb1805,20170918,20170915,210028000,3685.0,4350,340056,160364880.0,3685.0,42,3684.0,4
rb1805,20170918,20170915,210028500,3685.0,4354,340056,160512260.0,3685.0,61,3684.0,3
rb1805,20170918,20170915,210029000,3685.0,4366,340056,160954460.0,3685.0,61,3684.0,4
rb1805,20170918,20170915,210029500,3685.0,4454,339988,164197260.0,3685.0,17,3684.0,4
rb1805,20170918,20170915,210030000,3684.0,4458,339990,164344640.0,3685.0,18,3684.0,9
rb1805,20170918,20170915,210030500,3685.0,4476,339994,165007840.0,3685.0,14,3684.0,6
rb1805,20170918,20170915,210031000,3684.0,4478,339994,165081520.0,3684.0,2,3683.0,19
rb1805,20170918,20170915,210031500,3683.0,4486,339998,165376200.0,3684.0,1,3683.0,22
rb1805,20170918,20170915,210032000,3683.0,4502,340008,165965520.0,3684.0,1,3683.0,17
rb1805,20170918,20170915,210032500,3683.0,4506,340006,166112860.0,3684.0,10,3683.0,11
rb1805,20170918,20170915,210033000,3683.0,4550,340032,167733360.0,3683.0,7,3682.0,2
rb1805,20170918,20170915,210033500,3682.0,4554,340030,167880660.0,3683.0,36,3682.0,1
rb1805,20170918,20170915,210034000,3683.0,4566,340034,168322580.0,3683.0,42,3681.0,10
rb1805,20170918,20170915,210034500,3683.0,4570,340036,168469900.0,3682.0,3,3681.0,16
rb1805,20170918,20170915,210035000,3682.0,4586,340046,169058960.0,3682.0,5,3681.0,7
rb1805,20170918,20170915,210035500,3681.0,4620,340064,170310480.0,3681.0,2,3680.0,13
rb1805,20170918,20170915,210036000,3681.0,4624,340068,170457720.0,3682.0,16,3680.0,14
rb1805,20170918,20170915,210036500,3680.0,4646,340062,171267340.0,3681.0,5,3680.0,4
rb1805,20170918,20170915,210037000,3680.0,4646,340062,171267340.0,3681.0,15,3680.0,5
rb1805,20170918,20170915,210037500,3680.0,4662,340058,171856280.0,3681.0,35,3680.0,5
rb1805,20170918,20170915,210038000,3680.0,4676,340064,172371480.0,3681.0,47,3679.0,5
rb1805,20170918,20170915,210038500,3681.0,4678,340064,172445100.0,3681.0,45,3680.0,11
rb1805,20170918,20170915,210039000,3681.0,4688,340062,172813180.0,3681.0,14,3680.0,95
rb1805,20170918,20170915,210039500,3681.0,4720,340046,173991100.0,3682.0,14,3681.0,56
rb1805,20170918,20170915,210040000,3681.0,4746,340044,174948180.0,3682.0,20,3681.0,35
rb1805,20170918,20170915,210040500,3681.0,4756,340044,175316340.0,3682.0,17,3681.0,43
rb1805,20170918,20170915,210041000,3682.0,4760,340046,175463600.0,3682.0,16,3681.0,40
rb1805,20170918,20170915,210041500,3681.0,4818,340038,177598580.0,3682.0,18,3681.0,11
rb1805,20170918,20170915,210042000,3682.0,4830,340030,178040400.0,3682.0,7,3681.0,13
rb1805,20170918,20170915,210042500,3682.0,4834,340028,178187680.0,3682.0,1,3681.0,25
rb1805,20170918,20170915,210043000,3682.0,4846,340020,178629520.0,3682.0,1,3681.0,28
rb1805,20170918,20170915,210043500,3683.0,4854,340016,178924100.0,3683.0,35,3682.0,3
rb1805,20170918,20170915,210044000,3682.0,4864,340014,179292300.0,3683.0,35,3682.0,9
rb1805,20170918,20170915,210044500,3683.0,4876,340018,179734260.0,3683.0,29,3682.0,29
rb1805,20170918,20170915,210045000,3683.0,4936,340020,181944060.0,3684.0,22,3683.0,2
rb1805,20170918,20170915,210045500,3684.0,4960,340032,182827800.0,3684.0,21,3682.0,28
rb1805,20170918,20170915,210046000,3684.0,4962,340032,182901480.0,3683.0,27,3682.0,60
rb1805,20170918,20170915,210046500,3683.0,5004,340030,184448060.0,3683.0,32,3682.0,44
rb1805,20170918,20170915,210047000,3683.0,5016,340038,184889920.0,3683.0,26,3682.0,39
rb1805,20170918,20170915,210047500,3683.0,5018,340040,184963580.0,3683.0,21,3682.0,22
rb1805,20170918,20170915,210048000,3683.0,5036,340052,185626460.0,3683.0,15,3682.0,19
rb1805,20170918,20170915,210048500,3683.0,5040,340054,185773780.0,3683.0,22,3682.0,19
rb1805,20170918,20170915,210049000,3683.0,5072,340054,186952340.0,3684.0,11,3683.0,49
rb1805,20170918,20170915,210049500,3683.0,5086,340048,187468080.0,3684.0,11,3683.0,35
rb1805,20170918,20170915,210050000,3683.0,5094,340050,187762760.0,3684.0,17,3683.0,20
rb1805,20170918,20170915,210050500,3683.0,5144,340054,189604640.0,3685.0,135,3683.0,44
rb1805,20170918,20170915,210051000,3683.0,5146,340054,189678300.0,3685.0,136,3683.0,39
rb1805,20170918,20170915,210051500,3683.0,5148,340054,189751960.0,3685.0,138,3683.0,38
rb1805,20170918,20170915,210052000,3684.0,5186,340088,191151520.0,3684.0,3,3683.0,26
rb1805,20170918,20170915,210052500,3683.0,5194,340090,191446180.0,3684.0,3,3683.0,23
rb1805,20170918,20170915,210053000,3683.0,5194,340090,191446180.0,3684.0,5,3683.0,23
rb1805,20170918,20170915,210053500,3683.0,5196,340090,191519840.0,3684.0,20,3683.0,22
rb1805,20170918,20170915,210054000,3683.0,5210,340100,192035480.0,3684.0,31,3683.0,16
rb1805,20170918,20170915,210054500,3683.0,5218,340102,192330160.0,3684.0,26,3683.0,16
rb1805,20170918,20170915,210055000,3684.0,5234,340096,192919600.0,3684.0,8,3683.0,16
rb1805,20170918,20170915,210055500,3684.0,5238,340096,193066960.0,3684.0,14,3683.0,16
rb1805,20170918,20170915,210056000,3683.0,5240,340098,193140620.0,3684.0,46,3683.0,17
rb1805,20170918,20170915,210056500,3683.0,5330,340084,196455420.0,3684.0,43,3683.0,32
rb1805,20170918,20170915,210057000,3684.0,5336,340082,196676460.0,3684.0,41,3683.0,32
rb1805,20170918,20170915,210057500,3683.0,5424,340082,199917300.0,3683.0,3,3682.0,18
rb1805,20170918,20170915,210058000,3683.0,5424,340082,199917300.0,3683.0,8,3682.0,18
rb1805,20170918,20170915,210058500,3683.0,5434,340086,200285600.0,3684.0,58,3682.0,18
rb1805,20170918,20170915,210059000,3683.0,5452,340104,200948640.0,3683.0,8,3682.0,18
rb1805,20170918,20170915,210059500,3683.0,5452,340104,200948640.0,3683.0,9,3682.0,21
rb1805,20170918,20170915,210100000,3683.0,5456,340104,201095960.0,3683.0,8,3682.0,25
rb1805,20170918,20170915,210100500,3682.0,5460,340104,201243240.0,3683.0,10,3682.0,19
rb1805,20170918,20170915,210101000,3682.0,5460,340104,201243240.0,3683.0,10,3682.0,19
rb1805,20170918,20170915,210101500,3682.0,5462,340102,201316880.0,3683.0,10,3682.0,15
rb1805,20170918,20170915,210102000,3682.0,5504,340092,202863320.0,3682.0,8,3681.0,18
rb1805,20170918,20170915,210102500,3682.0,5512,340092,203157880.0,3682.0,10,3681.0,21
rb1805,20170918,20170915,210103000,3682.0,5604,340138,206545340.0,3683.0,12,3682.0,18
rb1805,20170918,20170915,210103500,3683.0,5648,340156,208165860.0,3684.0,50,3683.0,2
rb1805,20170918,20170915,210104000,3682.0,5692,340122,209786000.0,3682.0,8,3681.0,26
rb1805,20170918,20170915,210104500,3682.0,5710,340106,210448760.0,3684.0,54,3682.0,36
rb1805,20170918,20170915,210105000,3682.0,5710,340106,210448760.0,3684.0,45,3683.0,5
rb1805,20170918,20170915,210105500,3683.0,5736,340096,211406500.0,3684.0,38,3683.0,8
rb1805,20170918,20170915,210106000,3684.0,5738,340096,211480180.0,3684.0,42,3683.0,12
rb1805,20170918,20170915,210106500,3684.0,5794,340106,213542980.0,3684.0,27,3683.0,20
rb1805,20170918,20170915,210107000,3684.0,5800,340112,213764020.0,3684.0,25,3683.0,30
rb1805,20170918,20170915,210107500,3684.0,5810,340120,214132420.0,3684.0,20,3683.0,39
rb1805,20170918,20170915,210108000,3685.0,5860,340148,215974520.0,3685.0,113,3684.0,119
rb1805,20170918,20170915,210108500,3685.0,5878,340142,216637800.0,3685.0,105,3684.0,109
rb1805,20170918,20170915,210109000,3684.0,5912,340146,217890680.0,3685.0,127,3684.0,119
rb1805,20170918,20170915,210109500,3685.0,5926,340134,218406560.0,3685.0,121,3684.0,116
rb1805,20170918,20170915,210110000,3684.0,5928,340134,218480240.0,3685.0,121,3684.0,116
rb1805,20170918,20170915,210110500,3685.0,5998,340074,221059740.0,3685.0,86,3684.0,116
rb1805,20170918,20170915,210111000,3685.0,6022,340052,221944140.0,3685.0,74,3684.0,117
rb1805,20170918,20170915,210111500,3685.0,6176,340080,227619040.0,3686.0,68,3685.0,55
rb1805,20170918,20170915,210112000,3685.0,6182,340074,227840140.0,3686.0,68,3685.0,80
rb1805,20170918,20170915,210112500,3685.0,6184,340072,227913840.0,3686.0,72,3685.0,87
rb1805,20170918,20170915,210113000,3685.0,6198,340070,228429740.0,3686.0,72,3685.0,84
rb1805,20170918,20170915,210113500,3686.0,6202,340072,228577180.0,3686.0,80,3685.0,91
rb1805,20170918,20170915,210114000,3686.0,6216,340068,229093180.0,3686.0,75,3685.0,109
rb1805,20170918,20170915,210114500,3686.0,6222,340070,229314340.0,3686.0,74,3685.0,106
rb1805,20170918,20170915,210115000,3686.0,6310,340016,232557960.0,3686.0,45,3685.0,90
rb1805,20170918,20170915,210115500,3686.0,6404,339964,236022780.0,3687.0,17,3686.0,7
rb1805,20170918,20170915,210116000,3686.0,6418,339956,236538820.0,3687.0,17,3686.0,33
rb1805,20170918,20170915,210116500,3686.0,6422,339954,236686260.0,3687.0,17,3686.0,39
rb1805,20170918,20170915,210117000,3686.0,6424,339952,236759980.0,3687.0,22,3686.0,40
rb1805,20170918,20170915,210117500,3687.0,6452,339966,237792340.0,3687.0,8,3686.0,40
rb1805,20170918,20170915,210118000,3687.0,6452,339966,237792340.0,3687.0,8,3686.0,55
rb1805,20170918,20170915,210118500,3686.0,6474,339964,238603440.0,3687.0,15,3686.0,53
rb1805,20170918,20170915,210119000,3687.0,6478,339966,238750900.0,3687.0,14,3686.0,53
rb1805,20170918,20170915,210119500,3687.0,6502,339988,239635760.0,3687.0,5,3686.0,52
rb1805,20170918,20170915,210120000,3687.0,6502,339988,239635760.0,3687.0,5,3686.0,53
rb1805,20170918,20170915,210120500,3686.0,6516,339998,240151840.0,3687.0,11,3686.0,48
rb1805,20170918,20170915,210121000,3687.0,6538,340004,240962980.0,3688.0,43,3687.0,37
rb1805,20170918,20170915,210121500,3687.0,6540,340004,241036720.0,3688.0,44,3687.0,41
rb1805,20170918,20170915,210122000,3687.0,6540,340004,241036720.0,3688.0,60,3687.0,41
rb1805,20170918,20170915,210122500,3687.0,6544,340008,241184200.0,3688.0,60,3687.0,39
rb1805,20170918,20170915,210123000,3688.0,6554,340004,241552960.0,3688.0,62,3687.0,39
rb1805,20170918,20170915,210123500,3687.0,6584,340000,242659240.0,3688.0,53,3687.0,33
rb1805,20170918,20170915,210124000,3688.0,6590,340004,242880520.0,3688.0,51,3687.0,34
rb1805,20170918,20170915,210124500,3689.0,6712,340036,247380060.0,3689.0,17,3688.0,67
rb1805,20170918,20170915,210125000,3688.0,6732,340044,248117820.0,3689.0,10,3688.0,67
rb1805,20170918,20170915,210125500,3688.0,6746,340048,248634160.0,3689.0,9,3688.0,77
rb1805,20170918,20170915,210126000,3688.0,6774,340052,249667040.0,3690.0,31,3689.0,10
rb1805,20170918,20170915,210126500,3689.0,6866,340032,253061580.0,3691.0,13,3689.0,3
rb1805,20170918,20170915,210127000,3691.0,6878,340032,253504420.0,3691.0,16,3689.0,11
rb1805,20170918,20170915,210127500,3691.0,6884,340028,253725880.0,3690.0,1,3689.0,17
rb1805,20170918,20170915,210128000,3689.0,6904,340026,254463920.0,3691.0,6,3689.0,22
rb1805,20170918,20170915,210128500,3691.0,6912,340028,254759160.0,3691.0,17,3690.0,8
rb1805,20170918,20170915,210129000,3690.0,6942,340038,255866120.0,3690.0,1,3689.0,26
rb1805,20170918,20170915,210129500,3690.0,6976,340038,257120720.0,3690.0,19,3689.0,21
rb1805,20170918,20170915,210130000,3690.0,6986,340032,257489700.0,3690.0,19,3689.0,16
rb1805,20170918,20170915,210130500,3690.0,6998,340032,257932400.0,3690.0,22,3689.0,17
rb1805,20170918,20170915,210131000,3690.0,7020,340034,258744100.0,3690.0,22,3689.0,12
rb1805,20170918,20170915,210131500,3689.0,7048,340038,259777140.0,3690.0,16,3689.0,5
rb1805,20170918,20170915,210132000,3690.0,7106,340040,261917340.0,3691.0,25,3690.0,154
rb1805,20170918,20170915,210132500,3691.0,7114,340040,262212580.0,3691.0,15,3690.0,261
rb1805,20170918,20170915,210133000,3691.0,7128,340046,262729200.0,3691.0,17,3690.0,255
rb1805,20170918,20170915,210133500,3690.0,7134,340050,262950600.0,3691.0,22,3690.0,252
rb1805,20170918,20170915,210134000,3690.0,7354,340186,271068600.0,3691.0,22,3690.0,144
rb1805,20170918,20170915,210134500,3690.0,7436,340244,274094460.0,3691.0,26,3690.0,106
rb1805,20170918,20170915,210135000,3690.0,7570,340188,279039080.0,3691.0,32,3690.0,40
rb1805,20170918,20170915,210135500,3690.0,7692,340160,283540880.0,3690.0,5,3689.0,2
rb1805,20170918,20170915,210136000,3690.0,7736,340168,285164440.0,3691.0,50,3690.0,8
rb1805,20170918,20170915,210136500,3689.0,7768,340180,286345160.0,3690.0,113,3689.0,5
rb1805,20170918,20170915,210137000,3689.0,7778,340170,286714060.0,3689.0,7,3688.0,160
rb1805,20170918,20170915,210137500,3688.0,7794,340160,287304160.0,3689.0,20,3688.0,148
rb1805,20170918,20170915,210138000,3688.0,7794,340160,287304160.0,3689.0,20,3688.0,148
rb1805,20170918,20170915,210138500,3689.0,7816,340162,288115740.0,3689.0,28,3688.0,148
rb1805,20170918,20170915,210139000,3688.0,7828,340172,288558400.0,3689.0,22,3688.0,147
rb1805,20170918,20170915,210139500,3689.0,7854,340172,289517440.0,3689.0,27,3688.0,135
rb1805,20170918,20170915,210140000,3689.0,7872,340176,290181320.0,3689.0,27,3688.0,128
rb1805,20170918,20170915,210140500,3689.0,7962,340244,293500540.0,3689.0,36,3688.0,85
rb1805,20170918,20170915,210141000,3688.0,8136,340260,299917660.0,3688.0,34,3687.0,47
rb1805,20170918,20170915,210141500,3689.0,8184,340250,301688280.0,3689.0,33,3688.0,9
rb1805,20170918,20170915,210142000,3687.0,8222,340222,303089620.0,3688.0,35,3687.0,38
rb1805,20170918,20170915,210142500,3687.0,8298,340242,305891740.0,3687.0,1,3686.0,14
rb1805,20170918,20170915,210143000,3687.0,8310,340240,306334180.0,3687.0,17,3686.0,14
rb1805,20170918,20170915,210143500,3686.0,8322,340238,306776560.0,3687.0,18,3686.0,19
rb1805,20170918,20170915,210144000,3687.0,8324,340236,306850300.0,3687.0,10,3686.0,23
rb1805,20170918,20170915,210144500,3688.0,8350,340214,307808940.0,3688.0,19,3687.0,32
rb1805,20170918,20170915,210145000,3687.0,8366,340204,308398880.0,3688.0,7,3687.0,22
rb1805,20170918,20170915,210145500,3688.0,8370,340204,308546400.0,3688.0,3,3687.0,31
rb1805,20170918,20170915,210146000,3687.0,8392,340190,309357740.0,3688.0,5,3687.0,52
rb1805,20170918,20170915,210146500,3688.0,8422,340180,310464140.0,3689.0,32,3687.0,52
rb1805,20170918,20170915,210147000,3688.0,8422,340180,310464140.0,3689.0,31,3687.0,52
rb1805,20170918,20170915,210147500,3688.0,8424,340180,310537900.0,3688.0,13,3687.0,38
rb1805,20170918,20170915,210148000,3688.0,8472,340192,312308340.0,3689.0,21,3687.0,38
rb1805,20170918,20170915,210148500,3687.0,8482,340182,312677060.0,3688.0,1,3687.0,39
rb1805,20170918,20170915,210149000,3688.0,8494,340188,313119620.0,3689.0,26,3688.0,21
rb1805,20170918,20170915,210149500,3688.0,8496,340188,313193380.0,3689.0,27,3688.0,117
rb1805,20170918,20170915,210150000,3689.0,8504,340194,313488500.0,3689.0,24,3688.0,118
rb1805,20170918,20170915,210150500,3689.0,8504,340194,313488500.0,3689.0,34,3688.0,118
rb1805,20170918,20170915,210151000,3688.0,8508,340190,313636020.0,3689.0,35,3688.0,116
rb1805,20170918,20170915,210151500,3688.0,8512,340190,313783540.0,3689.0,40,3688.0,117
rb1805,20170918,20170915,210152000,3688.0,8532,340190,314521140.0,3689.0,40,3688.0,110
rb1805,20170918,20170915,210152500,3688.0,8578,340170,316217620.0,3689.0,40,3688.0,93
rb1805,20170918,20170915,210153000,3689.0,8584,340170,316438960.0,3689.0,30,3688.0,93
rb1805,20170918,20170915,210153500,3689.0,8596,340168,316881560.0,3689.0,28,3688.0,89
rb1805,20170918,20170915,210154000,3688.0,8598,340168,316955320.0,3689.0,28,3688.0,88
rb1805,20170918,20170915,210154500,3689.0,8620,340170,317766700.0,3689.0,41,3688.0,78
rb1805,20170918,20170915,210155000,3688.0,8628,340166,318061740.0,3689.0,41,3688.0,74
rb1805,20170918,20170915,210155500,3689.0,8732,340248,321898260.0,3690.0,53,3689.0,40
rb1805,20170918,20170915,210156000,3689.0,8834,340308,325660840.0,3689.0,123,3688.0,62
rb1805,20170918,20170915,210156500,3688.0,8860,340284,326619720.0,3689.0,118,3688.0,49
rb1805,20170918,20170915,210157000,3688.0,8874,340280,327136040.0,3689.0,119,3688.0,42
rb1805,20170918,20170915,210157500,3688.0,8960,340306,330307720.0,3688.0,36,3687.0,35
rb1805,20170918,20170915,210158000,3688.0,8968,340308,330602760.0,3688.0,13,3687.0,34
rb1805,20170918,20170915,210158500,3688.0,8968,340308,330602760.0,3688.0,13,3687.0,32
rb1805,20170918,20170915,210159000,3688.0,8970,340308,330676520.0,3688.0,18,3687.0,32
rb1805,20170918,20170915,210159500,3687.0,8972,340310,330750260.0,3688.0,18,3687.0,38
rb1805,20170918,20170915,210200000,3688.0,8996,340300,331635380.0,3688.0,2,3687.0,39
rb1805,20170918,20170915,210200500,3688.0,9012,340288,332225460.0,3689.0,47,3688.0,31
rb1805,20170918,20170915,210201000,3688.0,9016,340286,332372980.0,3689.0,48,3688.0,31
rb1805,20170918,20170915,210201500,3689.0,9038,340284,333184360.0,3689.0,36,3688.0,26
rb1805,20170918,20170915,210202000,3688.0,9044,340284,333405640.0,3689.0,36,3688.0,28
rb1805,20170918,20170915,210202500,3688.0,9104,340298,335618440.0,3689.0,24,3688.0,10
rb1805,20170918,20170915,210203000,3689.0,9152,340284,337389160.0,3690.0,57,3688.0,25
rb1805,20170918,20170915,210203500,3688.0,9216,340256,339749480.0,3688.0,45,3687.0,42
rb1805,20170918,20170915,210204000,3688.0,9250,340224,341003400.0,3688.0,28,3687.0,42
rb1805,20170918,20170915,210204500,3688.0,9310,340222,343216220.0,3690.0,54,3688.0,49
rb1805,20170918,20170915,210205000,3688.0,9318,340222,343511260.0,3690.0,62,3688.0,45
rb1805,20170918,20170915,210205500,3688.0,9318,340222,343511260.0,3690.0,66,3688.0,45
rb1805,20170918,20170915,210206000,3688.0,9322,340222,343658780.0,3689.0,1,3688.0,49
rb1805,20170918,20170915,210206500,3689.0,9326,340222,343806320.0,3690.0,68,3689.0,5
rb1805,20170918,20170915,210207000,3689.0,9326,340222,343806320.0,3690.0,68,3689.0,6
rb1805,20170918,20170915,210207500,3690.0,9330,340226,343953920.0,3690.0,66,3689.0,7
rb1805,20170918,20170915,210208000,3688.0,9350,340228,344691700.0,3689.0,2,3688.0,42
rb1805,20170918,20170915,210208500,3688.0,9356,340232,344913020.0,3689.0,12,3688.0,41
rb1805,20170918,20170915,210209000,3688.0,9356,340232,344913020.0,3689.0,12,3688.0,41
rb1805,20170918,20170915,210209500,3690.0,9432,340238,347717060.0,3690.0,54,3688.0,62
rb1805,20170918,20170915,210210000,3690.0,9432,340238,347717060.0,3690.0,60,3688.0,64
rb1805,20170918,20170915,210210500,3690.0,9432,340238,347717060.0,3690.0,62,3689.0,6
rb1805,20170918,20170915,210211000,3689.0,9434,340240,347790840.0,3690.0,62,3689.0,5
rb1805,20170918,20170915,210211500,3690.0,9450,340240,348381240.0,3690.0,55,3689.0,8
rb1805,20170918,20170915,210212000,3690.0,9454,340240,348528840.0,3690.0,53,3689.0,8
rb1805,20170918,20170915,210212500,3689.0,9456,340242,348602620.0,3690.0,56,3689.0,7
rb1805,20170918,20170915,210213000,3689.0,9458,340242,348676400.0,3690.0,57,3689.0,7
rb1805,20170918,20170915,210213500,3689.0,9464,340248,348897740.0,3690.0,58,3689.0,4
rb1805,20170918,20170915,210214000,3689.0,9482,340240,349561900.0,3690.0,51,3689.0,3
rb1805,20170918,20170915,210214500,3689.0,9490,340244,349857020.0,3689.0,28,3688.0,93
rb1805,20170918,20170915,210215000,3689.0,9494,340244,350004560.0,3689.0,33,3688.0,92
rb1805,20170918,20170915,210215500,3689.0,9500,340244,350225900.0,3689.0,26,3688.0,93
rb1805,20170918,20170915,210216000,3689.0,9506,340238,350447240.0,3689.0,23,3688.0,93
rb1805,20170918,20170915,210216500,3689.0,9506,340238,350447240.0,3689.0,25,3688.0,95
rb1805,20170918,20170915,210217000,3689.0,9506,340238,350447240.0,3689.0,30,3688.0,95
rb1805,20170918,20170915,210217500,3689.0,9506,340238,350447240.0,3689.0,91,3688.0,95
rb1805,20170918,20170915,210218000,3688.0,9516,340248,350816040.0,3689.0,96,3688.0,90
rb1805,20170918,20170915,210218500,3688.0,9560,340246,352438820.0,3689.0,94,3688.0,71
rb1805,20170918,20170915,210219000,3688.0,9560,340246,352438820.0,3689.0,94,3688.0,71
rb1805,20170918,20170915,210219500,3688.0,9560,340246,352438820.0,3689.0,296,3688.0,71
rb1805,20170918,20170915,210220000,3688.0,9628,340284,354946660.0,3689.0,297,3688.0,37
rb1805,20170918,20170915,210220500,3688.0,9666,340284,356348100.0,3689.0,297,3688.0,19
rb1805,20170918,20170915,210221000,3688.0,9670,340284,356495620.0,3689.0,297,3688.0,18
rb1805,20170918,20170915,210221500,3688.0,9688,340278,357159460.0,3689.0,298,3688.0,9
rb1805,20170918,20170915,210222000,3688.0,9698,340286,357528260.0,3689.0,318,3688.0,4
rb1805,20170918,20170915,210222500,3688.0,9708,340284,357897060.0,3688.0,3,3687.0,40
rb1805,20170918,20170915,210223000,3688.0,9712,340286,358044580.0,3688.0,5,3687.0,41
rb1805,20170918,20170915,210223500,3688.0,9718,340288,358265860.0,3688.0,2,3687.0,41
rb1805,20170918,20170915,210224000,3688.0,9734,340286,358856000.0,3689.0,318,3688.0,1
rb1805,20170918,20170915,210224500,3689.0,9742,340294,359151120.0,3689.0,314,3687.0,41
rb1805,20170918,20170915,210225000,3688.0,9750,340296,359446220.0,3689.0,311,3688.0,4
rb1805,20170918,20170915,210225500,3688.0,9760,340296,359815020.0,3688.0,1,3687.0,48
rb1805,20170918,20170915,210226000,3688.0,9762,340296,359888780.0,3688.0,1,3687.0,69
rb1805,20170918,20170915,210226500,3687.0,9766,340298,360036280.0,3688.0,2,3687.0,68
rb1805,20170918,20170915,210227000,3688.0,9768,340298,360110040.0,3688.0,1,3687.0,68
rb1805,20170918,20170915,210227500,3688.0,9768,340298,360110040.0,3688.0,2,3687.0,67
rb1805,20170918,20170915,210228000,3688.0,9770,340298,360183800.0,3688.0,1,3687.0,67
rb1805,20170918,20170915,210228500,3688.0,9772,340300,360257560.0,3689.0,299,3688.0,8
rb1805,20170918,20170915,210229000,3688.0,9776,340302,360405100.0,3689.0,293,3688.0,7
rb1805,20170918,20170915,210229500,3688.0,9788,340304,360847660.0,3689.0,293,3688.0,2
rb1805,20170918,20170915,210230000,3688.0,9810,340308,361658980.0,3689.0,293,3687.0,58
rb1805,20170918,20170915,210230500,3687.0,9812,340310,361732720.0,3689.0,293,3688.0,8
rb1805,20170918,20170915,210231000,3688.0,9818,340310,361953980.0,3689.0,293,3688.0,19
rb1805,20170918,20170915,210231500,3688.0,9834,340304,362544060.0,3689.0,293,3688.0,11
rb1805,20170918,20170915,210232000,3688.0,9840,340310,362765340.0,3689.0,293,3688.0,8
rb1805,20170918,20170915,210232500,3687.0,9858,340316,363429160.0,3688.0,1,3687.0,57
rb1805,20170918,20170915,210233000,3687.0,9864,340314,363650380.0,3688.0,21,3687.0,54
rb1805,20170918,20170915,210233500,3687.0,9866,340316,363724120.0,3688.0,22,3687.0,53
rb1805,20170918,20170915,210234000,3687.0,9872,340320,363945360.0,3688.0,34,3687.0,51
rb1805,20170918,20170915,210234500,3687.0,9876,340324,364092840.0,3688.0,34,3687.0,49
rb1805,20170918,20170915,210235000,3687.0,9890,340328,364609020.0,3688.0,34,3687.0,43
rb1805,20170918,20170915,210235500,3687.0,9902,340340,365051480.0,3688.0,53,3687.0,38
rb1805,20170918,20170915,210236000,3688.0,9930,340354,366083860.0,3688.0,52,3687.0,25
rb1805,20170918,20170915,210236500,3687.0,9932,340354,366157600.0,3688.0,55,3687.0,24
rb1805,20170918,20170915,210237000,3687.0,9976,340354,367779880.0,3688.0,112,3687.0,8
rb1805,20170918,20170915,210237500,3686.0,9998,340356,368590980.0,3687.0,8,3686.0,64
rb1805,20170918,20170915,210238000,3686.0,10002,340358,368738420.0,3687.0,2,3686.0,62
rb1805,20170918,20170915,210238500,3686.0,10006,340362,368885860.0,3687.0,2,3686.0,58
rb1805,20170918,20170915,210239000,3686.0,10010,340362,369033300.0,3687.0,7,3686.0,54
rb1805,20170918,20170915,210239500,3686.0,10050,340336,370507840.0,3687.0,9,3686.0,41
rb1805,20170918,20170915,210240000,3685.0,10134,340322,373604060.0,3686.0,3,3685.0,33
rb1805,20170918,20170915,210240500,3685.0,10138,340326,373751460.0,3686.0,13,3685.0,31
rb1805,20170918,20170915,210241000,3685.0,10172,340348,375004360.0,3686.0,26,3685.0,14
rb1805,20170918,20170915,210241500,3685.0,10192,340350,375741360.0,3686.0,32,3685.0,5
rb1805,20170918,20170915,210242000,3684.0,10206,340348,376257220.0,3685.0,10,3684.0,20
rb1805,20170918,20170915,210242500,3685.0,10232,340324,377215320.0,3686.0,21,3685.0,37
rb1805,20170918,20170915,210243000,3685.0,10240,340332,377510160.0,3686.0,16,3685.0,31
rb1805,20170918,20170915,210243500,3685.0,10248,340340,377804960.0,3686.0,12,3685.0,34
rb1805,20170918,20170915,210244000,3686.0,10262,340348,378320940.0,3686.0,8,3685.0,53
rb1805,20170918,20170915,210244500,3685.0,10282,340338,379058100.0,3686.0,1,3685.0,54
rb1805,20170918,20170915,210245000,3686.0,10300,340352,379721600.0,3687.0,10,3686.0,12
rb1805,20170918,20170915,210245500,3688.0,10388,340340,382966820.0,3688.0,61,3686.0,4
rb1805,20170918,20170915,210246000,3687.0,10392,340340,383114300.0,3688.0,65,3687.0,9
rb1805,20170918,20170915,210246500,3687.0,10402,340340,383483000.0,3688.0,65,3687.0,20
rb1805,20170918,20170915,210247000,3688.0,10408,340340,383704260.0,3688.0,59,3687.0,23
rb1805,20170918,20170915,210247500,3687.0,10416,340338,383999260.0,3688.0,57,3687.0,32
rb1805,20170918,20170915,210248000,3687.0,10422,340338,384220480.0,3688.0,57,3687.0,29
rb1805,20170918,20170915,210248500,3687.0,10442,340328,384958000.0,3688.0,51,3687.0,25
rb1805,20170918,20170915,210249000,3687.0,10446,340328,385105480.0,3688.0,53,3687.0,29
rb1805,20170918,20170915,210249500,3687.0,10450,340328,385252960.0,3688.0,53,3687.0,28
rb1805,20170918,20170915,210250000,3687.0,10456,340328,385474180.0,3688.0,53,3687.0,28
rb1805,20170918,20170915,210250500,3687.0,10458,340328,385547920.0,3688.0,54,3687.0,28
rb1805,20170918,20170915,210251000,3687.0,10480,340326,386359060.0,3688.0,56,3687.0,17
rb1805,20170918,20170915,210251500,3687.0,10520,340312,387833860.0,3687.0,30,3686.0,27
rb1805,20170918,20170915,210252000,3686.0,10530,340318,388202460.0,3687.0,36,3686.0,182
rb1805,20170918,20170915,210252500,3686.0,10536,340322,388423620.0,3687.0,21,3686.0,179
rb1805,20170918,20170915,210253000,3686.0,10540,340326,388571060.0,3687.0,40,3686.0,177
rb1805,20170918,20170915,210253500,3686.0,10544,340326,388718520.0,3687.0,37,3686.0,176
rb1805,20170918,20170915,210254000,3686.0,10554,340334,389087140.0,3687.0,29,3686.0,172
rb1805,20170918,20170915,210254500,3686.0,10556,340336,389160860.0,3687.0,32,3686.0,171
rb1805,20170918,20170915,210255000,3686.0,10562,340338,389382020.0,3687.0,39,3686.0,169
rb1805,20170918,20170915,210255500,3686.0,10574,340350,389824340.0,3687.0,37,3686.0,170
rb1805,20170918,20170915,210256000,3686.0,10580,340354,390045500.0,3687.0,34,3686.0,170
rb1805,20170918,20170915,210256500,3686.0,10584,340358,390192940.0,3687.0,34,3686.0,168
rb1805,20170918,20170915,210257000,3687.0,10588,340358,390340400.0,3687.0,49,3686.0,167
rb1805,20170918,20170915,210257500,3686.0,10594,340362,390561560.0,3687.0,49,3686.0,165
rb1805,20170918,20170915,210258000,3686.0,10598,340366,390709000.0,3687.0,42,3686.0,163
rb1805,20170918,20170915,210258500,3687.0,10764,340520,396827880.0,3687.0,37,3686.0,90
rb1805,20170918,20170915,210259000,3686.0,10774,340526,397196520.0,3687.0,35,3686.0,88
rb1805,20170918,20170915,210259500,3686.0,10802,340514,398228800.0,3687.0,32,3686.0,80
rb1805,20170918,20170915,210300000,3686.0,10804,340516,398302520.0,3687.0,25,3686.0,75
rb1805,20170918,20170915,210300500,3688.0,10934,340606,403095500.0,3688.0,97,3686.0,72
rb1805,20170918,20170915,210301000,3688.0,10942,340606,403390540.0,3688.0,97,3686.0,72
rb1805,20170918,20170915,210301500,3688.0,10956,340600,403906820.0,3688.0,91,3687.0,30
rb1805,20170918,20170915,210302000,3687.0,11004,340640,405676660.0,3688.0,87,3687.0,10
rb1805,20170918,20170915,210302500,3687.0,11006,340642,405750400.0,3688.0,87,3687.0,9
rb1805,20170918,20170915,210303000,3687.0,11006,340642,405750400.0,3688.0,87,3687.0,10
rb1805,20170918,20170915,210303500,3687.0,11006,340642,405750400.0,3688.0,87,3687.0,11
rb1805,20170918,20170915,210304000,3688.0,11032,340642,406709260.0,3688.0,75,3687.0,10
rb1805,20170918,20170915,210304500,3687.0,11034,340644,406783000.0,3688.0,93,3687.0,9
rb1805,20170918,20170915,210305000,3687.0,11112,340700,409659600.0,3688.0,56,3687.0,7
rb1805,20170918,20170915,210305500,3688.0,11132,340720,410397200.0,3688.0,46,3687.0,16
rb1805,20170918,20170915,210306000,3688.0,11164,340752,411577260.0,3688.0,36,3687.0,11
rb1805,20170918,20170915,210306500,3688.0,11168,340754,411724780.0,3688.0,35,3687.0,26
rb1805,20170918,20170915,210307000,3688.0,11168,340754,411724780.0,3688.0,35,3687.0,26
rb1805,20170918,20170915,210307500,3688.0,11178,340764,412093580.0,3688.0,34,3687.0,26
rb1805,20170918,20170915,210308000,3687.0,11194,340754,412683520.0,3688.0,66,3687.0,19
rb1805,20170918,20170915,210308500,3687.0,11212,340752,413347200.0,3688.0,65,3687.0,11
rb1805,20170918,20170915,210309000,3688.0,11220,340756,413642200.0,3688.0,64,3687.0,9
rb1805,20170918,20170915,210309500,3688.0,11246,340742,414601040.0,3688.0,58,3687.0,9
rb1805,20170918,20170915,210310000,3688.0,11256,340746,414969760.0,3688.0,52,3687.0,5
rb1805,20170918,20170915,210310500,3687.0,11272,340746,415559680.0,3688.0,53,3686.0,51
rb1805,20170918,20170915,210311000,3687.0,11272,340746,415559680.0,3688.0,53,3687.0,1
rb1805,20170918,20170915,210311500,3687.0,11278,340750,415780920.0,3687.0,3,3686.0,51
rb1805,20170918,20170915,210312000,3687.0,11280,340750,415854660.0,3687.0,3,3686.0,51
rb1805,20170918,20170915,210312500,3688.0,11304,340750,416739560.0,3688.0,37,3687.0,22
rb1805,20170918,20170915,210313000,3687.0,11348,340706,418361840.0,3687.0,6,3686.0,51
rb1805,20170918,20170915,210313500,3687.0,11362,340706,418878020.0,3687.0,2,3686.0,51
rb1805,20170918,20170915,210314000,3687.0,11368,340706,419099240.0,3688.0,37,3687.0,1
rb1805,20170918,20170915,210314500,3687.0,11372,340704,419246720.0,3688.0,61,3686.0,52
rb1805,20170918,20170915,210315000,3688.0,11384,340698,419689280.0,3688.0,55,3686.0,52
rb1805,20170918,20170915,210315500,3687.0,11390,340696,419910520.0,3688.0,54,3687.0,1
rb1805,20170918,20170915,210316000,3687.0,11394,340696,420058000.0,3687.0,11,3686.0,69
rb1805,20170918,20170915,210316500,3687.0,11440,340718,421753800.0,3687.0,4,3686.0,58
rb1805,20170918,20170915,210317000,3687.0,11440,340718,421753800.0,3687.0,24,3686.0,78
rb1805,20170918,20170915,210317500,3687.0,11440,340718,421753800.0,3687.0,35,3686.0,78
rb1805,20170918,20170915,210318000,3686.0,11444,340718,421901240.0,3687.0,35,3686.0,76
rb1805,20170918,20170915,210318500,3686.0,11476,340740,423080760.0,3687.0,60,3686.0,61
rb1805,20170918,20170915,210319000,3686.0,11486,340740,423449360.0,3687.0,60,3686.0,57
rb1805,20170918,20170915,210319500,3686.0,11554,340716,425955860.0,3687.0,59,3686.0,40
rb1805,20170918,20170915,210320000,3686.0,11560,340714,426177020.0,3687.0,61,3686.0,41
rb1805,20170918,20170915,210320500,3686.0,11572,340716,426619400.0,3687.0,78,3686.0,41
rb1805,20170918,20170915,210321000,3686.0,11592,340736,427356600.0,3687.0,72,3686.0,31
rb1805,20170918,20170915,210321500,3687.0,11864,340916,437384140.0,3688.0,252,3687.0,6
rb1805,20170918,20170915,210322000,3687.0,11882,340916,438047780.0,3687.0,42,3686.0,1
rb1805,20170918,20170915,210322500,3686.0,11884,340916,438121500.0,3686.0,4,3685.0,56
rb1805,20170918,20170915,210323000,3685.0,11890,340910,438342600.0,3686.0,5,3685.0,53
rb1805,20170918,20170915,210323500,3686.0,11894,340910,438490040.0,3686.0,6,3685.0,67
rb1805,20170918,20170915,210324000,3686.0,11900,340910,438711200.0,3686.0,4,3685.0,67
rb1805,20170918,20170915,210324500,3685.0,11912,340912,439153420.0,3686.0,5,3685.0,62
rb1805,20170918,20170915,210325000,3686.0,11918,340918,439374580.0,3686.0,20,3685.0,58
rb1805,20170918,20170915,210325500,3686.0,11918,340918,439374580.0,3686.0,20,3685.0,58
rb1805,20170918,20170915,210326000,3686.0,11918,340918,439374580.0,3686.0,21,3685.0,59
rb1805,20170918,20170915,210326500,3686.0,11918,340918,439374580.0,3686.0,24,3685.0,59
rb1805,20170918,20170915,210327000,3685.0,11940,340926,440185300.0,3686.0,23,3685.0,50
rb1805,20170918,20170915,210327500,3685.0,11942,340924,440259000.0,3686.0,23,3685.0,49
rb1805,20170918,20170915,210328000,3685.0,11960,340916,440922320.0,3686.0,22,3685.0,41
rb1805,20170918,20170915,210328500,3685.0,11960,340916,440922320.0,3686.0,28,3685.0,41
rb1805,20170918,20170915,210329000,3685.0,11964,340918,441069740.0,3686.0,25,3685.0,40
rb1805,20170918,20170915,210329500,3686.0,11966,340920,441143460.0,3686.0,24,3685.0,40
rb1805,20170918,20170915,210330000,3686.0,11966,340920,441143460.0,3686.0,24,3685.0,41
rb1805,20170918,20170915,210330500,3686.0,11966,340920,441143460.0,3686.0,25,3685.0,41
rb1805,20170918,20170915,210331000,3686.0,12038,340964,443796780.0,3686.0,20,3685.0,11
rb1805,20170918,20170915,210331500,3685.0,12048,340964,444165280.0,3686.0,20,3685.0,6
rb1805,20170918,20170915,210332000,3685.0,12048,340964,444165280.0,3686.0,48,3685.0,6
rb1805,20170918,20170915,210332500,3685.0,12050,340964,444238980.0,3686.0,49,3685.0,6
rb1805,20170918,20170915,210333000,3685.0,12064,340970,444754880.0,3685.0,1,3684.0,30
rb1805,20170918,20170915,210333500,3685.0,12068,340968,444902280.0,3685.0,2,3684.0,30
rb1805,20170918,20170915,210334000,3684.0,12076,340968,445197040.0,3685.0,1,3684.0,28
rb1805,20170918,20170915,210334500,3684.0,12080,340970,445344400.0,3685.0,4,3684.0,36
rb1805,20170918,20170915,210335000,3685.0,12128,341018,447113200.0,3686.0,58,3685.0,26
rb1805,20170918,20170915,210335500,3686.0,12158,341038,448218720.0,3686.0,57,3685.0,13
rb1805,20170918,20170915,210336000,3685.0,12162,341042,448366120.0,3686.0,58,3685.0,11
rb1805,20170918,20170915,210336500,3685.0,12162,341042,448366120.0,3686.0,58,3685.0,13
rb1805,20170918,20170915,210337000,3685.0,12178,341052,448955720.0,3686.0,79,3685.0,10
rb1805,20170918,20170915,210337500,3685.0,12180,341054,449029420.0,3686.0,79,3685.0,11
rb1805,20170918,20170915,210338000,3685.0,12188,341058,449324220.0,3686.0,81,3685.0,7
rb1805,20170918,20170915,210338500,3684.0,12204,341058,449913800.0,3685.0,18,3684.0,45
rb1805,20170918,20170915,210339000,3685.0,12206,341058,449987500.0,3685.0,17,3684.0,45
rb1805,20170918,20170915,210339500,3685.0,12208,341058,450061200.0,3685.0,17,3684.0,45
rb1805,20170918,20170915,210340000,3684.0,12222,341054,450576960.0,3685.0,18,3684.0,45
rb1805,20170918,20170915,210340500,3685.0,12262,341070,452050960.0,3686.0,81,3685.0,8
rb1805,20170918,20170915,210341000,3686.0,12268,341076,452272080.0,3686.0,79,3685.0,17
rb1805,20170918,20170915,210341500,3686.0,12268,341076,452272080.0,3686.0,99,3685.0,37
rb1805,20170918,20170915,210342000,3685.0,12290,341094,453082780.0,3686.0,103,3685.0,30
rb1805,20170918,20170915,210342500,3685.0,12294,341094,453230180.0,3686.0,103,3685.0,37
rb1805,20170918,20170915,210343000,3685.0,12354,341124,455441760.0,3686.0,78,3685.0,35
rb1805,20170918,20170915,210343500,3686.0,12528,341170,461855400.0,3687.0,40,3686.0,18
rb1805,20170918,20170915,210344000,3687.0,12614,341136,465026220.0,3688.0,65,3687.0,15
rb1805,20170918,20170915,210344500,3688.0,12624,341136,465395020.0,3688.0,60,3687.0,10
rb1805,20170918,20170915,210345000,3686.0,12654,341106,466501060.0,3688.0,60,3686.0,132
rb1805,20170918,20170915,210345500,3686.0,12654,341106,466501060.0,3688.0,61,3686.0,24
rb1805,20170918,20170915,210346000,3686.0,12654,341106,466501060.0,3687.0,16,3686.0,24
rb1805,20170918,20170915,210346500,3686.0,12656,341106,466574780.0,3687.0,16,3686.0,12
rb1805,20170918,20170915,210347000,3686.0,12656,341106,466574780.0,3687.0,22,3686.0,8
rb1805,20170918,20170915,210347500,3687.0,12662,341106,466795980.0,3687.0,21,3686.0,7
rb1805,20170918,20170915,210348000,3687.0,12662,341106,466795980.0,3687.0,22,3686.0,7
rb1805,20170918,20170915,210348500,3685.0,12678,341092,467385720.0,3686.0,12,3685.0,57
rb1805,20170918,20170915,210349000,3686.0,12682,341088,467533160.0,3686.0,10,3685.0,50
rb1805,20170918,20170915,210349500,3686.0,12684,341088,467606880.0,3686.0,10,3685.0,50
rb1805,20170918,20170915,210350000,3686.0,12684,341088,467606880.0,3686.0,10,3685.0,51
rb1805,20170918,20170915,210350500,3685.0,12688,341088,467754300.0,3686.0,9,3685.0,48
rb1805,20170918,20170915,210351000,3685.0,12688,341088,467754300.0,3686.0,9,3685.0,48
rb1805,20170918,20170915,210351500,3685.0,12690,341088,467828000.0,3686.0,10,3685.0,47
rb1805,20170918,20170915,210352000,3685.0,12698,341082,468122800.0,3686.0,13,3685.0,44
rb1805,20170918,20170915,210352500,3685.0,12700,341082,468196500.0,3686.0,13,3685.0,47
rb1805,20170918,20170915,210353000,3685.0,12704,341082,468343900.0,3686.0,14,3685.0,45
rb1805,20170918,20170915,210353500,3685.0,12704,341082,468343900.0,3686.0,14,3685.0,45
rb1805,20170918,20170915,210354000,3685.0,12748,341082,469965300.0,3686.0,28,3685.0,24
rb1805,20170918,20170915,210354500,3685.0,12806,341054,472102600.0,3685.0,42,3684.0,54
rb1805,20170918,20170915,210355000,3685.0,12916,341110,476155020.0,3685.0,32,3683.0,27
rb1805,20170918,20170915,210355500,3685.0,12916,341110,476155020.0,3685.0,41,3683.0,27
rb1805,20170918,20170915,210356000,3684.0,12920,341108,476302380.0,3685.0,41,3683.0,25
rb1805,20170918,20170915,210356500,3684.0,12922,341108,476376060.0,3684.0,3,3683.0,26
rb1805,20170918,20170915,210357000,3683.0,12968,341090,478070240.0,3684.0,10,3683.0,3
rb1805,20170918,20170915,210357500,3682.0,12980,341082,478512160.0,3683.0,16,3682.0,89
rb1805,20170918,20170915,210358000,3682.0,13066,341068,481678700.0,3683.0,9,3682.0,45
rb1805,20170918,20170915,210358500,3682.0,13082,341056,482267960.0,3683.0,4,3682.0,45
rb1805,20170918,20170915,210359000,3683.0,13096,341054,482783620.0,3684.0,12,3683.0,4
rb1805,20170918,20170915,210359500,3682.0,13136,341054,484256440.0,3684.0,12,3682.0,30
rb1805,20170918,20170915,210400000,3682.0,13136,341054,484256440.0,3683.0,2,3682.0,30
rb1805,20170918,20170915,210400500,3684.0,13142,341056,484477440.0,3683.0,2,3682.0,30
rb1805,20170918,20170915,210401000,3683.0,13146,341056,484624760.0,3684.0,19,3682.0,31
rb1805,20170918,20170915,210401500,3683.0,13150,341054,484772080.0,3684.0,14,3682.0,32
rb1805,20170918,20170915,210402000,3682.0,13156,341054,484993040.0,3684.0,12,3683.0,1
rb1805,20170918,20170915,210402500,3684.0,13158,341052,485066720.0,3684.0,5,3683.0,4
rb1805,20170918,20170915,210403000,3684.0,13170,341046,485508800.0,3685.0,23,3683.0,10
rb1805,20170918,20170915,210403500,3684.0,13170,341046,485508800.0,3685.0,23,3684.0,31
rb1805,20170918,20170915,210404000,3685.0,13176,341046,485729880.0,3685.0,21,3684.0,30
rb1805,20170918,20170915,210404500,3685.0,13200,341036,486614280.0,3686.0,75,3685.0,3
rb1805,20170918,20170915,210405000,3685.0,13200,341036,486614280.0,3685.0,3,3684.0,38
rb1805,20170918,20170915,210405500,3685.0,13216,341032,487203880.0,3686.0,73,3685.0,45
rb1805,20170918,20170915,210406000,3685.0,13216,341032,487203880.0,3686.0,61,3685.0,36
rb1805,20170918,20170915,210406500,3686.0,13218,341032,487277600.0,3686.0,60,3685.0,37
rb1805,20170918,20170915,210407000,3685.0,13254,341028,488604520.0,3686.0,44,3685.0,35
rb1805,20170918,20170915,210407500,3686.0,13258,341028,488751940.0,3686.0,43,3685.0,35
rb1805,20170918,20170915,210408000,3686.0,13258,341028,488751940.0,3686.0,48,3685.0,35
rb1805,20170918,20170915,210408500,3685.0,13260,341028,488825640.0,3686.0,43,3685.0,34
rb1805,20170918,20170915,210409000,3685.0,13274,341026,489341560.0,3686.0,43,3685.0,28
rb1805,20170918,20170915,210409500,3685.0,13298,341006,490225960.0,3686.0,43,3685.0,13
rb1805,20170918,20170915,210410000,3685.0,13324,341000,491184060.0,3686.0,47,3684.0,34
rb1805,20170918,20170915,210410500,3686.0,13360,340980,492511020.0,3686.0,31,3684.0,34
rb1805,20170918,20170915,210411000,3686.0,13360,340980,492511020.0,3685.0,3,3684.0,35
rb1805,20170918,20170915,210411500,3685.0,13368,340988,492805820.0,3686.0,26,3685.0,2
rb1805,20170918,20170915,210412000,3685.0,13378,340992,493174320.0,3686.0,34,3685.0,12
rb1805,20170918,20170915,210412500,3686.0,13380,340994,493248040.0,3686.0,33,3685.0,5
rb1805,20170918,20170915,210413000,3686.0,13382,340992,493321760.0,3686.0,32,3685.0,7
rb1805,20170918,20170915,210413500,3686.0,13384,340990,493395480.0,3686.0,31,3685.0,7
rb1805,20170918,20170915,210414000,3686.0,13384,340990,493395480.0,3686.0,31,3685.0,7
rb1805,20170918,20170915,210414500,3686.0,13386,340990,493469200.0,3686.0,30,3685.0,7
rb1805,20170918,20170915,210415000,3685.0,13400,340990,493985100.0,3685.0,2,3684.0,7
rb1805,20170918,20170915,210415500,3685.0,13402,340990,494058800.0,3685.0,19,3684.0,14
rb1805,20170918,20170915,210416000,3685.0,13418,340996,494648400.0,3685.0,21,3684.0,8
rb1805,20170918,20170915,210416500,3685.0,13418,340996,494648400.0,3685.0,21,3684.0,8
rb1805,20170918,20170915,210417000,3685.0,13418,340996,494648400.0,3685.0,27,3684.0,12
rb1805,20170918,20170915,210417500,3685.0,13474,340994,496712000.0,3686.0,27,3685.0,44
rb1805,20170918,20170915,210418000,3686.0,13530,341006,498776160.0,3687.0,41,3686.0,68
rb1805,20170918,20170915,210418500,3687.0,13620,341020,502094460.0,3688.0,64,3687.0,15
rb1805,20170918,20170915,210419000,3687.0,13648,341020,503127080.0,3688.0,57,3687.0,18
rb1805,20170918,20170915,210419500,3688.0,13678,341026,504233420.0,3688.0,46,3687.0,17
rb1805,20170918,20170915,210420000,3688.0,13726,341056,506003660.0,3688.0,27,3687.0,17
rb1805,20170918,20170915,210420500,3688.0,13732,341060,506224920.0,3688.0,30,3687.0,46
rb1805,20170918,20170915,210421000,3688.0,13742,341068,506593640.0,3688.0,30,3687.0,42
rb1805,20170918,20170915,210421500,3686.0,13828,341064,509764440.0,3688.0,30,3686.0,41
rb1805,20170918,20170915,210422000,3686.0,13828,341064,509764440.0,3688.0,34,3687.0,5
rb1805,20170918,20170915,210422500,3687.0,13840,341064,510206880.0,3687.0,36,3686.0,41
rb1805,20170918,20170915,210423000,3686.0,13842,341064,510280600.0,3687.0,37,3686.0,40
rb1805,20170918,20170915,210423500,3687.0,13896,341038,512271580.0,3687.0,12,3686.0,40
rb1805,20170918,20170915,210424000,3686.0,13898,341040,512345300.0,3687.0,12,3686.0,40
rb1805,20170918,20170915,210424500,3686.0,13898,341040,512345300.0,3687.0,13,3686.0,45
rb1805,20170918,20170915,210425000,3686.0,13898,341040,512345300.0,3687.0,16,3686.0,45
rb1805,20170918,20170915,210425500,3687.0,13930,341024,513525140.0,3687.0,6,3686.0,45
rb1805,20170918,20170915,210426000,3687.0,13930,341024,513525140.0,3687.0,6,3686.0,45
rb1805,20170918,20170915,210426500,3687.0,13936,341026,513746320.0,3687.0,5,3686.0,45
rb1805,20170918,20170915,210427000,3686.0,13948,341020,514188720.0,3687.0,5,3686.0,39
rb1805,20170918,20170915,210427500,3687.0,13954,341014,514409940.0,3687.0,13,3686.0,44
rb1805,20170918,20170915,210428000,3687.0,13956,341012,514483680.0,3687.0,12,3686.0,39
rb1805,20170918,20170915,210428500,3687.0,13966,341020,514852380.0,3687.0,9,3686.0,39
rb1805,20170918,20170915,210429000,3687.0,13966,341020,514852380.0,3687.0,9,3686.0,39
rb1805,20170918,20170915,210429500,3686.0,13972,341020,515073580.0,3687.0,7,3686.0,38
rb1805,20170918,20170915,210430000,3687.0,13976,341020,515221060.0,3687.0,10,3686.0,38
rb1805,20170918,20170915,210430500,3687.0,13978,341018,515294800.0,3687.0,9,3686.0,38
rb1805,20170918,20170915,210431000,3687.0,13984,341018,515515980.0,3687.0,31,3686.0,36
rb1805,20170918,20170915,210431500,3687.0,14008,341040,516400640.0,3687.0,32,3686.0,26
rb1805,20170918,20170915,210432000,3686.0,14016,341048,516695520.0,3687.0,32,3686.0,120
rb1805,20170918,20170915,210432500,3687.0,14022,341054,516916700.0,3687.0,24,3686.0,118
rb1805,20170918,20170915,210433000,3686.0,14024,341054,516990420.0,3687.0,24,3686.0,113
rb1805,20170918,20170915,210433500,3686.0,14024,341054,516990420.0,3687.0,24,3686.0,113
rb1805,20170918,20170915,210434000,3687.0,14026,341056,517064160.0,3687.0,21,3686.0,113
rb1805,20170918,20170915,210434500,3687.0,14026,341056,517064160.0,3687.0,22,3686.0,114
rb1805,20170918,20170915,210435000,3687.0,14028,341056,517137900.0,3687.0,22,3686.0,115
rb1805,20170918,20170915,210435500,3687.0,14034,341050,517359120.0,3687.0,21,3686.0,115
rb1805,20170918,20170915,210436000,3686.0,14046,341044,517801440.0,3687.0,110,3686.0,110
rb1805,20170918,20170915,210436500,3686.0,14054,341044,518096320.0,3687.0,93,3686.0,106
rb1805,20170918,20170915,210437000,3686.0,14060,341048,518317480.0,3687.0,129,3686.0,107
rb1805,20170918,20170915,210437500,3686.0,14060,341048,518317480.0,3687.0,115,3686.0,107
rb1805,20170918,20170915,210438000,3686.0,14072,341050,518759800.0,3687.0,119,3686.0,101
rb1805,20170918,20170915,210438500,3686.0,14074,341052,518833520.0,3687.0,130,3686.0,100
rb1805,20170918,20170915,210439000,3686.0,14082,341048,519128440.0,3687.0,56,3686.0,98
rb1805,20170918,20170915,210439500,3686.0,14086,341050,519275900.0,3687.0,52,3686.0,97
rb1805,20170918,20170915,210440000,3686.0,14098,341062,519718220.0,3687.0,72,3686.0,91
rb1805,20170918,20170915,210440500,3687.0,14102,341062,519865700.0,3687.0,66,3686.0,91
rb1805,20170918,20170915,210441000,3687.0,14104,341064,519939440.0,3687.0,65,3686.0,88
rb1805,20170918,20170915,210441500,3686.0,14106,341066,520013160.0,3687.0,65,3686.0,87
rb1805,20170918,20170915,210442000,3686.0,14170,341122,522372280.0,3687.0,64,3686.0,64
rb1805,20170918,20170915,210442500,3687.0,14228,341074,524510740.0,3687.0,36,3686.0,69
rb1805,20170918,20170915,210443000,3687.0,14256,341072,525543100.0,3687.0,5,3686.0,69
rb1805,20170918,20170915,210443500,3687.0,14268,341062,525985540.0,3688.0,145,3687.0,2
rb1805,20170918,20170915,210444000,3686.0,14280,341060,526427940.0,3687.0,21,3686.0,67
rb1805,20170918,20170915,210444500,3687.0,14282,341060,526501680.0,3687.0,22,3686.0,67
rb1805,20170918,20170915,210445000,3687.0,14286,341056,526649160.0,3687.0,20,3686.0,63
rb1805,20170918,20170915,210445500,3686.0,14290,341060,526796600.0,3687.0,22,3686.0,61
rb1805,20170918,20170915,210446000,3687.0,14300,341056,527165300.0,3687.0,36,3686.0,61
rb1805,20170918,20170915,210446500,3686.0,14306,341060,527386480.0,3687.0,30,3686.0,62
rb1805,20170918,20170915,210447000,3686.0,14306,341060,527386480.0,3687.0,30,3686.0,62
rb1805,20170918,20170915,210447500,3686.0,14310,341064,527533920.0,3687.0,30,3686.0,60
rb1805,20170918,20170915,210448000,3687.0,14318,341056,527828880.0,3687.0,28,3686.0,59
rb1805,20170918,20170915,210448500,3687.0,14320,341054,527902620.0,3687.0,27,3686.0,60
rb1805,20170918,20170915,210449000,3686.0,14326,341058,528123780.0,3687.0,15,3686.0,57
rb1805,20170918,20170915,210449500,3686.0,14326,341058,528123780.0,3687.0,67,3686.0,57
rb1805,20170918,20170915,210450000,3686.0,14344,341060,528787260.0,3687.0,83,3686.0,48
rb1805,20170918,20170915,210450500,3686.0,14386,341098,530335400.0,3687.0,80,3686.0,28
rb1805,20170918,20170915,210451000,3686.0,14390,341102,530482840.0,3687.0,81,3686.0,26
rb1805,20170918,20170915,210451500,3687.0,14392,341100,530556580.0,3687.0,80,3686.0,26
rb1805,20170918,20170915,210452000,3686.0,14394,341102,530630300.0,3687.0,46,3686.0,25
rb1805,20170918,20170915,210452500,3687.0,14396,341102,530704040.0,3687.0,45,3686.0,25
rb1805,20170918,20170915,210453000,3686.0,14400,341102,530851480.0,3687.0,43,3686.0,24
rb1805,20170918,20170915,210453500,3686.0,14402,341104,530925200.0,3687.0,43,3686.0,23
rb1805,20170918,20170915,210454000,3686.0,14402,341104,530925200.0,3687.0,31,3686.0,24
rb1805,20170918,20170915,210454500,3686.0,14452,341098,532768200.0,3686.0,36,3685.0,66
rb1805,20170918,20170915,210455000,3686.0,14452,341098,532768200.0,3686.0,54,3685.0,66
rb1805,20170918,20170915,210455500,3685.0,14456,341098,532915620.0,3686.0,56,3685.0,65
rb1805,20170918,20170915,210456000,3685.0,14464,341096,533210460.0,3686.0,40,3685.0,62
rb1805,20170918,20170915,210456500,3685.0,14486,341104,534021180.0,3686.0,39,3685.0,56
rb1805,20170918,20170915,210457000,3686.0,14538,341072,535937820.0,3686.0,7,3685.0,52
rb1805,20170918,20170915,210457500,3685.0,14642,341072,539770220.0,3685.0,448,3684.0,19
rb1805,20170918,20170915,210458000,3684.0,14696,341056,541759880.0,3685.0,433,3684.0,5
rb1805,20170918,20170915,210458500,3684.0,14698,341054,541833560.0,3685.0,435,3684.0,18
rb1805,20170918,20170915,210459000,3685.0,14724,341052,542791660.0,3685.0,422,3684.0,22
rb1805,20170918,20170915,210459500,3684.0,14770,341074,544486300.0,3684.0,45,3683.0,19
rb1805,20170918,20170915,210500000,3683.0,14800,341096,545591200.0,3684.0,25,3683.0,4
rb1805,20170918,20170915,210500500,3684.0,14802,341098,545664880.0,3684.0,26,3683.0,11
rb1805,20170918,20170915,210501000,3684.0,14804,341098,545738560.0,3684.0,25,3683.0,11
rb1805,20170918,20170915,210501500,3684.0,14810,341102,545959600.0,3684.0,22,3683.0,16
rb1805,20170918,20170915,210502000,3684.0,14824,341098,546475360.0,3685.0,423,3684.0,4
rb1805,20170918,20170915,210502500,3684.0,14836,341088,546917440.0,3685.0,423,3684.0,4
rb1805,20170918,20170915,210503000,3685.0,14872,341088,548244040.0,3685.0,404,3684.0,7
rb1805,20170918,20170915,210503500,3685.0,14884,341076,548686220.0,3685.0,399,3684.0,5
rb1805,20170918,20170915,210504000,3685.0,14912,341050,549718020.0,3685.0,385,3684.0,11
rb1805,20170918,20170915,210504500,3685.0,14912,341050,549718020.0,3685.0,385,3684.0,11
rb1805,20170918,20170915,210505000,3685.0,14922,341042,550086520.0,3685.0,380,3684.0,24
rb1805,20170918,20170915,210505500,3685.0,14952,341022,551192020.0,3685.0,365,3684.0,26
rb1805,20170918,20170915,210506000,3684.0,14958,341016,551413060.0,3685.0,366,3684.0,19
rb1805,20170918,20170915,210506500,3684.0,14960,341016,551486740.0,3685.0,366,3684.0,41
rb1805,20170918,20170915,210507000,3684.0,14962,341016,551560420.0,3685.0,371,3684.0,40
rb1805,20170918,20170915,210507500,3684.0,14970,341012,551855200.0,3685.0,369,3684.0,50
rb1805,20170918,20170915,210508000,3685.0,15708,340774,579050500.0,3686.0,8,3685.0,9
rb1805,20170918,20170915,210508500,3685.0,15714,340774,579271600.0,3686.0,8,3685.0,7
rb1805,20170918,20170915,210509000,3686.0,15718,340772,579419040.0,3686.0,6,3685.0,8
rb1805,20170918,20170915,210509500,3686.0,15720,340770,579492760.0,3686.0,5,3685.0,20
rb1805,20170918,20170915,210510000,3686.0,15720,340770,579492760.0,3686.0,5,3685.0,22
rb1805,20170918,20170915,210510500,3686.0,15726,340766,579713920.0,3686.0,2,3685.0,22
rb1805,20170918,20170915,210511000,3686.0,15730,340768,579861360.0,3687.0,18,3686.0,2
rb1805,20170918,20170915,210511500,3687.0,15764,340794,581114940.0,3688.0,161,3687.0,11
rb1805,20170918,20170915,210512000,3687.0,15806,340800,582663680.0,3688.0,151,3686.0,9
rb1805,20170918,20170915,210512500,3687.0,15806,340800,582663680.0,3688.0,152,3686.0,22
rb1805,20170918,20170915,210513000,3687.0,15806,340800,582663680.0,3687.0,16,3686.0,34
rb1805,20170918,20170915,210513500,3687.0,15826,340820,583401080.0,3687.0,7,3686.0,34
rb1805,20170918,20170915,210514000,3687.0,15840,340832,583917260.0,3688.0,151,3686.0,34
rb1805,20170918,20170915,210514500,3687.0,15842,340832,583991000.0,3687.0,4,3686.0,26
rb1805,20170918,20170915,210515000,3687.0,15856,340826,584507180.0,3687.0,4,3686.0,26
rb1805,20170918,20170915,210515500,3687.0,15860,340828,584654660.0,3687.0,2,3686.0,26
rb1805,20170918,20170915,210516000,3687.0,15860,340828,584654660.0,3687.0,2,3686.0,26
rb1805,20170918,20170915,210516500,3687.0,15860,340828,584654660.0,3687.0,2,3686.0,26
rb1805,20170918,20170915,210517000,3687.0,15864,340830,584802140.0,3688.0,172,3687.0,9
rb1805,20170918,20170915,210517500,3686.0,15884,340812,585539520.0,3687.0,89,3686.0,25
rb1805,20170918,20170915,210518000,3687.0,15914,340834,586645540.0,3687.0,76,3686.0,22
rb1805,20170918,20170915,210518500,3687.0,15926,340838,587087900.0,3687.0,75,3686.0,15
rb1805,20170918,20170915,210519000,3686.0,15944,340838,587751380.0,3687.0,69,3686.0,7
rb1805,20170918,20170915,210519500,3686.0,15960,340842,588341160.0,3686.0,3,3685.0,29
rb1805,20170918,20170915,210520000,3686.0,15960,340842,588341160.0,3686.0,3,3685.0,34
rb1805,20170918,20170915,210520500,3687.0,15994,340870,589594680.0,3687.0,55,3685.0,34
rb1805,20170918,20170915,210521000,3687.0,15994,340870,589594680.0,3687.0,56,3686.0,1
rb1805,20170918,20170915,210521500,3686.0,16004,340874,589963280.0,3687.0,56,3686.0,15
rb1805,20170918,20170915,210522000,3686.0,16026,340896,590774200.0,3687.0,57,3686.0,4
rb1805,20170918,20170915,210522500,3686.0,16026,340896,590774200.0,3687.0,57,3686.0,8
rb1805,20170918,20170915,210523000,3686.0,16028,340898,590847920.0,3687.0,58,3686.0,3
rb1805,20170918,20170915,210523500,3686.0,16034,340898,591069080.0,3686.0,3,3685.0,30
rb1805,20170918,20170915,210524000,3687.0,16084,340924,592912520.0,3687.0,36,3685.0,34
rb1805,20170918,20170915,210524500,3687.0,16156,340986,595567060.0,3688.0,172,3687.0,69
rb1805,20170918,20170915,210525000,3687.0,16156,340986,595567060.0,3688.0,193,3687.0,69
rb1805,20170918,20170915,210525500,3687.0,16174,340986,596230720.0,3688.0,193,3687.0,60
rb1805,20170918,20170915,210526000,3687.0,16298,340986,600802600.0,3687.0,60,3685.0,29
rb1805,20170918,20170915,210526500,3687.0,16302,340986,600950080.0,3687.0,58,3685.0,26
rb1805,20170918,20170915,210527000,3687.0,16302,340986,600950080.0,3687.0,59,3685.0,35
rb1805,20170918,20170915,210527500,3687.0,16302,340986,600950080.0,3687.0,61,3685.0,37
rb1805,20170918,20170915,210528000,3687.0,16302,340986,600950080.0,3687.0,68,3685.0,38
rb1805,20170918,20170915,210528500,3687.0,16302,340986,600950080.0,3687.0,68,3685.0,38
rb1805,20170918,20170915,210529000,3687.0,16302,340986,600950080.0,3687.0,68,3685.0,39
rb1805,20170918,20170915,210529500,3687.0,16302,340986,600950080.0,3687.0,68,3685.0,39
rb1805,20170918,20170915,210530000,3687.0,16302,340986,600950080.0,3687.0,69,3686.0,1
rb1805,20170918,20170915,210530500,3685.0,16352,341016,602792620.0,3687.0,69,3686.0,1
rb1805,20170918,20170915,210531000,3686.0,16354,341016,602866340.0,3687.0,70,3686.0,1
rb1805,20170918,20170915,210531500,3687.0,16358,341016,603013800.0,3687.0,69,3685.0,7
rb1805,20170918,20170915,210532000,3687.0,16360,341016,603087540.0,3687.0,68,3685.0,12
rb1805,20170918,20170915,210532500,3687.0,16424,341022,605447220.0,3687.0,36,3685.0,20
rb1805,20170918,20170915,210533000,3687.0,16424,341022,605447220.0,3687.0,36,3685.0,25
rb1805,20170918,20170915,210533500,3687.0,16424,341022,605447220.0,3687.0,36,3685.0,33
rb1805,20170918,20170915,210534000,3686.0,16426,341024,605520940.0,3686.0,24,3685.0,30
rb1805,20170918,20170915,210534500,3686.0,16426,341024,605520940.0,3686.0,24,3685.0,30
rb1805,20170918,20170915,210535000,3686.0,16430,341028,605668380.0,3686.0,22,3685.0,26
rb1805,20170918,20170915,210535500,3686.0,16430,341028,605668380.0,3686.0,25,3685.0,32
rb1805,20170918,20170915,210536000,3686.0,16430,341028,605668380.0,3686.0,25,3685.0,32
rb1805,20170918,20170915,210536500,3686.0,16432,341030,605742100.0,3686.0,24,3685.0,32
rb1805,20170918,20170915,210537000,3686.0,16436,341030,605889540.0,3686.0,22,3685.0,32
rb1805,20170918,20170915,210537500,3686.0,16436,341030,605889540.0,3686.0,22,3685.0,33
rb1805,20170918,20170915,210538000,3686.0,16438,341030,605963260.0,3686.0,31,3685.0,33
rb1805,20170918,20170915,210538500,3686.0,16446,341038,606258140.0,3686.0,27,3685.0,33
rb1805,20170918,20170915,210539000,3686.0,16448,341038,606331860.0,3686.0,23,3685.0,35
rb1805,20170918,20170915,210539500,3686.0,16454,341044,606553020.0,3686.0,20,3685.0,35
rb1805,20170918,20170915,210540000,3686.0,16454,341044,606553020.0,3686.0,20,3685.0,35
rb1805,20170918,20170915,210540500,3686.0,16494,341064,608027420.0,3686.0,24,3685.0,45
rb1805,20170918,20170915,210541000,3686.0,16494,341064,608027420.0,3686.0,24,3685.0,45
rb1805,20170918,20170915,210541500,3686.0,16544,341112,609870420.0,3687.0,19,3686.0,41
rb1805,20170918,20170915,210542000,3686.0,16544,341112,609870420.0,3687.0,19,3686.0,41
rb1805,20170918,20170915,210542500,3686.0,16544,341112,609870420.0,3687.0,19,3686.0,42
rb1805,20170918,20170915,210543000,3686.0,16544,341112,609870420.0,3687.0,19,3686.0,43
rb1805,20170918,20170915,210543500,3686.0,16546,341114,609944140.0,3687.0,19,3686.0,48
rb1805,20170918,20170915,210544000,3686.0,16546,341114,609944140.0,3687.0,19,3686.0,49
rb1805,20170918,20170915,210544500,3686.0,16546,341114,609944140.0,3687.0,19,3686.0,49
rb1805,20170918,20170915,210545000,3686.0,16546,341114,609944140.0,3687.0,19,3686.0,49
rb1805,20170918,20170915,210545500,3686.0,16546,341114,609944140.0,3687.0,19,3686.0,49
rb1805,20170918,20170915,210546000,3686.0,16546,341114,609944140.0,3687.0,22,3686.0,49
rb1805,20170918,20170915,210546500,3686.0,16548,341114,610017860.0,3687.0,22,3686.0,48
rb1805,20170918,20170915,210547000,3686.0,16548,341114,610017860.0,3687.0,22,3686.0,48
rb1805,20170918,20170915,210547500,3686.0,16548,341114,610017860.0,3687.0,21,3686.0,48
rb1805,20170918,20170915,210548000,3688.0,16596,341118,611787680.0,3688.0,166,3687.0,35
rb1805,20170918,20170915,210548500,3687.0,16624,341126,612820040.0,3688.0,166,3687.0,10
rb1805,20170918,20170915,210549000,3687.0,16626,341128,612893780.0,3688.0,166,3687.0,13
rb1805,20170918,20170915,210549500,3688.0,16664,341112,614294880.0,3688.0,164,3687.0,2
rb1805,20170918,20170915,210550000,3687.0,16666,341110,614368620.0,3688.0,164,3687.0,2
rb1805,20170918,20170915,210550500,3687.0,16670,341112,614516120.0,3688.0,163,3687.0,2
rb1805,20170918,20170915,210551000,3687.0,16670,341112,614516120.0,3688.0,163,3687.0,3
rb1805,20170918,20170915,210551500,3688.0,16672,341114,614589880.0,3688.0,162,3687.0,7
rb1805,20170918,20170915,210552000,3688.0,16672,341114,614589880.0,3688.0,162,3687.0,28
rb1805,20170918,20170915,210552500,3687.0,16674,341116,614663620.0,3688.0,162,3687.0,27
rb1805,20170918,20170915,210553000,3688.0,16716,341132,616212560.0,3688.0,142,3687.0,26
rb1805,20170918,20170915,210553500,3688.0,16724,341126,616507600.0,3688.0,138,3687.0,34
rb1805,20170918,20170915,210554000,3688.0,16758,341122,617761500.0,3688.0,122,3687.0,33
rb1805,20170918,20170915,210554500,3688.0,16764,341124,617982780.0,3688.0,119,3687.0,33
rb1805,20170918,20170915,210555000,3688.0,16770,341128,618204060.0,3688.0,116,3687.0,33
rb1805,20170918,20170915,210555500,3688.0,16772,341130,618277820.0,3688.0,116,3687.0,38
rb1805,20170918,20170915,210556000,3688.0,16786,341144,618794140.0,3688.0,109,3687.0,38
rb1805,20170918,20170915,210556500,3688.0,16786,341144,618794140.0,3688.0,109,3687.0,33
rb1805,20170918,20170915,210557000,3688.0,16866,341154,621743880.0,3688.0,102,3686.0,19
rb1805,20170918,20170915,210557500,3688.0,16892,341180,622702760.0,3688.0,89,3686.0,21
rb1805,20170918,20170915,210558000,3688.0,16892,341180,622702760.0,3688.0,89,3686.0,26
rb1805,20170918,20170915,210558500,3688.0,16892,341180,622702760.0,3688.0,89,3686.0,26
rb1805,20170918,20170915,210559000,3687.0,16894,341178,622776500.0,3688.0,89,3686.0,24
rb1805,20170918,20170915,210559500,3686.0,16896,341180,622850220.0,3688.0,94,3686.0,23
rb1805,20170918,20170915,210600000,3686.0,16896,341180,622850220.0,3687.0,4,3686.0,27
rb1805,20170918,20170915,210600500,3686.0,16898,341180,622923940.0,3687.0,2,3686.0,26
rb1805,20170918,20170915,210601000,3687.0,16940,341214,624472080.0,3687.0,21,3686.0,6
rb1805,20170918,20170915,210601500,3686.0,16974,341232,625725320.0,3686.0,3,3685.0,46
rb1805,20170918,20170915,210602000,3686.0,16984,341232,626093920.0,3686.0,7,3685.0,46
rb1805,20170918,20170915,210602500,3686.0,16988,341230,626241360.0,3686.0,14,3685.0,46
rb1805,20170918,20170915,210603000,3686.0,17010,341232,627052280.0,3686.0,4,3685.0,44
rb1805,20170918,20170915,210603500,3686.0,17012,341230,627126000.0,3687.0,25,3685.0,44
rb1805,20170918,20170915,210604000,3686.0,17012,341230,627126000.0,3687.0,17,3686.0,3
rb1805,20170918,20170915,210604500,3686.0,17012,341230,627126000.0,3687.0,12,3686.0,6
rb1805,20170918,20170915,210605000,3687.0,17014,341232,627199740.0,3687.0,7,3686.0,6
rb1805,20170918,20170915,210605500,3687.0,17060,341248,628895520.0,3687.0,2,3686.0,1
rb1805,20170918,20170915,210606000,3686.0,17068,341248,629190400.0,3687.0,10,3686.0,2
rb1805,20170918,20170915,210606500,3686.0,17072,341248,629337840.0,3686.0,9,3685.0,61
rb1805,20170918,20170915,210607000,3686.0,17072,341248,629337840.0,3686.0,9,3685.0,61
rb1805,20170918,20170915,210607500,3685.0,17096,341260,630222360.0,3686.0,3,3685.0,55
rb1805,20170918,20170915,210608000,3685.0,17096,341260,630222360.0,3686.0,3,3685.0,57
rb1805,20170918,20170915,210608500,3686.0,17102,341254,630443520.0,3687.0,17,3685.0,57
rb1805,20170918,20170915,210609000,3685.0,17108,341254,630664660.0,3687.0,15,3685.0,56
rb1805,20170918,20170915,210609500,3685.0,17108,341254,630664660.0,3687.0,15,3686.0,9
rb1805,20170918,20170915,210610000,3687.0,17110,341254,630738400.0,3687.0,14,3686.0,9
rb1805,20170918,20170915,210610500,3686.0,17126,341254,631328160.0,3687.0,20,3686.0,2
rb1805,20170918,20170915,210611000,3686.0,17160,341274,632581400.0,3686.0,23,3685.0,56
rb1805,20170918,20170915,210611500,3686.0,17160,341274,632581400.0,3686.0,8,3685.0,56
rb1805,20170918,20170915,210612000,3686.0,17166,341274,632802560.0,3686.0,12,3685.0,55
rb1805,20170918,20170915,210612500,3686.0,17166,341274,632802560.0,3686.0,8,3685.0,51
rb1805,20170918,20170915,210613000,3686.0,17166,341274,632802560.0,3686.0,6,3685.0,51
rb1805,20170918,20170915,210613500,3686.0,17166,341274,632802560.0,3686.0,6,3685.0,51
rb1805,20170918,20170915,210614000,3686.0,17166,341274,632802560.0,3686.0,12,3685.0,51
rb1805,20170918,20170915,210614500,3686.0,17170,341274,632950000.0,3686.0,17,3685.0,51
rb1805,20170918,20170915,210615000,3685.0,17178,341278,633244840.0,3686.0,20,3685.0,50
rb1805,20170918,20170915,210615500,3686.0,17184,341280,633466000.0,3686.0,18,3685.0,49
rb1805,20170918,20170915,210616000,3686.0,17184,341280,633466000.0,3686.0,23,3685.0,50
rb1805,20170918,20170915,210616500,3686.0,17228,341282,635087440.0,3686.0,17,3685.0,31
rb1805,20170918,20170915,210617000,3685.0,17284,341274,637151040.0,3686.0,20,3685.0,3
rb1805,20170918,20170915,210617500,3685.0,17290,341280,637372140.0,3685.0,3,3684.0,33
rb1805,20170918,20170915,210618000,3685.0,17296,341274,637593240.0,3686.0,17,3685.0,2
rb1805,20170918,20170915,210618500,3685.0,17296,341274,637593240.0,3686.0,17,3685.0,6
rb1805,20170918,20170915,210619000,3685.0,17302,341272,637814340.0,3686.0,17,3685.0,3
rb1805,20170918,20170915,210619500,3686.0,17328,341296,638772700.0,3686.0,4,3685.0,3
rb1805,20170918,20170915,210620000,3686.0,17328,341296,638772700.0,3685.0,1,3684.0,34
rb1805,20170918,20170915,210620500,3686.0,17330,341296,638846420.0,3686.0,3,3685.0,2
rb1805,20170918,20170915,210621000,3686.0,17332,341298,638920140.0,3686.0,3,3685.0,2
rb1805,20170918,20170915,210621500,3685.0,17334,341298,638993840.0,3686.0,4,3685.0,1
rb1805,20170918,20170915,210622000,3686.0,17344,341306,639362440.0,3686.0,6,3685.0,1
rb1805,20170918,20170915,210622500,3686.0,17344,341306,639362440.0,3686.0,11,3685.0,5
rb1805,20170918,20170915,210623000,3685.0,17346,341308,639436140.0,3686.0,5,3685.0,4
rb1805,20170918,20170915,210623500,3685.0,17350,341308,639583560.0,3686.0,22,3685.0,4
rb1805,20170918,20170915,210624000,3686.0,17388,341308,640984240.0,3687.0,79,3686.0,29
rb1805,20170918,20170915,210624500,3687.0,17390,341308,641057980.0,3687.0,68,3686.0,29
rb1805,20170918,20170915,210625000,3687.0,17396,341306,641279200.0,3687.0,65,3686.0,35
rb1805,20170918,20170915,210625500,3687.0,17400,341302,641426680.0,3687.0,73,3686.0,55
rb1805,20170918,20170915,210626000,3687.0,17426,341290,642385300.0,3687.0,60,3686.0,55
rb1805,20170918,20170915,210626500,3687.0,17432,341294,642606500.0,3687.0,59,3686.0,57
rb1805,20170918,20170915,210627000,3686.0,17442,341292,642975180.0,3687.0,55,3686.0,56
rb1805,20170918,20170915,210627500,3686.0,17458,341296,643564940.0,3687.0,55,3686.0,32
rb1805,20170918,20170915,210628500,3687.0,17460,341296,643638680.0,3687.0,54,3686.0,32
rb1805,20170918,20170915,210629000,3687.0,17460,341296,643638680.0,3687.0,55,3686.0,32
rb1805,20170918,20170915,210629500,3687.0,17462,341296,643712420.0,3687.0,54,3686.0,32
rb1805,20170918,20170915,210630000,3687.0,17468,341300,643933640.0,3687.0,51,3686.0,32
rb1805,20170918,20170915,210630500,3687.0,17468,341300,643933640.0,3687.0,52,3686.0,32
rb1805,20170918,20170915,210631000,3687.0,17470,341302,644007380.0,3687.0,52,3686.0,32
rb1805,20170918,20170915,210631500,3687.0,17470,341302,644007380.0,3687.0,51,3686.0,34
rb1805,20170918,20170915,210632000,3687.0,17470,341302,644007380.0,3687.0,51,3686.0,34
rb1805,20170918,20170915,210632500,3687.0,17470,341302,644007380.0,3687.0,51,3686.0,31
rb1805,20170918,20170915,210633000,3687.0,17500,341302,645113480.0,3687.0,37,3686.0,31
rb1805,20170918,20170915,210633500,3687.0,17500,341302,645113480.0,3687.0,37,3686.0,31
rb1805,20170918,20170915,210634000,3687.0,17506,341306,645334680.0,3687.0,36,3686.0,30
rb1805,20170918,20170915,210634500,3686.0,17512,341302,645555840.0,3687.0,36,3686.0,28
rb1805,20170918,20170915,210635000,3687.0,17516,341306,645703320.0,3687.0,34,3686.0,28
rb1805,20170918,20170915,210635500,3687.0,17516,341306,645703320.0,3687.0,34,3686.0,28
rb1805,20170918,20170915,210636000,3687.0,17516,341306,645703320.0,3687.0,34,3686.0,28
rb1805,20170918,20170915,210636500,3687.0,17520,341308,645850800.0,3687.0,32,3686.0,30
rb1805,20170918,20170915,210637000,3686.0,17526,341304,646071980.0,3687.0,32,3686.0,28
rb1805,20170918,20170915,210637500,3686.0,17550,341308,646956840.0,3687.0,21,3686.0,27
rb1805,20170918,20170915,210638000,3686.0,17552,341308,647030560.0,3687.0,21,3686.0,26
rb1805,20170918,20170915,210638500,3687.0,17570,341298,647694200.0,3687.0,18,3686.0,25
rb1805,20170918,20170915,210639000,3687.0,17570,341298,647694200.0,3687.0,18,3686.0,25
rb1805,20170918,20170915,210639500,3687.0,17570,341298,647694200.0,3687.0,15,3686.0,25
rb1805,20170918,20170915,210640000,3687.0,17570,341298,647694200.0,3687.0,13,3686.0,25
rb1805,20170918,20170915,210640500,3687.0,17580,341308,648062900.0,3687.0,8,3686.0,30
rb1805,20170918,20170915,210641000,3687.0,17580,341308,648062900.0,3687.0,10,3686.0,25
rb1805,20170918,20170915,210641500,3687.0,17594,341310,648579060.0,3687.0,4,3686.0,25
rb1805,20170918,20170915,210642000,3687.0,17594,341310,648579060.0,3687.0,9,3686.0,21
rb1805,20170918,20170915,210642500,3687.0,17594,341310,648579060.0,3687.0,15,3686.0,21
rb1805,20170918,20170915,210643000,3685.0,17640,341350,650274600.0,3686.0,33,3685.0,39
rb1805,20170918,20170915,210643500,3685.0,17660,341344,651011600.0,3686.0,19,3685.0,25
rb1805,20170918,20170915,210644000,3686.0,17742,341322,654033540.0,3686.0,14,3684.0,34
rb1805,20170918,20170915,210644500,3686.0,17742,341322,654033540.0,3686.0,15,3685.0,3
rb1805,20170918,20170915,210645000,3686.0,17746,341318,654180980.0,3686.0,14,3685.0,3
rb1805,20170918,20170915,210645500,3685.0,17748,341320,654254680.0,3686.0,11,3685.0,2
rb1805,20170918,20170915,210646000,3685.0,17752,341318,654402100.0,3686.0,10,3685.0,4
rb1805,20170918,20170915,210646500,3685.0,17754,341318,654475800.0,3686.0,5,3685.0,8
rb1805,20170918,20170915,210647000,3686.0,17756,341318,654549520.0,3686.0,4,3685.0,15
rb1805,20170918,20170915,210647500,3686.0,17756,341318,654549520.0,3686.0,4,3685.0,22
rb1805,20170918,20170915,210648000,3686.0,17756,341318,654549520.0,3686.0,4,3685.0,23
rb1805,20170918,20170915,210648500,3685.0,17758,341320,654623220.0,3686.0,7,3685.0,22
rb1805,20170918,20170915,210649000,3686.0,17762,341318,654770640.0,3686.0,12,3685.0,15
rb1805,20170918,20170915,210649500,3685.0,17768,341318,654991740.0,3686.0,10,3685.0,12
rb1805,20170918,20170915,210650000,3685.0,17772,341320,655139140.0,3686.0,13,3685.0,10
rb1805,20170918,20170915,210650500,3685.0,17778,341318,655360240.0,3686.0,19,3685.0,7
rb1805,20170918,20170915,210651000,3685.0,17786,341318,655655040.0,3686.0,21,3685.0,3
rb1805,20170918,20170915,210651500,3685.0,17800,341314,656170940.0,3685.0,4,3684.0,33
rb1805,20170918,20170915,210652000,3685.0,17800,341314,656170940.0,3685.0,4,3684.0,33
rb1805,20170918,20170915,210652500,3685.0,17802,341314,656244640.0,3685.0,3,3684.0,34
rb1805,20170918,20170915,210653000,3684.0,17812,341316,656613060.0,3685.0,4,3684.0,30
rb1805,20170918,20170915,210653500,3685.0,17816,341316,656760440.0,3685.0,3,3684.0,29
rb1805,20170918,20170915,210654000,3685.0,17822,341318,656981540.0,3686.0,24,3684.0,33
rb1805,20170918,20170915,210654500,3684.0,17858,341346,658307780.0,3685.0,3,3684.0,14
rb1805,20170918,20170915,210655000,3684.0,17864,341350,658528860.0,3685.0,8,3684.0,13
rb1805,20170918,20170915,210655500,3684.0,17868,341352,658676220.0,3685.0,14,3684.0,13
rb1805,20170918,20170915,210656000,3685.0,17876,341354,658970960.0,3685.0,14,3684.0,10
rb1805,20170918,20170915,210656500,3684.0,17878,341354,659044640.0,3685.0,15,3684.0,9
rb1805,20170918,20170915,210657000,3685.0,17888,341360,659413060.0,3685.0,15,3684.0,6
rb1805,20170918,20170915,210657500,3684.0,17894,341360,659634100.0,3685.0,14,3684.0,3
rb1805,20170918,20170915,210658000,3684.0,17900,341362,659855140.0,3685.0,14,3684.0,1
rb1805,20170918,20170915,210658500,3683.0,17904,341362,660002480.0,3685.0,17,3683.0,39
rb1805,20170918,20170915,210659000,3685.0,17914,341366,660370900.0,3685.0,16,3684.0,1
rb1805,20170918,20170915,210659500,3684.0,17920,341368,660591940.0,3685.0,23,3683.0,39
rb1805,20170918,20170915,210700000,3684.0,17922,341368,660665620.0,3685.0,36,3683.0,39
rb1805,20170918,20170915,210700500,3683.0,17924,341370,660739280.0,3684.0,1,3683.0,39
rb1805,20170918,20170915,210701000,3683.0,17924,341370,660739280.0,3684.0,1,3683.0,42
rb1805,20170918,20170915,210701500,3685.0,17928,341370,660886660.0,3685.0,34,3683.0,43
rb1805,20170918,20170915,210702000,3684.0,17938,341374,661255100.0,3685.0,35,3683.0,97
rb1805,20170918,20170915,210702500,3684.0,17938,341374,661255100.0,3685.0,38,3684.0,1
rb1805,20170918,20170915,210703000,3684.0,17946,341378,661549820.0,3684.0,7,3683.0,98
rb1805,20170918,20170915,210703500,3684.0,17952,341376,661770840.0,3684.0,9,3683.0,110
rb1805,20170918,20170915,210704000,3684.0,17956,341374,661918200.0,3684.0,7,3683.0,111
rb1805,20170918,20170915,210704500,3684.0,17958,341372,661991880.0,3684.0,7,3683.0,112
rb1805,20170918,20170915,210705000,3684.0,17966,341372,662286600.0,3684.0,21,3683.0,112
rb1805,20170918,20170915,210705500,3684.0,18012,341340,663981240.0,3685.0,36,3684.0,10
rb1805,20170918,20170915,210706000,3684.0,18032,341358,664718040.0,3684.0,57,3683.0,113
rb1805,20170918,20170915,210706500,3684.0,18038,341354,664939060.0,3684.0,39,3683.0,112
rb1805,20170918,20170915,210707000,3684.0,18038,341354,664939060.0,3684.0,39,3683.0,113
rb1805,20170918,20170915,210707500,3683.0,18124,341408,668106460.0,3684.0,27,3683.0,71
rb1805,20170918,20170915,210708000,3683.0,18268,341432,673409980.0,3683.0,36,3682.0,97
rb1805,20170918,20170915,210708500,3683.0,18274,341438,673630960.0,3683.0,33,3682.0,91
rb1805,20170918,20170915,210709000,3682.0,18298,341440,674514640.0,3683.0,24,3682.0,79
rb1805,20170918,20170915,210709500,3682.0,18338,341444,675987520.0,3683.0,28,3682.0,65
rb1805,20170918,20170915,210710000,3682.0,18348,341450,676355720.0,3683.0,38,3682.0,50
rb1805,20170918,20170915,210710500,3682.0,18350,341450,676429360.0,3683.0,38,3682.0,49
rb1805,20170918,20170915,210711000,3682.0,18384,341454,677681240.0,3683.0,39,3682.0,33
rb1805,20170918,20170915,210711500,3682.0,18388,341452,677828520.0,3683.0,89,3682.0,31
rb1805,20170918,20170915,210712000,3682.0,18398,341450,678196720.0,3683.0,91,3682.0,28
rb1805,20170918,20170915,210712500,3682.0,18438,341474,679669520.0,3683.0,91,3682.0,11
rb1805,20170918,20170915,210713000,3682.0,18464,341488,680626840.0,3682.0,9,3681.0,71
rb1805,20170918,20170915,210713500,3682.0,18464,341488,680626840.0,3682.0,11,3681.0,71
rb1805,20170918,20170915,210714000,3682.0,18468,341488,680774120.0,3682.0,10,3681.0,76
rb1805,20170918,20170915,210714500,3681.0,18470,341488,680847740.0,3682.0,11,3681.0,76
rb1805,20170918,20170915,210715000,3681.0,18474,341490,680994980.0,3682.0,21,3681.0,75
rb1805,20170918,20170915,210715500,3681.0,18576,341414,684749600.0,3682.0,22,3681.0,24
rb1805,20170918,20170915,210716000,3682.0,18634,341388,686884680.0,3682.0,17,3680.0,157
rb1805,20170918,20170915,210716500,3682.0,18634,341388,686884680.0,3681.0,1,3680.0,157
rb1805,20170918,20170915,210717000,3681.0,18644,341388,687252780.0,3682.0,15,3681.0,13
rb1805,20170918,20170915,210717500,3682.0,18646,341390,687326420.0,3682.0,23,3681.0,6
rb1805,20170918,20170915,210718000,3680.0,18676,341408,688430640.0,3681.0,1,3680.0,152
rb1805,20170918,20170915,210718500,3681.0,18738,341376,690713280.0,3682.0,7,3681.0,32
rb1805,20170918,20170915,210719000,3682.0,18760,341388,691523320.0,3683.0,42,3682.0,8
rb1805,20170918,20170915,210719500,3682.0,18778,341372,692186080.0,3683.0,40,3682.0,7
rb1805,20170918,20170915,210720000,3683.0,18866,341404,695427120.0,3684.0,31,3683.0,44
rb1805,20170918,20170915,210720500,3683.0,18922,341362,697490140.0,3685.0,34,3683.0,1
rb1805,20170918,20170915,210721000,3684.0,18930,341356,697784860.0,3685.0,34,3683.0,3
rb1805,20170918,20170915,210721500,3684.0,18948,341346,698448100.0,3685.0,25,3684.0,1
rb1805,20170918,20170915,210722000,3684.0,18966,341340,699111380.0,3685.0,23,3683.0,5
rb1805,20170918,20170915,210722500,3684.0,18972,341342,699332460.0,3685.0,26,3684.0,3
rb1805,20170918,20170915,210723000,3684.0,18974,341342,699406140.0,3685.0,26,3684.0,2
rb1805,20170918,20170915,210723500,3685.0,18978,341342,699553520.0,3685.0,25,3684.0,1
rb1805,20170918,20170915,210724000,3685.0,18978,341342,699553520.0,3685.0,27,3684.0,1
rb1805,20170918,20170915,210724500,3684.0,18980,341344,699627200.0,3685.0,26,3684.0,11
rb1805,20170918,20170915,210725000,3684.0,18980,341344,699627200.0,3685.0,27,3684.0,17
rb1805,20170918,20170915,210725500,3684.0,18980,341344,699627200.0,3685.0,27,3684.0,17
rb1805,20170918,20170915,210726000,3684.0,19016,341320,700953460.0,3684.0,33,3683.0,8
rb1805,20170918,20170915,210726500,3684.0,19018,341320,701027140.0,3684.0,32,3683.0,8
rb1805,20170918,20170915,210727000,3684.0,19018,341320,701027140.0,3684.0,32,3683.0,8
rb1805,20170918,20170915,210727500,3684.0,19018,341320,701027140.0,3684.0,36,3683.0,4
rb1805,20170918,20170915,210728000,3683.0,19020,341320,701100800.0,3684.0,36,3683.0,3
rb1805,20170918,20170915,210728500,3683.0,19020,341320,701100800.0,3684.0,38,3683.0,3
rb1805,20170918,20170915,210729000,3683.0,19020,341320,701100800.0,3684.0,38,3683.0,7
rb1805,20170918,20170915,210729500,3684.0,19024,341316,701248160.0,3684.0,36,3683.0,7
rb1805,20170918,20170915,210730000,3684.0,19024,341316,701248160.0,3684.0,46,3683.0,10
rb1805,20170918,20170915,210730500,3683.0,19026,341316,701321820.0,3684.0,51,3683.0,10
rb1805,20170918,20170915,210731000,3683.0,19026,341316,701321820.0,3684.0,51,3683.0,15
rb1805,20170918,20170915,210731500,3683.0,19032,341320,701542800.0,3684.0,51,3683.0,12
rb1805,20170918,20170915,210732000,3683.0,19034,341322,701616460.0,3684.0,62,3683.0,11
rb1805,20170918,20170915,210732500,3683.0,19034,341322,701616460.0,3684.0,62,3683.0,11
rb1805,20170918,20170915,210733000,3683.0,19034,341322,701616460.0,3684.0,63,3683.0,12
rb1805,20170918,20170915,210733500,3684.0,19104,341258,704195260.0,3684.0,18,3683.0,12
rb1805,20170918,20170915,210734000,3684.0,19104,341258,704195260.0,3684.0,23,3683.0,12
rb1805,20170918,20170915,210734500,3684.0,19104,341258,704195260.0,3684.0,23,3683.0,12
rb1805,20170918,20170915,210735000,3683.0,19140,341286,705521140.0,3683.0,2,3682.0,111
rb1805,20170918,20170915,210735500,3684.0,19148,341288,705815820.0,3684.0,21,3683.0,16
rb1805,20170918,20170915,210736000,3684.0,19152,341288,705963180.0,3684.0,19,3683.0,2
rb1805,20170918,20170915,210736500,3683.0,19156,341288,706110500.0,3684.0,23,3683.0,1
rb1805,20170918,20170915,210737000,3683.0,19158,341290,706184160.0,3683.0,1,3682.0,116
rb1805,20170918,20170915,210737500,3682.0,19162,341290,706331460.0,3683.0,1,3682.0,115
rb1805,20170918,20170915,210738000,3682.0,19166,341288,706478740.0,3683.0,1,3682.0,117
rb1805,20170918,20170915,210738500,3682.0,19168,341288,706552380.0,3683.0,1,3682.0,112
rb1805,20170918,20170915,210739000,3682.0,19168,341288,706552380.0,3683.0,1,3682.0,112
rb1805,20170918,20170915,210739500,3683.0,19170,341290,706626040.0,3683.0,1,3682.0,112
rb1805,20170918,20170915,210740000,3683.0,19174,341294,706773360.0,3684.0,18,3683.0,13
rb1805,20170918,20170915,210740500,3683.0,19182,341300,707068000.0,3684.0,32,3683.0,9
rb1805,20170918,20170915,210741000,3683.0,19202,341298,707804600.0,3684.0,32,3682.0,107
rb1805,20170918,20170915,210741500,3683.0,19206,341300,707951940.0,3684.0,31,3682.0,107
rb1805,20170918,20170915,210742000,3683.0,19206,341300,707951940.0,3683.0,6,3682.0,107
rb1805,20170918,20170915,210742500,3683.0,19206,341300,707951940.0,3683.0,8,3682.0,112
rb1805,20170918,20170915,210743000,3682.0,19208,341300,708025580.0,3683.0,8,3682.0,111
rb1805,20170918,20170915,210743500,3682.0,19208,341300,708025580.0,3683.0,58,3682.0,111
rb1805,20170918,20170915,210744000,3682.0,19214,341298,708246500.0,3683.0,58,3682.0,108
rb1805,20170918,20170915,210744500,3682.0,19214,341298,708246500.0,3683.0,58,3682.0,103
rb1805,20170918,20170915,210745000,3682.0,19214,341298,708246500.0,3683.0,58,3682.0,103
rb1805,20170918,20170915,210745500,3682.0,19214,341298,708246500.0,3683.0,59,3682.0,106
rb1805,20170918,20170915,210746000,3682.0,19402,341238,715168660.0,3683.0,74,3682.0,12
rb1805,20170918,20170915,210746500,3682.0,19440,341230,716567820.0,3682.0,30,3681.0,32
rb1805,20170918,20170915,210747000,3681.0,19490,341222,718408320.0,3682.0,29,3681.0,2
rb1805,20170918,20170915,210747500,3681.0,19494,341222,718555560.0,3681.0,4,3680.0,174
rb1805,20170918,20170915,210748000,3681.0,19494,341222,718555560.0,3681.0,15,3680.0,173
rb1805,20170918,20170915,210748500,3680.0,19496,341222,718629160.0,3681.0,24,3680.0,172
rb1805,20170918,20170915,210749000,3680.0,19554,341262,720763560.0,3681.0,28,3680.0,143
rb1805,20170918,20170915,210749500,3680.0,19568,341264,721278760.0,3681.0,151,3680.0,136
rb1805,20170918,20170915,210750000,3680.0,19846,341464,731509160.0,3680.0,28,3679.0,26
rb1805,20170918,20170915,210750500,3679.0,19852,341462,731729900.0,3680.0,22,3679.0,19
rb1805,20170918,20170915,210751000,3678.0,19948,341512,735261260.0,3679.0,84,3678.0,4
rb1805,20170918,20170915,210751500,3678.0,19992,341520,736879880.0,3678.0,2,3677.0,9
rb1805,20170918,20170915,210752000,3678.0,20208,341520,744822740.0,3679.0,28,3678.0,9
rb1805,20170918,20170915,210752500,3678.0,20254,341526,746514560.0,3678.0,8,3677.0,2
rb1805,20170918,20170915,210753000,3678.0,20254,341526,746514560.0,3678.0,8,3677.0,8
rb1805,20170918,20170915,210753500,3677.0,20266,341532,746955880.0,3678.0,6,3677.0,9
rb1805,20170918,20170915,210754000,3678.0,20288,341540,747764960.0,3678.0,3,3677.0,6
rb1805,20170918,20170915,210754500,3677.0,20292,341540,747912040.0,3678.0,23,3677.0,6
rb1805,20170918,20170915,210755000,3677.0,20300,341548,748206220.0,3678.0,32,3677.0,4
rb1805,20170918,20170915,210755500,3677.0,20316,341548,748794560.0,3677.0,5,3676.0,26
rb1805,20170918,20170915,210756000,3677.0,20326,341542,749162260.0,3677.0,4,3676.0,24
rb1805,20170918,20170915,210756500,3676.0,20338,341548,749603400.0,3678.0,34,3676.0,20
rb1805,20170918,20170915,210757000,3676.0,20366,341566,750632700.0,3678.0,39,3676.0,13
rb1805,20170918,20170915,210757500,3677.0,20370,341564,750779760.0,3678.0,43,3677.0,1
rb1805,20170918,20170915,210758000,3677.0,20384,341566,751294560.0,3677.0,3,3676.0,13
rb1805,20170918,20170915,210758500,3676.0,20394,341574,751662200.0,3677.0,7,3676.0,13
rb1805,20170918,20170915,210759000,3676.0,20474,341578,754603040.0,3676.0,43,3675.0,51
rb1805,20170918,20170915,210759500,3677.0,20652,341438,761147340.0,3678.0,17,3677.0,1
rb1805,20170918,20170915,210800000,3676.0,20660,341442,761441460.0,3678.0,27,3676.0,121
rb1805,20170918,20170915,210800500,3676.0,20678,341454,762103160.0,3678.0,44,3676.0,113
rb1805,20170918,20170915,210801000,3676.0,20744,341514,764529320.0,3678.0,36,3676.0,96
rb1805,20170918,20170915,210801500,3677.0,20750,341514,764749980.0,3678.0,34,3677.0,7
rb1805,20170918,20170915,210802000,3676.0,20768,341526,765411760.0,3678.0,33,3677.0,6
rb1805,20170918,20170915,210802500,3678.0,20800,341518,766588680.0,3678.0,29,3677.0,14
rb1805,20170918,20170915,210803000,3678.0,20826,341534,767544740.0,3678.0,36,3677.0,7
rb1805,20170918,20170915,210803500,3678.0,20836,341540,767912540.0,3678.0,21,3677.0,17
rb1805,20170918,20170915,210804000,3678.0,20882,341566,769604420.0,3679.0,24,3678.0,14
rb1805,20170918,20170915,210804500,3679.0,20902,341566,770340140.0,3679.0,16,3678.0,18
rb1805,20170918,20170915,210805000,3679.0,20946,341554,771958900.0,3680.0,18,3679.0,12
rb1805,20170918,20170915,210805500,3680.0,21148,341624,779385920.0,3679.0,1,3678.0,2
rb1805,20170918,20170915,210806000,3678.0,21186,341622,780783660.0,3678.0,14,3677.0,3
rb1805,20170918,20170915,210806500,3678.0,21258,341600,783432340.0,3680.0,2,3678.0,20
rb1805,20170918,20170915,210807000,3681.0,21314,341558,785493400.0,3680.0,15,3679.0,3
rb1805,20170918,20170915,210807500,3679.0,21362,341546,787259260.0,3679.0,18,3678.0,6
rb1805,20170918,20170915,210808000,3679.0,21404,341528,788804440.0,3679.0,14,3678.0,10
rb1805,20170918,20170915,210808500,3678.0,21430,341526,789760720.0,3678.0,8,3677.0,31
rb1805,20170918,20170915,210809000,3678.0,21432,341528,789834280.0,3678.0,7,3677.0,26
rb1805,20170918,20170915,210809500,3678.0,21436,341532,789981400.0,3678.0,5,3677.0,38
rb1805,20170918,20170915,210810000,3678.0,21478,341514,791526440.0,3679.0,11,3678.0,15
rb1805,20170918,20170915,210810500,3677.0,21600,341476,796012940.0,3677.0,40,3676.0,39
rb1805,20170918,20170915,210811000,3677.0,21680,341462,798954540.0,3679.0,10,3677.0,91
rb1805,20170918,20170915,210811500,3680.0,21778,341394,802560760.0,3681.0,119,3680.0,48
rb1805,20170918,20170915,210812000,3680.0,21978,341388,809920760.0,3680.0,17,3678.0,5
rb1805,20170918,20170915,210812500,3680.0,21994,341388,810509560.0,3679.0,1,3678.0,5
rb1805,20170918,20170915,210813000,3679.0,22000,341386,810730280.0,3680.0,9,3679.0,3
rb1805,20170918,20170915,210813500,3679.0,22072,341326,813379160.0,3680.0,31,3679.0,3
rb1805,20170918,20170915,210814000,3679.0,22090,341312,814041380.0,3679.0,5,3678.0,17
rb1805,20170918,20170915,210814500,3679.0,22090,341312,814041380.0,3679.0,15,3678.0,13
rb1805,20170918,20170915,210815000,3679.0,22136,341306,815733720.0,3679.0,11,3678.0,15
rb1805,20170918,20170915,210815500,3679.0,22136,341306,815733720.0,3679.0,15,3678.0,16
rb1805,20170918,20170915,210816000,3678.0,22146,341306,816101520.0,3679.0,25,3678.0,19
rb1805,20170918,20170915,210816500,3678.0,22150,341306,816248660.0,3679.0,29,3678.0,20
rb1805,20170918,20170915,210817000,3678.0,22150,341306,816248660.0,3679.0,30,3678.0,20
rb1805,20170918,20170915,210817500,3679.0,22154,341308,816395820.0,3679.0,44,3678.0,20
rb1805,20170918,20170915,210818000,3679.0,22162,341314,816690100.0,3679.0,42,3678.0,19
rb1805,20170918,20170915,210818500,3678.0,22172,341324,817057900.0,3679.0,46,3678.0,18
rb1805,20170918,20170915,210819000,3678.0,22184,341334,817499280.0,3679.0,41,3678.0,13
rb1805,20170918,20170915,210819500,3678.0,22186,341336,817572840.0,3679.0,42,3678.0,12
rb1805,20170918,20170915,210820000,3678.0,22186,341336,817572840.0,3679.0,45,3678.0,12
rb1805,20170918,20170915,210820500,3679.0,22190,341338,817719980.0,3679.0,44,3678.0,11
rb1805,20170918,20170915,210821000,3678.0,22196,341344,817940660.0,3679.0,42,3678.0,17
rb1805,20170918,20170915,210821500,3678.0,22198,341346,818014220.0,3679.0,42,3678.0,15
rb1805,20170918,20170915,210822000,3678.0,22200,341346,818087780.0,3679.0,42,3678.0,14
rb1805,20170918,20170915,210822500,3678.0,22226,341326,819044060.0,3679.0,43,3678.0,2
rb1805,20170918,20170915,210823000,3678.0,22230,341324,819191180.0,3679.0,43,3678.0,10
rb1805,20170918,20170915,210823500,3678.0,22256,341346,820147460.0,3678.0,28,3677.0,37
rb1805,20170918,20170915,210824000,3678.0,22262,341352,820368120.0,3678.0,27,3677.0,37
rb1805,20170918,20170915,210824500,3678.0,22304,341354,821912880.0,3678.0,8,3677.0,38
rb1805,20170918,20170915,210825000,3678.0,22306,341356,821986440.0,3678.0,7,3677.0,41
rb1805,20170918,20170915,210825500,3678.0,22326,341352,822722040.0,3679.0,27,3677.0,41
rb1805,20170918,20170915,210826000,3679.0,22328,341352,822795620.0,3678.0,2,3677.0,36
rb1805,20170918,20170915,210826500,3678.0,22346,341352,823457660.0,3679.0,36,3678.0,24
rb1805,20170918,20170915,210827000,3679.0,22424,341318,826327280.0,3680.0,65,3679.0,23
rb1805,20170918,20170915,210827500,3680.0,22556,341344,831184880.0,3681.0,125,3680.0,53
rb1805,20170918,20170915,210828000,3681.0,22746,341272,838178780.0,3681.0,39,3680.0,45
rb1805,20170918,20170915,210828500,3681.0,22824,341266,841049960.0,3682.0,17,3681.0,7
rb1805,20170918,20170915,210829000,3681.0,22842,341262,841712580.0,3682.0,8,3681.0,12
rb1805,20170918,20170915,210829500,3682.0,22864,341268,842522620.0,3683.0,68,3682.0,2
rb1805,20170918,20170915,210830000,3681.0,22888,341272,843406320.0,3682.0,1,3681.0,18
rb1805,20170918,20170915,210830500,3682.0,22914,341260,844363540.0,3683.0,66,3681.0,5
rb1805,20170918,20170915,210831000,3681.0,22924,341260,844731640.0,3682.0,37,3680.0,68
rb1805,20170918,20170915,210831500,3681.0,22928,341260,844878880.0,3682.0,34,3681.0,2
rb1805,20170918,20170915,210832000,3681.0,22928,341260,844878880.0,3682.0,34,3681.0,2
rb1805,20170918,20170915,210832500,3683.0,23174,341268,853936400.0,3683.0,29,3681.0,5
rb1805,20170918,20170915,210833000,3682.0,23206,341268,855114900.0,3682.0,10,3681.0,4
rb1805,20170918,20170915,210833500,3680.0,23216,341268,855482980.0,3681.0,18,3680.0,66
rb1805,20170918,20170915,210834000,3681.0,23218,341268,855556600.0,3681.0,16,3680.0,48
rb1805,20170918,20170915,210834500,3681.0,23218,341268,855556600.0,3681.0,22,3680.0,49
rb1805,20170918,20170915,210835000,3680.0,23318,341312,859236600.0,3680.0,11,3679.0,36
rb1805,20170918,20170915,210835500,3679.0,23410,341380,862621480.0,3679.0,8,3678.0,46
rb1805,20170918,20170915,210836000,3679.0,23412,341382,862695060.0,3679.0,10,3678.0,35
rb1805,20170918,20170915,210836500,3679.0,23412,341382,862695060.0,3679.0,10,3678.0,35
rb1805,20170918,20170915,210837000,3679.0,23412,341382,862695060.0,3679.0,10,3678.0,41
rb1805,20170918,20170915,210837500,3678.0,23416,341386,862842180.0,3679.0,9,3678.0,40
rb1805,20170918,20170915,210838000,3678.0,23416,341386,862842180.0,3679.0,9,3678.0,41
rb1805,20170918,20170915,210838500,3679.0,23418,341388,862915760.0,3679.0,4,3678.0,35
rb1805,20170918,20170915,210839000,3679.0,23418,341388,862915760.0,3679.0,4,3678.0,37
rb1805,20170918,20170915,210839500,3679.0,23428,341394,863283660.0,3680.0,27,3678.0,38
rb1805,20170918,20170915,210840000,3679.0,23428,341394,863283660.0,3680.0,74,3679.0,17
rb1805,20170918,20170915,210840500,3680.0,23430,341394,863357260.0,3680.0,57,3679.0,17
rb1805,20170918,20170915,210841000,3679.0,23436,341390,863578020.0,3680.0,3,3679.0,18
rb1805,20170918,20170915,210841500,3680.0,23444,341384,863872420.0,3681.0,22,3680.0,13
rb1805,20170918,20170915,210842000,3680.0,23444,341384,863872420.0,3681.0,8,3680.0,10
rb1805,20170918,20170915,210842500,3680.0,23444,341384,863872420.0,3681.0,13,3680.0,10
rb1805,20170918,20170915,210843000,3680.0,23444,341384,863872420.0,3681.0,14,3680.0,10
rb1805,20170918,20170915,210843500,3680.0,23444,341384,863872420.0,3681.0,14,3680.0,11
rb1805,20170918,20170915,210844000,3680.0,23446,341382,863946020.0,3681.0,14,3680.0,10
rb1805,20170918,20170915,210844500,3680.0,23446,341382,863946020.0,3681.0,9,3680.0,10
rb1805,20170918,20170915,210845000,3680.0,23446,341382,863946020.0,3681.0,15,3680.0,10
rb1805,20170918,20170915,210845500,3680.0,23450,341382,864093220.0,3681.0,15,3680.0,9
rb1805,20170918,20170915,210846000,3680.0,23450,341382,864093220.0,3681.0,31,3680.0,12
rb1805,20170918,20170915,210846500,3680.0,23450,341382,864093220.0,3681.0,28,3680.0,12
rb1805,20170918,20170915,210847000,3680.0,23450,341382,864093220.0,3681.0,29,3680.0,13
rb1805,20170918,20170915,210847500,3680.0,23452,341382,864166820.0,3681.0,29,3680.0,12
rb1805,20170918,20170915,210848000,3680.0,23460,341380,864461260.0,3681.0,74,3680.0,10
rb1805,20170918,20170915,210848500,3680.0,23460,341380,864461260.0,3681.0,74,3680.0,10
rb1805,20170918,20170915,210849000,3680.0,23460,341380,864461260.0,3681.0,22,3680.0,10
rb1805,20170918,20170915,210849500,3680.0,23464,341380,864608480.0,3681.0,22,3680.0,9
rb1805,20170918,20170915,210850000,3680.0,23464,341380,864608480.0,3681.0,22,3680.0,22
rb1805,20170918,20170915,210850500,3680.0,23464,341380,864608480.0,3681.0,22,3680.0,24
rb1805,20170918,20170915,210851000,3680.0,23478,341374,865123680.0,3681.0,22,3680.0,17
rb1805,20170918,20170915,210851500,3680.0,23478,341374,865123680.0,3681.0,22,3680.0,17
rb1805,20170918,20170915,210852000,3680.0,23498,341380,865859680.0,3681.0,23,3680.0,10
rb1805,20170918,20170915,210852500,3680.0,23498,341380,865859680.0,3681.0,24,3680.0,10
rb1805,20170918,20170915,210853000,3681.0,23508,341378,866227720.0,3681.0,23,3680.0,7
rb1805,20170918,20170915,210853500,3681.0,23510,341376,866301340.0,3681.0,22,3680.0,7
rb1805,20170918,20170915,210854000,3680.0,23512,341376,866374940.0,3681.0,23,3680.0,6
rb1805,20170918,20170915,210854500,3681.0,23514,341374,866448560.0,3681.0,22,3680.0,9
rb1805,20170918,20170915,210855000,3680.0,23532,341384,867110960.0,3680.0,19,3679.0,19
rb1805,20170918,20170915,210855500,3680.0,23532,341384,867110960.0,3680.0,21,3679.0,16
rb1805,20170918,20170915,210856000,3681.0,23618,341326,870276200.0,3682.0,29,3681.0,8
rb1805,20170918,20170915,210856500,3680.0,23640,341310,871085960.0,3681.0,50,3680.0,7
rb1805,20170918,20170915,210857000,3680.0,23646,341308,871306780.0,3681.0,22,3680.0,5
rb1805,20170918,20170915,210857500,3680.0,23646,341308,871306780.0,3681.0,22,3680.0,11
rb1805,20170918,20170915,210858000,3680.0,23646,341308,871306780.0,3681.0,22,3680.0,11
rb1805,20170918,20170915,210858500,3680.0,23648,341308,871380380.0,3681.0,36,3680.0,11
rb1805,20170918,20170915,210859000,3680.0,23648,341308,871380380.0,3681.0,36,3680.0,12
rb1805,20170918,20170915,210859500,3680.0,23650,341308,871453980.0,3681.0,36,3680.0,5
rb1805,20170918,20170915,210900000,3680.0,23650,341308,871453980.0,3681.0,36,3680.0,5
rb1805,20170918,20170915,210900500,3681.0,23654,341310,871601200.0,3681.0,35,3680.0,4
rb1805,20170918,20170915,210901000,3681.0,23654,341310,871601200.0,3681.0,36,3680.0,4
rb1805,20170918,20170915,210901500,3681.0,23656,341312,871674820.0,3681.0,35,3680.0,4
rb1805,20170918,20170915,210902000,3681.0,23668,341316,872116420.0,3681.0,34,3679.0,30
rb1805,20170918,20170915,210902500,3681.0,23670,341314,872190040.0,3681.0,33,3680.0,1
rb1805,20170918,20170915,210903000,3680.0,23676,341310,872410880.0,3681.0,32,3679.0,30
rb1805,20170918,20170915,210903500,3681.0,23678,341310,872484500.0,3681.0,31,3680.0,14
rb1805,20170918,20170915,210904000,3680.0,23690,341304,872926100.0,3681.0,32,3680.0,8
rb1805,20170918,20170915,210904500,3680.0,23690,341304,872926100.0,3681.0,32,3680.0,9
rb1805,20170918,20170915,210905000,3680.0,23692,341302,872999700.0,3681.0,32,3680.0,29
rb1805,20170918,20170915,210905500,3680.0,23722,341302,874103700.0,3681.0,58,3680.0,14
rb1805,20170918,20170915,210906000,3680.0,23762,341284,875575700.0,3680.0,6,3679.0,34
rb1805,20170918,20170915,210906500,3680.0,23776,341284,876090860.0,3680.0,9,3679.0,32
rb1805,20170918,20170915,210907000,3679.0,23780,341286,876238040.0,3680.0,11,3679.0,31
rb1805,20170918,20170915,210907500,3680.0,23786,341284,876458840.0,3680.0,21,3679.0,31
rb1805,20170918,20170915,210908000,3680.0,23786,341284,876458840.0,3680.0,16,3679.0,31
rb1805,20170918,20170915,210908500,3679.0,23792,341282,876679620.0,3680.0,14,3679.0,30
rb1805,20170918,20170915,210909000,3680.0,23798,341286,876900400.0,3680.0,22,3679.0,29
rb1805,20170918,20170915,210909500,3679.0,23800,341288,876973980.0,3680.0,25,3679.0,28
rb1805,20170918,20170915,210910000,3679.0,23800,341288,876973980.0,3680.0,33,3679.0,21
rb1805,20170918,20170915,210910500,3679.0,23800,341288,876973980.0,3680.0,59,3679.0,21
rb1805,20170918,20170915,210911000,3680.0,23816,341294,877562700.0,3680.0,51,3679.0,17
rb1805,20170918,20170915,210911500,3679.0,23828,341304,878004180.0,3680.0,52,3679.0,11
rb1805,20170918,20170915,210912000,3679.0,23834,341310,878224920.0,3680.0,50,3679.0,8
rb1805,20170918,20170915,210912500,3679.0,23840,341308,878445700.0,3680.0,48,3679.0,7
rb1805,20170918,20170915,210913000,3679.0,23844,341312,878592860.0,3680.0,47,3679.0,5
rb1805,20170918,20170915,210913500,3679.0,23846,341312,878666440.0,3680.0,47,3679.0,12
rb1805,20170918,20170915,210914000,3679.0,23846,341312,878666440.0,3680.0,47,3679.0,22
rb1805,20170918,20170915,210914500,3679.0,23848,341314,878740020.0,3680.0,43,3679.0,21
rb1805,20170918,20170915,210915000,3679.0,23852,341314,878887180.0,3680.0,43,3679.0,141
rb1805,20170918,20170915,210915500,3679.0,23874,341298,879696560.0,3680.0,47,3679.0,133
rb1805,20170918,20170915,210916000,3680.0,23956,341284,882713360.0,3680.0,46,3679.0,93
rb1805,20170918,20170915,210916500,3679.0,23966,341288,883081280.0,3680.0,46,3679.0,89
rb1805,20170918,20170915,210917000,3680.0,23970,341286,883228460.0,3680.0,47,3679.0,88
rb1805,20170918,20170915,210917500,3679.0,24002,341294,884405740.0,3680.0,59,3679.0,72
rb1805,20170918,20170915,210918000,3679.0,24006,341298,884552900.0,3680.0,64,3679.0,69
rb1805,20170918,20170915,210918500,3679.0,24018,341304,884994380.0,3680.0,64,3679.0,79
rb1805,20170918,20170915,210919000,3679.0,24022,341306,885141540.0,3680.0,64,3679.0,77
rb1805,20170918,20170915,210919500,3679.0,24044,341306,885950920.0,3680.0,66,3679.0,66
rb1805,20170918,20170915,210920000,3679.0,24056,341314,886392400.0,3680.0,66,3679.0,60
rb1805,20170918,20170915,210920500,3680.0,24094,341348,887790440.0,3680.0,65,3679.0,42
rb1805,20170918,20170915,210921000,3679.0,24178,341398,890880800.0,3679.0,9,3678.0,49
rb1805,20170918,20170915,210921500,3679.0,24178,341398,890880800.0,3679.0,20,3678.0,49
rb1805,20170918,20170915,210922000,3679.0,24182,341402,891027960.0,3679.0,65,3678.0,44
rb1805,20170918,20170915,210922500,3679.0,24186,341402,891175120.0,3679.0,64,3678.0,44
rb1805,20170918,20170915,210923000,3678.0,24206,341408,891910740.0,3679.0,64,3678.0,35
rb1805,20170918,20170915,210923500,3678.0,24228,341406,892719900.0,3679.0,62,3678.0,24
rb1805,20170918,20170915,210924000,3677.0,24362,341364,897647560.0,3677.0,52,3676.0,32
rb1805,20170918,20170915,210924500,3677.0,24406,341356,899265440.0,3677.0,30,3676.0,36
rb1805,20170918,20170915,210925000,3677.0,24406,341356,899265440.0,3677.0,48,3676.0,37
rb1805,20170918,20170915,210925500,3676.0,24444,341376,900662340.0,3677.0,53,3676.0,19
rb1805,20170918,20170915,210926000,3677.0,24460,341372,901250600.0,3677.0,48,3676.0,16
rb1805,20170918,20170915,210926500,3676.0,24470,341372,901618220.0,3677.0,62,3676.0,13
rb1805,20170918,20170915,210927000,3676.0,24472,341372,901691740.0,3677.0,63,3676.0,13
rb1805,20170918,20170915,210927500,3676.0,24476,341374,901838780.0,3677.0,63,3676.0,31
rb1805,20170918,20170915,210928000,3676.0,24482,341370,902059360.0,3677.0,63,3676.0,41
rb1805,20170918,20170915,210928500,3676.0,24488,341370,902279940.0,3677.0,64,3676.0,43
rb1805,20170918,20170915,210929000,3676.0,24578,341394,905588340.0,3676.0,36,3675.0,107
rb1805,20170918,20170915,210929500,3676.0,24586,341394,905882420.0,3676.0,44,3675.0,105
rb1805,20170918,20170915,210930000,3676.0,24612,341414,906838180.0,3676.0,52,3675.0,106
rb1805,20170918,20170915,210930500,3676.0,24618,341418,907058740.0,3676.0,60,3675.0,107
rb1805,20170918,20170915,210931000,3675.0,24628,341422,907426260.0,3676.0,74,3675.0,103
rb1805,20170918,20170915,210931500,3676.0,24738,341396,911469380.0,3676.0,46,3675.0,84
rb1805,20170918,20170915,210932000,3675.0,24740,341396,911542880.0,3676.0,48,3675.0,83
rb1805,20170918,20170915,210932500,3675.0,24914,341348,917937420.0,3675.0,17,3674.0,164
rb1805,20170918,20170915,210933000,3675.0,25010,341290,921465260.0,3675.0,12,3674.0,156
rb1805,20170918,20170915,210933500,3675.0,25082,341278,924111100.0,3675.0,24,3674.0,148
rb1805,20170918,20170915,210934000,3674.0,25090,341278,924405040.0,3675.0,40,3674.0,145
rb1805,20170918,20170915,210934500,3674.0,25202,341304,928520040.0,3675.0,44,3674.0,101
rb1805,20170918,20170915,210935000,3674.0,25248,341328,930210100.0,3675.0,45,3674.0,79
rb1805,20170918,20170915,210935500,3675.0,25250,341330,930283600.0,3675.0,44,3674.0,79
rb1805,20170918,20170915,210936000,3674.0,25290,341362,931753520.0,3675.0,31,3674.0,77
rb1805,20170918,20170915,210936500,3675.0,25304,341360,932267960.0,3675.0,28,3674.0,74
rb1805,20170918,20170915,210937000,3675.0,25314,341368,932635400.0,3675.0,34,3674.0,71
