instrument,tradingday,calendarday,time,lastp,volume,openinterest,turnover,ask1,asksz1,bid1,bidsz1
rb1805,20170816,20170815,183125500,3585.0,0,187174,0.0,0.0,0,0.0,0
rb1805,20170816,20170815,205900500,3585.0,160,187262,5736000.0,3585.0,11,3584.0,9
rb1805,20170816,20170815,210000500,3583.0,196,187260,7026080.0,3583.0,2,3582.0,7
rb1805,20170816,20170815,210001000,3582.0,272,187278,9747880.0,3583.0,2,3580.0,41
rb1805,20170816,20170815,210001500,3575.0,426,187358,15261220.0,3582.0,9,3575.0,39
rb1805,20170816,20170815,210002000,3581.0,438,187368,15690700.0,3581.0,2,3579.0,2
rb1805,20170816,20170815,210002500,3581.0,454,187378,16263660.0,3582.0,11,3579.0,4
rb1805,20170816,20170815,210003000,3579.0,464,187378,16621580.0,3579.0,3,3578.0,1
rb1805,20170816,20170815,210003500,3582.0,480,187376,17194320.0,3582.0,7,3578.0,6
rb1805,20170816,20170815,210004000,3582.0,496,187374,17767160.0,3582.0,6,3579.0,5
rb1805,20170816,20170815,210004500,3578.0,526,187374,18841280.0,3579.0,4,3578.0,12
rb1805,20170816,20170815,210005000,3579.0,560,187390,20058240.0,3583.0,1,3579.0,20
rb1805,20170816,20170815,210005500,3580.0,576,187388,20631360.0,3582.0,2,3580.0,6
rb1805,20170816,20170815,210006000,3584.0,598,187382,21419460.0,3584.0,10,3583.0,4
rb1805,20170816,20170815,210006500,3583.0,610,187372,21849400.0,3583.0,7,3582.0,2
rb1805,20170816,20170815,210007000,3581.0,616,187368,22064300.0,3583.0,7,3582.0,6
rb1805,20170816,20170815,210007500,3582.0,632,187382,22637420.0,3582.0,20,3580.0,5
rb1805,20170816,20170815,210008000,3582.0,634,187382,22709060.0,3581.0,2,3580.0,7
rb1805,20170816,20170815,210008500,3582.0,652,187374,23353780.0,3582.0,13,3581.0,11
rb1805,20170816,20170815,210009000,3582.0,664,187374,23783600.0,3582.0,8,3581.0,8
rb1805,20170816,20170815,210009500,3582.0,674,187366,24141780.0,3582.0,4,3581.0,4
rb1805,20170816,20170815,210010000,3582.0,686,187360,24571640.0,3583.0,5,3582.0,12
rb1805,20170816,20170815,210010500,3583.0,706,187362,25288240.0,3584.0,16,3583.0,30
rb1805,20170816,20170815,210011000,3584.0,742,187366,26578160.0,3584.0,15,3583.0,14
rb1805,20170816,20170815,210011500,3583.0,770,187382,27581520.0,3584.0,9,3583.0,6
rb1805,20170816,20170815,210012000,3583.0,772,187384,27653180.0,3584.0,9,3583.0,5
rb1805,20170816,20170815,210012500,3583.0,778,187390,27868160.0,3584.0,9,3583.0,2
rb1805,20170816,20170815,210013000,3583.0,780,187392,27939820.0,3584.0,9,3583.0,1
rb1805,20170816,20170815,210013500,3583.0,780,187392,27939820.0,3584.0,9,3583.0,1
rb1805,20170816,20170815,210014000,3583.0,786,187398,28154820.0,3583.0,14,3582.0,5
rb1805,20170816,20170815,210014500,3582.0,804,187416,28799740.0,3583.0,22,3582.0,6
rb1805,20170816,20170815,210015000,3583.0,828,187418,29659660.0,3583.0,10,3582.0,6
rb1805,20170816,20170815,210015500,3583.0,848,187438,30376260.0,3584.0,12,3582.0,6
rb1805,20170816,20170815,210016000,3583.0,848,187438,30376260.0,3584.0,12,3583.0,2
rb1805,20170816,20170815,210016500,3582.0,864,187434,30949420.0,3583.0,8,3581.0,5
rb1805,20170816,20170815,210017000,3582.0,864,187434,30949420.0,3583.0,8,3581.0,6
rb1805,20170816,20170815,210017500,3582.0,864,187434,30949420.0,3583.0,8,3581.0,6
rb1805,20170816,20170815,210018000,3582.0,864,187434,30949420.0,3583.0,8,3582.0,1
rb1805,20170816,20170815,210018500,3581.0,866,187436,31021040.0,3583.0,8,3581.0,7
rb1805,20170816,20170815,210019000,3581.0,868,187438,31092660.0,3583.0,10,3582.0,2
rb1805,20170816,20170815,210019500,3582.0,872,187438,31235940.0,3582.0,7,3581.0,4
rb1805,20170816,20170815,210020000,3582.0,888,187440,31809060.0,3583.0,8,3582.0,11
rb1805,20170816,20170815,210020500,3583.0,890,187440,31880720.0,3583.0,7,3582.0,2
rb1805,20170816,20170815,210021000,3582.0,894,187438,32024000.0,3583.0,7,3582.0,2
rb1805,20170816,20170815,210021500,3582.0,896,187440,32095640.0,3583.0,17,3582.0,21
rb1805,20170816,20170815,210022000,3582.0,896,187440,32095640.0,3583.0,18,3582.0,21
rb1805,20170816,20170815,210022500,3582.0,896,187440,32095640.0,3583.0,18,3582.0,21
rb1805,20170816,20170815,210023000,3582.0,896,187440,32095640.0,3583.0,18,3582.0,21
rb1805,20170816,20170815,210023500,3582.0,896,187440,32095640.0,3583.0,18,3582.0,22
rb1805,20170816,20170815,210024000,3583.0,924,187442,33098640.0,3583.0,16,3582.0,10
rb1805,20170816,20170815,210024500,3583.0,924,187442,33098640.0,3583.0,16,3582.0,11
rb1805,20170816,20170815,210025000,3583.0,924,187442,33098640.0,3583.0,16,3582.0,11
rb1805,20170816,20170815,210025500,3583.0,930,187448,33313620.0,3583.0,13,3582.0,11
rb1805,20170816,20170815,210026000,3583.0,930,187448,33313620.0,3583.0,14,3582.0,11
rb1805,20170816,20170815,210026500,3583.0,930,187448,33313620.0,3583.0,14,3582.0,11
rb1805,20170816,20170815,210027000,3582.0,952,187458,34101660.0,3583.0,14,3581.0,8
rb1805,20170816,20170815,210027500,3581.0,956,187462,34244940.0,3583.0,21,3581.0,7
rb1805,20170816,20170815,210028000,3582.0,960,187462,34388220.0,3582.0,4,3581.0,12
rb1805,20170816,20170815,210028500,3582.0,962,187462,34459860.0,3582.0,3,3581.0,12
rb1805,20170816,20170815,210029000,3582.0,968,187468,34674760.0,3582.0,8,3581.0,12
rb1805,20170816,20170815,210029500,3582.0,968,187468,34674760.0,3582.0,8,3581.0,7
rb1805,20170816,20170815,210030000,3582.0,968,187468,34674760.0,3582.0,8,3581.0,7
rb1805,20170816,20170815,210030500,3581.0,970,187470,34746380.0,3582.0,8,3581.0,6
rb1805,20170816,20170815,210031000,3582.0,972,187470,34818020.0,3582.0,7,3581.0,6
rb1805,20170816,20170815,210031500,3581.0,976,187472,34961300.0,3583.0,14,3581.0,5
rb1805,20170816,20170815,210032000,3581.0,976,187472,34961300.0,3582.0,3,3581.0,7
rb1805,20170816,20170815,210032500,3583.0,984,187474,35247880.0,3583.0,13,3582.0,13
rb1805,20170816,20170815,210033000,3583.0,986,187474,35319540.0,3582.0,1,3581.0,7
rb1805,20170816,20170815,210033500,3583.0,990,187474,35462840.0,3583.0,11,3582.0,4
rb1805,20170816,20170815,210034000,3583.0,1000,187476,35821100.0,3583.0,8,3581.0,8
rb1805,20170816,20170815,210034500,3583.0,1000,187476,35821100.0,3583.0,8,3582.0,3
rb1805,20170816,20170815,210035000,3583.0,1000,187476,35821100.0,3583.0,8,3581.0,8
rb1805,20170816,20170815,210035500,3583.0,1000,187476,35821100.0,3583.0,9,3582.0,2
rb1805,20170816,20170815,210036000,3583.0,1000,187476,35821100.0,3583.0,11,3582.0,1
rb1805,20170816,20170815,210036500,3582.0,1002,187476,35892740.0,3583.0,8,3581.0,9
rb1805,20170816,20170815,210037000,3582.0,1002,187476,35892740.0,3583.0,8,3581.0,10
rb1805,20170816,20170815,210037500,3582.0,1002,187476,35892740.0,3583.0,8,3581.0,10
rb1805,20170816,20170815,210038000,3581.0,1004,187476,35964360.0,3583.0,17,3581.0,7
rb1805,20170816,20170815,210039000,3583.0,1024,187492,36680960.0,3583.0,7,3581.0,7
rb1805,20170816,20170815,210039500,3581.0,1038,187486,37182300.0,3583.0,2,3580.0,8
rb1805,20170816,20170815,210040000,3582.0,1040,187488,37253940.0,3583.0,7,3581.0,9
rb1805,20170816,20170815,210040500,3582.0,1040,187488,37253940.0,3583.0,7,3582.0,1
rb1805,20170816,20170815,210041000,3582.0,1040,187488,37253940.0,3583.0,7,3582.0,3
rb1805,20170816,20170815,210041500,3584.0,1044,187486,37397280.0,3584.0,9,3583.0,3
rb1805,20170816,20170815,210042000,3582.0,1048,187488,37540600.0,3584.0,8,3583.0,3
rb1805,20170816,20170815,210042500,3583.0,1052,187486,37683920.0,3584.0,8,3583.0,1
rb1805,20170816,20170815,210043000,3583.0,1052,187486,37683920.0,3584.0,8,3582.0,4
rb1805,20170816,20170815,210043500,3583.0,1052,187486,37683920.0,3584.0,14,3582.0,4
rb1805,20170816,20170815,210044000,3583.0,1052,187486,37683920.0,3584.0,14,3582.0,2
rb1805,20170816,20170815,210044500,3584.0,1062,187492,38042320.0,3584.0,10,3582.0,2
rb1805,20170816,20170815,210045000,3584.0,1062,187492,38042320.0,3583.0,1,3582.0,4
rb1805,20170816,20170815,210045500,3583.0,1064,187492,38113980.0,3584.0,10,3583.0,2
rb1805,20170816,20170815,210046000,3583.0,1066,187492,38185640.0,3583.0,1,3582.0,4
rb1805,20170816,20170815,210046500,3583.0,1066,187492,38185640.0,3583.0,1,3582.0,2
rb1805,20170816,20170815,210047000,3583.0,1068,187494,38257300.0,3584.0,11,3583.0,1
rb1805,20170816,20170815,210047500,3584.0,1070,187494,38328980.0,3584.0,10,3583.0,11
rb1805,20170816,20170815,210048000,3584.0,1070,187494,38328980.0,3584.0,10,3583.0,11
rb1805,20170816,20170815,210048500,3584.0,1070,187494,38328980.0,3584.0,10,3583.0,11
rb1805,20170816,20170815,210049000,3584.0,1070,187494,38328980.0,3584.0,4,3583.0,11
rb1805,20170816,20170815,210049500,3583.0,1074,187494,38472300.0,3584.0,4,3583.0,11
rb1805,20170816,20170815,210050500,3584.0,1082,187498,38759020.0,3585.0,12,3584.0,6
rb1805,20170816,20170815,210051000,3584.0,1082,187498,38759020.0,3585.0,12,3584.0,7
rb1805,20170816,20170815,210052000,3585.0,1088,187502,38974100.0,3585.0,10,3584.0,6
rb1805,20170816,20170815,210052500,3585.0,1108,187496,39691100.0,3586.0,1,3585.0,6
rb1805,20170816,20170815,210053000,3585.0,1108,187496,39691100.0,3586.0,1,3585.0,3
rb1805,20170816,20170815,210053500,3586.0,1110,187496,39762820.0,3587.0,4,3586.0,12
rb1805,20170816,20170815,210054000,3586.0,1132,187496,40551740.0,3587.0,10,3586.0,1
rb1805,20170816,20170815,210054500,3586.0,1132,187496,40551740.0,3587.0,4,3586.0,1
rb1805,20170816,20170815,210055000,3587.0,1140,187492,40838700.0,3588.0,17,3587.0,32
rb1805,20170816,20170815,210055500,3587.0,1170,187462,41914800.0,3588.0,23,3587.0,17
rb1805,20170816,20170815,210056000,3587.0,1210,187440,43349600.0,3587.0,3,3586.0,2
rb1805,20170816,20170815,210056500,3587.0,1222,187432,43780040.0,3588.0,23,3587.0,11
rb1805,20170816,20170815,210057000,3587.0,1248,187408,44712660.0,3588.0,23,3586.0,3
rb1805,20170816,20170815,210057500,3587.0,1250,187408,44784400.0,3588.0,23,3586.0,13
rb1805,20170816,20170815,210058000,3588.0,1252,187410,44856160.0,3588.0,22,3586.0,15
rb1805,20170816,20170815,210058500,3588.0,1254,187410,44927920.0,3588.0,15,3587.0,2
rb1805,20170816,20170815,210059000,3588.0,1280,187426,45860760.0,3588.0,10,3586.0,44
rb1805,20170816,20170815,210059500,3588.0,1288,187426,46147800.0,3589.0,6,3588.0,1
rb1805,20170816,20170815,210100000,3588.0,1294,187426,46363080.0,3589.0,12,3587.0,8
rb1805,20170816,20170815,210100500,3588.0,1296,187424,46434840.0,3588.0,3,3587.0,9
rb1805,20170816,20170815,210101000,3588.0,1298,187424,46506600.0,3588.0,2,3587.0,9
rb1805,20170816,20170815,210101500,3588.0,1300,187424,46578360.0,3588.0,1,3587.0,10
rb1805,20170816,20170815,210102000,3589.0,1310,187430,46937200.0,3589.0,9,3587.0,10
rb1805,20170816,20170815,210102500,3589.0,1318,187434,47224320.0,3589.0,11,3587.0,10
rb1805,20170816,20170815,210103000,3587.0,1334,187434,47798240.0,3587.0,11,3586.0,45
rb1805,20170816,20170815,210103500,3587.0,1356,187434,48587380.0,3589.0,10,3588.0,1
rb1805,20170816,20170815,210104000,3588.0,1360,187432,48730900.0,3588.0,3,3587.0,14
rb1805,20170816,20170815,210104500,3588.0,1384,187430,49592020.0,3589.0,15,3588.0,1
rb1805,20170816,20170815,210105000,3588.0,1390,187428,49807300.0,3589.0,15,3587.0,14
rb1805,20170816,20170815,210105500,3589.0,1398,187426,50094380.0,3589.0,13,3587.0,13
rb1805,20170816,20170815,210106000,3589.0,1400,187426,50166160.0,3589.0,12,3587.0,13
rb1805,20170816,20170815,210106500,3589.0,1402,187426,50237940.0,3589.0,11,3587.0,13
rb1805,20170816,20170815,210107000,3589.0,1402,187426,50237940.0,3589.0,20,3587.0,13
rb1805,20170816,20170815,210107500,3589.0,1404,187428,50309720.0,3589.0,20,3587.0,14
rb1805,20170816,20170815,210108000,3589.0,1412,187426,50596840.0,3589.0,17,3587.0,16
rb1805,20170816,20170815,210108500,3589.0,1416,187422,50740360.0,3589.0,26,3587.0,15
rb1805,20170816,20170815,210109000,3589.0,1418,187422,50812140.0,3589.0,25,3587.0,15
rb1805,20170816,20170815,210109500,3589.0,1420,187422,50883920.0,3589.0,40,3587.0,16
rb1805,20170816,20170815,210110000,3589.0,1420,187422,50883920.0,3589.0,42,3587.0,15
rb1805,20170816,20170815,210110500,3589.0,1420,187422,50883920.0,3589.0,42,3587.0,15
rb1805,20170816,20170815,210111000,3589.0,1420,187422,50883920.0,3589.0,44,3587.0,20
rb1805,20170816,20170815,210111500,3589.0,1424,187418,51027480.0,3589.0,55,3587.0,21
rb1805,20170816,20170815,210112000,3589.0,1426,187420,51099260.0,3589.0,54,3588.0,2
rb1805,20170816,20170815,210112500,3589.0,1428,187420,51171040.0,3589.0,53,3588.0,2
rb1805,20170816,20170815,210113000,3589.0,1428,187420,51171040.0,3589.0,53,3588.0,2
rb1805,20170816,20170815,210113500,3589.0,1554,187418,55693180.0,3590.0,51,3589.0,77
rb1805,20170816,20170815,210114000,3589.0,1588,187384,56913440.0,3590.0,51,3589.0,60
rb1805,20170816,20170815,210114500,3589.0,1590,187382,56985220.0,3590.0,51,3589.0,61
rb1805,20170816,20170815,210115000,3589.0,1590,187382,56985220.0,3590.0,51,3589.0,62
rb1805,20170816,20170815,210115500,3590.0,1592,187382,57057020.0,3590.0,50,3589.0,62
rb1805,20170816,20170815,210116000,3590.0,1648,187380,59067360.0,3590.0,25,3589.0,66
rb1805,20170816,20170815,210116500,3589.0,1800,187302,64523340.0,3591.0,5,3590.0,7
rb1805,20170816,20170815,210117000,3589.0,1802,187300,64595120.0,3591.0,7,3590.0,7
rb1805,20170816,20170815,210117500,3589.0,1806,187304,64738680.0,3591.0,7,3590.0,11
rb1805,20170816,20170815,210118000,3590.0,1830,187328,65600300.0,3590.0,19,3589.0,25
rb1805,20170816,20170815,210118500,3590.0,1836,187330,65815700.0,3590.0,16,3589.0,25
rb1805,20170816,20170815,210119000,3590.0,1840,187334,65959300.0,3590.0,14,3589.0,25
rb1805,20170816,20170815,210119500,3590.0,1840,187334,65959300.0,3590.0,15,3589.0,20
rb1805,20170816,20170815,210120000,3590.0,1870,187348,67036300.0,3591.0,4,3590.0,1
rb1805,20170816,20170815,210120500,3589.0,1878,187346,67323460.0,3590.0,24,3589.0,18
rb1805,20170816,20170815,210121000,3589.0,1878,187346,67323460.0,3590.0,24,3589.0,18
rb1805,20170816,20170815,210121500,3590.0,1880,187346,67395260.0,3590.0,23,3589.0,18
rb1805,20170816,20170815,210122000,3590.0,1902,187346,68185060.0,3590.0,12,3589.0,23
rb1805,20170816,20170815,210122500,3590.0,1908,187344,68400440.0,3590.0,12,3589.0,22
rb1805,20170816,20170815,210123000,3590.0,1908,187344,68400440.0,3590.0,13,3589.0,17
rb1805,20170816,20170815,210123500,3590.0,1910,187344,68472240.0,3590.0,12,3589.0,18
rb1805,20170816,20170815,210124000,3590.0,1922,187334,68903040.0,3590.0,6,3589.0,18
rb1805,20170816,20170815,210124500,3589.0,1946,187342,69764660.0,3590.0,5,3589.0,22
rb1805,20170816,20170815,210125000,3590.0,1956,187334,70123660.0,3591.0,6,3590.0,2
rb1805,20170816,20170815,210125500,3591.0,1958,187334,70195480.0,3591.0,5,3590.0,5
rb1805,20170816,20170815,210126000,3590.0,1960,187334,70267280.0,3591.0,5,3590.0,9
rb1805,20170816,20170815,210126500,3591.0,1972,187340,70698180.0,3592.0,21,3591.0,6
rb1805,20170816,20170815,210127000,3590.0,1992,187354,71416380.0,3592.0,22,3590.0,12
rb1805,20170816,20170815,210127500,3590.0,1994,187354,71488180.0,3592.0,21,3590.0,21
rb1805,20170816,20170815,210128000,3590.0,2038,187354,73067780.0,3591.0,3,3589.0,24
rb1805,20170816,20170815,210128500,3592.0,2056,187340,73714200.0,3592.0,48,3589.0,27
rb1805,20170816,20170815,210129000,3592.0,2058,187340,73786040.0,3592.0,46,3591.0,1
rb1805,20170816,20170815,210129500,3591.0,2062,187338,73929680.0,3591.0,1,3590.0,2
rb1805,20170816,20170815,210130000,3591.0,2064,187338,74001500.0,3592.0,63,3590.0,2
rb1805,20170816,20170815,210130500,3590.0,2068,187338,74145100.0,3591.0,9,3589.0,66
rb1805,20170816,20170815,210131000,3590.0,2068,187338,74145100.0,3590.0,2,3589.0,66
rb1805,20170816,20170815,210131500,3590.0,2070,187338,74216900.0,3590.0,1,3589.0,65
rb1805,20170816,20170815,210132000,3590.0,2072,187340,74288700.0,3591.0,13,3590.0,3
rb1805,20170816,20170815,210132500,3590.0,2080,187342,74575900.0,3590.0,1,3589.0,65
rb1805,20170816,20170815,210133000,3589.0,2082,187342,74647680.0,3590.0,1,3589.0,59
rb1805,20170816,20170815,210133500,3590.0,2092,187350,75006680.0,3590.0,4,3589.0,59
rb1805,20170816,20170815,210134000,3590.0,2100,187358,75293880.0,3591.0,19,3590.0,1
rb1805,20170816,20170815,210134500,3590.0,2116,187370,75868280.0,3591.0,19,3589.0,62
rb1805,20170816,20170815,210135000,3590.0,2116,187370,75868280.0,3591.0,44,3589.0,62
rb1805,20170816,20170815,210135500,3591.0,2118,187370,75940100.0,3590.0,2,3589.0,63
rb1805,20170816,20170815,210136000,3589.0,2120,187370,76011880.0,3590.0,10,3589.0,62
rb1805,20170816,20170815,210136500,3589.0,2160,187352,77447480.0,3590.0,11,3589.0,43
rb1805,20170816,20170815,210137000,3589.0,2160,187352,77447480.0,3590.0,13,3589.0,43
rb1805,20170816,20170815,210137500,3589.0,2160,187352,77447480.0,3590.0,38,3589.0,43
rb1805,20170816,20170815,210138000,3589.0,2160,187352,77447480.0,3590.0,34,3589.0,43
rb1805,20170816,20170815,210138500,3590.0,2162,187354,77519280.0,3590.0,16,3589.0,43
rb1805,20170816,20170815,210139000,3589.0,2212,187376,79313780.0,3590.0,24,3589.0,18
rb1805,20170816,20170815,210139500,3589.0,2250,187382,80677600.0,3589.0,47,3588.0,7
rb1805,20170816,20170815,210140000,3588.0,2264,187394,81179920.0,3588.0,1,3587.0,24
rb1805,20170816,20170815,210140500,3588.0,2266,187396,81251680.0,3588.0,1,3587.0,21
rb1805,20170816,20170815,210141000,3588.0,2266,187396,81251680.0,3588.0,6,3587.0,15
rb1805,20170816,20170815,210141500,3588.0,2266,187396,81251680.0,3588.0,12,3587.0,15
rb1805,20170816,20170815,210142000,3588.0,2290,187414,82112600.0,3588.0,10,3587.0,5
rb1805,20170816,20170815,210142500,3587.0,2300,187420,82471300.0,3587.0,6,3586.0,18
rb1805,20170816,20170815,210143000,3587.0,2310,187410,82830000.0,3587.0,1,3586.0,18
rb1805,20170816,20170815,210143500,3587.0,2310,187410,82830000.0,3587.0,2,3586.0,18
rb1805,20170816,20170815,210144000,3587.0,2314,187408,82973480.0,3588.0,5,3587.0,2
rb1805,20170816,20170815,210144500,3587.0,2320,187408,83188700.0,3588.0,5,3586.0,20
rb1805,20170816,20170815,210145000,3587.0,2320,187408,83188700.0,3587.0,6,3586.0,18
rb1805,20170816,20170815,210145500,3586.0,2324,187410,83332140.0,3587.0,6,3586.0,16
rb1805,20170816,20170815,210146000,3587.0,2328,187410,83475600.0,3587.0,5,3586.0,15
rb1805,20170816,20170815,210146500,3587.0,2328,187410,83475600.0,3587.0,5,3586.0,15
rb1805,20170816,20170815,210147000,3586.0,2358,187390,84551400.0,3586.0,15,3585.0,17
rb1805,20170816,20170815,210147500,3586.0,2358,187390,84551400.0,3586.0,15,3585.0,17
rb1805,20170816,20170815,210148000,3586.0,2358,187390,84551400.0,3587.0,5,3586.0,1
rb1805,20170816,20170815,210148500,3586.0,2360,187390,84623120.0,3586.0,3,3585.0,17
rb1805,20170816,20170815,210149000,3586.0,2360,187390,84623120.0,3586.0,1,3585.0,18
rb1805,20170816,20170815,210149500,3586.0,2360,187390,84623120.0,3587.0,6,3586.0,1
rb1805,20170816,20170815,210150000,3585.0,2382,187392,85411840.0,3586.0,3,3585.0,9
rb1805,20170816,20170815,210150500,3585.0,2454,187390,87993040.0,3586.0,1,3585.0,1
rb1805,20170816,20170815,210151000,3585.0,2454,187390,87993040.0,3586.0,1,3585.0,2
rb1805,20170816,20170815,210151500,3585.0,2456,187392,88064740.0,3586.0,1,3585.0,1
rb1805,20170816,20170815,210152000,3585.0,2456,187392,88064740.0,3586.0,2,3585.0,4
rb1805,20170816,20170815,210152500,3585.0,2460,187396,88208140.0,3586.0,1,3585.0,3
rb1805,20170816,20170815,210153000,3586.0,2464,187398,88351580.0,3587.0,12,3585.0,3
rb1805,20170816,20170815,210153500,3586.0,2464,187398,88351580.0,3587.0,19,3585.0,3
rb1805,20170816,20170815,210154000,3585.0,2466,187398,88423280.0,3587.0,19,3585.0,3
rb1805,20170816,20170815,210154500,3585.0,2466,187398,88423280.0,3587.0,20,3585.0,9
rb1805,20170816,20170815,210155000,3585.0,2484,187394,89068580.0,3586.0,5,3584.0,18
rb1805,20170816,20170815,210155500,3584.0,2490,187394,89283640.0,3586.0,5,3584.0,13
rb1805,20170816,20170815,210156000,3584.0,2490,187394,89283640.0,3586.0,5,3585.0,2
rb1805,20170816,20170815,210156500,3584.0,2490,187394,89283640.0,3587.0,19,3585.0,5
rb1805,20170816,20170815,210157000,3584.0,2490,187394,89283640.0,3587.0,19,3585.0,6
rb1805,20170816,20170815,210157500,3584.0,2490,187394,89283640.0,3587.0,14,3585.0,6
rb1805,20170816,20170815,210158000,3585.0,2492,187396,89355340.0,3586.0,6,3585.0,5
rb1805,20170816,20170815,210158500,3586.0,2496,187400,89498760.0,3586.0,5,3585.0,2
rb1805,20170816,20170815,210159000,3585.0,2500,187396,89642160.0,3585.0,2,3584.0,15
rb1805,20170816,20170815,210159500,3585.0,2506,187394,89857260.0,3586.0,1,3585.0,5
rb1805,20170816,20170815,210200000,3585.0,2522,187392,90430860.0,3585.0,1,3584.0,18
rb1805,20170816,20170815,210200500,3585.0,2522,187392,90430860.0,3585.0,1,3584.0,18
rb1805,20170816,20170815,210201000,3585.0,2522,187392,90430860.0,3585.0,1,3584.0,19
rb1805,20170816,20170815,210201500,3585.0,2524,187390,90502560.0,3586.0,7,3585.0,2
rb1805,20170816,20170815,210202000,3584.0,2564,187416,91936200.0,3584.0,5,3583.0,15
rb1805,20170816,20170815,210202500,3584.0,2568,187418,92079560.0,3584.0,7,3583.0,15
rb1805,20170816,20170815,210203000,3583.0,2602,187408,93297780.0,3583.0,31,3582.0,19
rb1805,20170816,20170815,210203500,3583.0,2612,187412,93656000.0,3583.0,21,3582.0,16
rb1805,20170816,20170815,210204000,3582.0,2654,187428,95160440.0,3582.0,37,3581.0,19
rb1805,20170816,20170815,210204500,3581.0,2694,187400,96592840.0,3582.0,27,3580.0,51
rb1805,20170816,20170815,210205000,3582.0,2754,187446,98742060.0,3583.0,14,3580.0,63
rb1805,20170816,20170815,210205500,3581.0,2778,187448,99601500.0,3582.0,10,3581.0,16
rb1805,20170816,20170815,210206000,3583.0,2808,187450,100676200.0,3583.0,10,3582.0,38
rb1805,20170816,20170815,210206500,3582.0,2810,187450,100747840.0,3583.0,13,3582.0,37
rb1805,20170816,20170815,210207000,3583.0,2868,187424,102826220.0,3585.0,19,3583.0,9
rb1805,20170816,20170815,210207500,3582.0,2872,187422,102969520.0,3583.0,2,3582.0,55
rb1805,20170816,20170815,210208000,3583.0,2874,187422,103041180.0,3583.0,4,3582.0,48
rb1805,20170816,20170815,210208500,3583.0,2874,187422,103041180.0,3583.0,4,3582.0,50
rb1805,20170816,20170815,210209000,3583.0,2880,187422,103256160.0,3583.0,2,3582.0,50
rb1805,20170816,20170815,210209500,3583.0,2884,187424,103399460.0,3583.0,2,3582.0,49
rb1805,20170816,20170815,210210000,3583.0,2884,187424,103399460.0,3583.0,8,3582.0,51
rb1805,20170816,20170815,210210500,3583.0,2900,187426,103972740.0,3584.0,3,3583.0,14
rb1805,20170816,20170815,210211000,3583.0,2904,187426,104116060.0,3585.0,20,3583.0,5
rb1805,20170816,20170815,210211500,3582.0,2918,187422,104617640.0,3584.0,7,3582.0,49
rb1805,20170816,20170815,210212000,3582.0,2922,187426,104760920.0,3583.0,2,3582.0,47
rb1805,20170816,20170815,210212500,3583.0,2926,187424,104904240.0,3584.0,7,3583.0,11
rb1805,20170816,20170815,210213000,3583.0,2950,187424,105764160.0,3584.0,8,3582.0,50
rb1805,20170816,20170815,210213500,3582.0,2952,187426,105835800.0,3584.0,7,3582.0,60
rb1805,20170816,20170815,210214000,3582.0,2952,187426,105835800.0,3584.0,7,3582.0,60
rb1805,20170816,20170815,210214500,3584.0,2958,187426,106050760.0,3584.0,8,3582.0,58
rb1805,20170816,20170815,210215000,3584.0,2958,187426,106050760.0,3584.0,9,3582.0,58
rb1805,20170816,20170815,210215500,3584.0,2958,187426,106050760.0,3584.0,9,3582.0,58
rb1805,20170816,20170815,210216000,3584.0,2958,187426,106050760.0,3584.0,9,3582.0,58
rb1805,20170816,20170815,210216500,3582.0,2976,187426,106695520.0,3584.0,4,3582.0,59
rb1805,20170816,20170815,210217000,3582.0,2976,187426,106695520.0,3584.0,6,3582.0,58
rb1805,20170816,20170815,210217500,3582.0,2978,187426,106767160.0,3584.0,6,3582.0,57
rb1805,20170816,20170815,210218000,3582.0,2980,187424,106838800.0,3584.0,7,3582.0,56
rb1805,20170816,20170815,210218500,3582.0,2980,187424,106838800.0,3584.0,6,3582.0,57
rb1805,20170816,20170815,210219000,3582.0,2980,187424,106838800.0,3584.0,8,3582.0,58
rb1805,20170816,20170815,210219500,3582.0,2994,187412,107340280.0,3584.0,13,3582.0,45
rb1805,20170816,20170815,210220000,3582.0,2994,187412,107340280.0,3584.0,13,3582.0,45
rb1805,20170816,20170815,210220500,3581.0,3088,187378,110707320.0,3582.0,1,3581.0,13
rb1805,20170816,20170815,210221000,3582.0,3094,187382,110922240.0,3584.0,10,3582.0,103
rb1805,20170816,20170815,210221500,3582.0,3094,187382,110922240.0,3584.0,11,3582.0,101
rb1805,20170816,20170815,210222000,3582.0,3094,187382,110922240.0,3584.0,16,3582.0,100
rb1805,20170816,20170815,210222500,3582.0,3094,187382,110922240.0,3584.0,17,3582.0,100
rb1805,20170816,20170815,210223000,3582.0,3094,187382,110922240.0,3584.0,17,3582.0,100
rb1805,20170816,20170815,210223500,3582.0,3210,187306,115077360.0,3583.0,3,3582.0,42
rb1805,20170816,20170815,210224000,3582.0,3252,187280,116581880.0,3584.0,19,3582.0,26
rb1805,20170816,20170815,210224500,3582.0,3252,187280,116581880.0,3584.0,19,3582.0,26
rb1805,20170816,20170815,210225000,3582.0,3258,187280,116796880.0,3584.0,17,3582.0,25
rb1805,20170816,20170815,210225500,3582.0,3308,187232,118587880.0,3584.0,17,3581.0,15
rb1805,20170816,20170815,210226000,3582.0,3308,187232,118587880.0,3583.0,3,3581.0,15
rb1805,20170816,20170815,210226500,3582.0,3310,187232,118659520.0,3582.0,1,3581.0,17
rb1805,20170816,20170815,210227000,3581.0,3344,187232,119877060.0,3582.0,1,3580.0,63
rb1805,20170816,20170815,210227500,3582.0,3346,187230,119948700.0,3582.0,2,3581.0,2
rb1805,20170816,20170815,210228000,3581.0,3348,187230,120020320.0,3582.0,2,3580.0,65
rb1805,20170816,20170815,210228500,3581.0,3348,187230,120020320.0,3582.0,14,3581.0,3
rb1805,20170816,20170815,210229000,3581.0,3348,187230,120020320.0,3582.0,14,3581.0,1
rb1805,20170816,20170815,210229500,3581.0,3352,187230,120163560.0,3581.0,9,3580.0,64
rb1805,20170816,20170815,210230000,3580.0,3408,187194,122168540.0,3581.0,1,3580.0,45
rb1805,20170816,20170815,210230500,3580.0,3412,187190,122311740.0,3581.0,1,3580.0,36
rb1805,20170816,20170815,210231000,3580.0,3420,187182,122598140.0,3581.0,1,3580.0,32
rb1805,20170816,20170815,210231500,3581.0,3488,187212,125032580.0,3580.0,1,3579.0,29
rb1805,20170816,20170815,210232000,3579.0,3494,187210,125247320.0,3580.0,2,3579.0,26
rb1805,20170816,20170815,210232500,3579.0,3496,187208,125318900.0,3580.0,2,3579.0,36
rb1805,20170816,20170815,210233000,3579.0,3496,187208,125318900.0,3580.0,1,3579.0,25
rb1805,20170816,20170815,210233500,3580.0,3504,187212,125605260.0,3581.0,14,3579.0,23
rb1805,20170816,20170815,210234000,3580.0,3504,187212,125605260.0,3580.0,7,3579.0,23
rb1805,20170816,20170815,210234500,3579.0,3516,187214,126034780.0,3580.0,5,3579.0,19
rb1805,20170816,20170815,210235000,3579.0,3518,187216,126106360.0,3580.0,6,3579.0,18
rb1805,20170816,20170815,210235500,3580.0,3536,187204,126750760.0,3581.0,8,3579.0,29
rb1805,20170816,20170815,210236000,3579.0,3538,187204,126822340.0,3581.0,10,3579.0,21
rb1805,20170816,20170815,210236500,3579.0,3542,187208,126965500.0,3581.0,12,3579.0,16
rb1805,20170816,20170815,210237000,3579.0,3572,187214,128039260.0,3581.0,20,3579.0,4
rb1805,20170816,20170815,210237500,3580.0,3582,187208,128397180.0,3579.0,1,3578.0,9
rb1805,20170816,20170815,210238000,3580.0,3588,187206,128611940.0,3579.0,5,3578.0,9
rb1805,20170816,20170815,210238500,3579.0,3594,187212,128826680.0,3579.0,3,3578.0,8
rb1805,20170816,20170815,210239000,3579.0,3596,187212,128898260.0,3579.0,2,3578.0,8
rb1805,20170816,20170815,210239500,3579.0,3596,187212,128898260.0,3579.0,7,3578.0,20
rb1805,20170816,20170815,210240000,3579.0,3602,187212,129113000.0,3579.0,4,3578.0,20
rb1805,20170816,20170815,210240500,3579.0,3602,187212,129113000.0,3579.0,4,3578.0,9
rb1805,20170816,20170815,210241000,3579.0,3608,187216,129327720.0,3579.0,2,3578.0,8
rb1805,20170816,20170815,210241500,3579.0,3630,187220,130115220.0,3580.0,3,3579.0,7
rb1805,20170816,20170815,210242000,3578.0,3632,187222,130186780.0,3580.0,3,3578.0,37
rb1805,20170816,20170815,210242500,3578.0,3632,187222,130186780.0,3580.0,5,3579.0,14
rb1805,20170816,20170815,210243000,3579.0,3654,187216,130974300.0,3581.0,7,3579.0,14
rb1805,20170816,20170815,210243500,3579.0,3654,187216,130974300.0,3581.0,7,3580.0,1
rb1805,20170816,20170815,210244000,3579.0,3656,187216,131045880.0,3581.0,12,3580.0,1
rb1805,20170816,20170815,210244500,3579.0,3664,187222,131332220.0,3581.0,12,3579.0,29
rb1805,20170816,20170815,210245000,3581.0,3666,187224,131403840.0,3581.0,11,3579.0,32
rb1805,20170816,20170815,210245500,3580.0,3672,187226,131618640.0,3581.0,11,3579.0,32
rb1805,20170816,20170815,210246000,3580.0,3672,187226,131618640.0,3581.0,11,3579.0,36
rb1805,20170816,20170815,210246500,3580.0,3672,187226,131618640.0,3581.0,11,3580.0,1
rb1805,20170816,20170815,210247000,3581.0,3674,187228,131690260.0,3581.0,10,3580.0,5
rb1805,20170816,20170815,210247500,3581.0,3674,187228,131690260.0,3581.0,10,3580.0,7
rb1805,20170816,20170815,210248000,3580.0,3676,187230,131761860.0,3581.0,12,3580.0,6
rb1805,20170816,20170815,210248500,3580.0,3676,187230,131761860.0,3581.0,12,3580.0,6
rb1805,20170816,20170815,210249000,3581.0,3682,187236,131976720.0,3581.0,9,3580.0,17
rb1805,20170816,20170815,210249500,3580.0,3688,187236,132191520.0,3581.0,9,3580.0,3
rb1805,20170816,20170815,210250000,3580.0,3690,187236,132263120.0,3581.0,10,3580.0,13
rb1805,20170816,20170815,210250500,3581.0,3710,187232,132979320.0,3582.0,15,3581.0,2
rb1805,20170816,20170815,210251000,3580.0,3716,187232,133194160.0,3582.0,15,3580.0,21
rb1805,20170816,20170815,210251500,3580.0,3722,187232,133408960.0,3581.0,1,3580.0,10
rb1805,20170816,20170815,210252000,3581.0,3724,187234,133480580.0,3582.0,15,3581.0,2
rb1805,20170816,20170815,210252500,3582.0,3726,187234,133552220.0,3582.0,14,3581.0,1
rb1805,20170816,20170815,210253000,3582.0,3726,187234,133552220.0,3582.0,14,3580.0,10
rb1805,20170816,20170815,210253500,3582.0,3726,187234,133552220.0,3582.0,14,3580.0,11
rb1805,20170816,20170815,210254000,3582.0,3726,187234,133552220.0,3582.0,14,3580.0,12
rb1805,20170816,20170815,210254500,3582.0,3726,187234,133552220.0,3582.0,14,3580.0,16
rb1805,20170816,20170815,210255000,3580.0,3728,187234,133623820.0,3582.0,14,3580.0,12
rb1805,20170816,20170815,210255500,3580.0,3728,187234,133623820.0,3582.0,14,3580.0,15
rb1805,20170816,20170815,210256000,3580.0,3728,187234,133623820.0,3582.0,16,3580.0,17
rb1805,20170816,20170815,210256500,3580.0,3728,187234,133623820.0,3582.0,16,3580.0,17
rb1805,20170816,20170815,210257000,3580.0,3728,187234,133623820.0,3582.0,18,3580.0,17
rb1805,20170816,20170815,210257500,3580.0,3736,187230,133910220.0,3582.0,18,3580.0,14
rb1805,20170816,20170815,210258000,3580.0,3738,187230,133981820.0,3582.0,18,3580.0,14
rb1805,20170816,20170815,210258500,3580.0,3752,187240,134483060.0,3581.0,1,3580.0,5
rb1805,20170816,20170815,210259000,3582.0,3756,187240,134626340.0,3582.0,19,3580.0,5
rb1805,20170816,20170815,210259500,3582.0,3756,187240,134626340.0,3582.0,19,3580.0,8
rb1805,20170816,20170815,210300000,3582.0,3756,187240,134626340.0,3582.0,19,3580.0,8
rb1805,20170816,20170815,210301000,3582.0,3756,187240,134626340.0,3582.0,19,3580.0,10
rb1805,20170816,20170815,210301500,3580.0,3758,187242,134697940.0,3582.0,19,3580.0,11
rb1805,20170816,20170815,210302000,3580.0,3764,187246,134912740.0,3581.0,2,3580.0,8
rb1805,20170816,20170815,210302500,3581.0,3808,187254,136488720.0,3582.0,8,3581.0,4
rb1805,20170816,20170815,210303000,3581.0,3826,187250,137133460.0,3583.0,14,3581.0,2
rb1805,20170816,20170815,210303500,3583.0,3834,187242,137420060.0,3583.0,12,3581.0,5
rb1805,20170816,20170815,210304000,3583.0,3838,187242,137563380.0,3583.0,10,3581.0,5
rb1805,20170816,20170815,210304500,3583.0,3840,187242,137635040.0,3583.0,9,3581.0,7
rb1805,20170816,20170815,210305000,3580.0,3900,187208,139783420.0,3583.0,9,3581.0,7
rb1805,20170816,20170815,210305500,3582.0,3922,187196,140571660.0,3584.0,56,3582.0,6
rb1805,20170816,20170815,210306000,3582.0,3934,187208,141001500.0,3582.0,1,3581.0,8
rb1805,20170816,20170815,210306500,3582.0,3938,187210,141144780.0,3584.0,59,3582.0,6
rb1805,20170816,20170815,210307000,3582.0,3942,187214,141288060.0,3584.0,56,3582.0,7
rb1805,20170816,20170815,210307500,3582.0,3944,187216,141359700.0,3584.0,56,3582.0,6
rb1805,20170816,20170815,210308000,3583.0,3946,187214,141431360.0,3583.0,21,3582.0,1
rb1805,20170816,20170815,210308500,3584.0,4046,187188,145014940.0,3584.0,27,3583.0,1
rb1805,20170816,20170815,210309000,3582.0,4050,187192,145158240.0,3583.0,2,3582.0,16
rb1805,20170816,20170815,210309500,3583.0,4058,187194,145444880.0,3584.0,27,3583.0,15
rb1805,20170816,20170815,210310000,3584.0,4060,187194,145516560.0,3584.0,27,3583.0,3
rb1805,20170816,20170815,210310500,3584.0,4060,187194,145516560.0,3584.0,28,3583.0,1
rb1805,20170816,20170815,210311000,3583.0,4062,187192,145588220.0,3583.0,1,3582.0,10
rb1805,20170816,20170815,210311500,3583.0,4068,187192,145803200.0,3584.0,28,3582.0,10
rb1805,20170816,20170815,210312000,3583.0,4068,187192,145803200.0,3584.0,37,3583.0,5
rb1805,20170816,20170815,210312500,3583.0,4078,187192,146161500.0,3583.0,15,3582.0,10
rb1805,20170816,20170815,210313000,3582.0,4086,187192,146448080.0,3583.0,9,3582.0,7
rb1805,20170816,20170815,210313500,3583.0,4088,187194,146519740.0,3583.0,8,3582.0,8
rb1805,20170816,20170815,210314000,3583.0,4090,187192,146591400.0,3583.0,5,3582.0,4
rb1805,20170816,20170815,210314500,3583.0,4090,187192,146591400.0,3583.0,5,3582.0,4
rb1805,20170816,20170815,210315000,3582.0,4096,187192,146806340.0,3583.0,4,3582.0,4
rb1805,20170816,20170815,210315500,3582.0,4096,187192,146806340.0,3583.0,2,3582.0,5
rb1805,20170816,20170815,210316000,3583.0,4098,187192,146878000.0,3583.0,1,3582.0,5
rb1805,20170816,20170815,210316500,3583.0,4100,187190,146949660.0,3584.0,37,3582.0,6
rb1805,20170816,20170815,210317000,3583.0,4102,187192,147021320.0,3584.0,38,3582.0,6
rb1805,20170816,20170815,210317500,3583.0,4102,187192,147021320.0,3583.0,2,3582.0,6
rb1805,20170816,20170815,210318000,3583.0,4102,187192,147021320.0,3583.0,2,3582.0,6
rb1805,20170816,20170815,210318500,3583.0,4106,187192,147164640.0,3583.0,2,3582.0,6
rb1805,20170816,20170815,210319000,3583.0,4106,187192,147164640.0,3583.0,2,3582.0,6
rb1805,20170816,20170815,210319500,3583.0,4106,187192,147164640.0,3583.0,5,3582.0,6
rb1805,20170816,20170815,210320000,3583.0,4110,187192,147307960.0,3583.0,3,3582.0,7
rb1805,20170816,20170815,210320500,3583.0,4112,187192,147379620.0,3583.0,2,3582.0,8
rb1805,20170816,20170815,210321000,3583.0,4112,187192,147379620.0,3583.0,3,3582.0,8
rb1805,20170816,20170815,210321500,3583.0,4116,187190,147522920.0,3583.0,3,3582.0,7
rb1805,20170816,20170815,210322000,3582.0,4118,187190,147594560.0,3583.0,3,3582.0,6
rb1805,20170816,20170815,210322500,3583.0,4130,187198,148024440.0,3583.0,3,3582.0,2
rb1805,20170816,20170815,210323000,3582.0,4134,187200,148167720.0,3582.0,2,3581.0,19
rb1805,20170816,20170815,210323500,3582.0,4134,187200,148167720.0,3582.0,5,3581.0,12
rb1805,20170816,20170815,210324000,3582.0,4136,187198,148239360.0,3582.0,4,3581.0,12
rb1805,20170816,20170815,210324500,3582.0,4136,187198,148239360.0,3582.0,4,3581.0,12
rb1805,20170816,20170815,210325000,3582.0,4136,187198,148239360.0,3582.0,4,3581.0,13
rb1805,20170816,20170815,210325500,3582.0,4136,187198,148239360.0,3582.0,3,3581.0,13
rb1805,20170816,20170815,210326500,3582.0,4136,187198,148239360.0,3582.0,3,3581.0,14
rb1805,20170816,20170815,210327000,3582.0,4138,187198,148311000.0,3582.0,2,3581.0,14
rb1805,20170816,20170815,210327500,3582.0,4142,187198,148454280.0,3583.0,4,3582.0,5
rb1805,20170816,20170815,210328000,3582.0,4152,187198,148812480.0,3583.0,4,3581.0,14
rb1805,20170816,20170815,210328500,3582.0,4152,187198,148812480.0,3582.0,1,3581.0,14
rb1805,20170816,20170815,210329000,3582.0,4158,187198,149027400.0,3583.0,2,3582.0,1
rb1805,20170816,20170815,210329500,3582.0,4158,187198,149027400.0,3583.0,2,3581.0,33
rb1805,20170816,20170815,210330000,3582.0,4158,187198,149027400.0,3583.0,3,3582.0,3
rb1805,20170816,20170815,210330500,3582.0,4158,187198,149027400.0,3583.0,3,3581.0,33
rb1805,20170816,20170815,210331000,3582.0,4158,187198,149027400.0,3583.0,7,3582.0,3
rb1805,20170816,20170815,210331500,3582.0,4158,187198,149027400.0,3583.0,7,3581.0,21
rb1805,20170816,20170815,210332000,3582.0,4158,187198,149027400.0,3582.0,1,3581.0,21
rb1805,20170816,20170815,210332500,3582.0,4160,187196,149099040.0,3583.0,6,3582.0,1
rb1805,20170816,20170815,210333000,3582.0,4160,187196,149099040.0,3583.0,7,3582.0,1
rb1805,20170816,20170815,210333500,3582.0,4160,187196,149099040.0,3583.0,7,3581.0,15
rb1805,20170816,20170815,210334000,3582.0,4160,187196,149099040.0,3582.0,1,3581.0,15
rb1805,20170816,20170815,210334500,3582.0,4162,187198,149170680.0,3583.0,7,3582.0,1
rb1805,20170816,20170815,210335000,3582.0,4162,187198,149170680.0,3583.0,6,3581.0,15
rb1805,20170816,20170815,210335500,3582.0,4162,187198,149170680.0,3583.0,6,3581.0,15
rb1805,20170816,20170815,210336500,3583.0,4164,187198,149242340.0,3583.0,5,3581.0,16
rb1805,20170816,20170815,210337000,3583.0,4164,187198,149242340.0,3583.0,5,3581.0,17
rb1805,20170816,20170815,210337500,3583.0,4164,187198,149242340.0,3583.0,5,3581.0,17
rb1805,20170816,20170815,210338000,3583.0,4182,187200,149887100.0,3584.0,39,3583.0,2
rb1805,20170816,20170815,210338500,3583.0,4190,187200,150173740.0,3583.0,9,3582.0,10
rb1805,20170816,20170815,210339000,3583.0,4190,187200,150173740.0,3583.0,8,3582.0,10
rb1805,20170816,20170815,210339500,3583.0,4190,187200,150173740.0,3583.0,6,3582.0,11
rb1805,20170816,20170815,210340000,3582.0,4194,187198,150317040.0,3583.0,4,3582.0,20
rb1805,20170816,20170815,210340500,3582.0,4194,187198,150317040.0,3583.0,3,3582.0,20
rb1805,20170816,20170815,210341000,3582.0,4194,187198,150317040.0,3583.0,5,3582.0,21
rb1805,20170816,20170815,210341500,3582.0,4194,187198,150317040.0,3583.0,6,3582.0,22
rb1805,20170816,20170815,210342000,3582.0,4204,187204,150675260.0,3583.0,5,3582.0,18
rb1805,20170816,20170815,210342500,3583.0,4206,187204,150746920.0,3583.0,5,3582.0,18
rb1805,20170816,20170815,210343000,3583.0,4212,187204,150961900.0,3583.0,2,3582.0,18
rb1805,20170816,20170815,210343500,3583.0,4216,187208,151105220.0,3584.0,39,3582.0,18
rb1805,20170816,20170815,210344000,3582.0,4218,187210,151176860.0,3583.0,4,3582.0,17
rb1805,20170816,20170815,210344500,3582.0,4218,187210,151176860.0,3583.0,1,3582.0,17
rb1805,20170816,20170815,210345000,3583.0,4220,187208,151248520.0,3583.0,5,3582.0,18
rb1805,20170816,20170815,210345500,3583.0,4222,187208,151320180.0,3583.0,4,3582.0,18
rb1805,20170816,20170815,210346000,3583.0,4222,187208,151320180.0,3583.0,4,3582.0,18
rb1805,20170816,20170815,210346500,3583.0,4230,187208,151606820.0,3584.0,40,3583.0,5
rb1805,20170816,20170815,210347000,3583.0,4230,187208,151606820.0,3584.0,41,3582.0,18
rb1805,20170816,20170815,210347500,3582.0,4232,187210,151678460.0,3584.0,40,3582.0,17
rb1805,20170816,20170815,210348000,3582.0,4232,187210,151678460.0,3584.0,50,3582.0,17
rb1805,20170816,20170815,210348500,3582.0,4232,187210,151678460.0,3584.0,51,3582.0,18
rb1805,20170816,20170815,210349000,3584.0,4234,187210,151750140.0,3584.0,50,3582.0,18
rb1805,20170816,20170815,210350000,3584.0,4234,187210,151750140.0,3584.0,49,3582.0,25
rb1805,20170816,20170815,210351000,3584.0,4234,187210,151750140.0,3584.0,49,3583.0,1
rb1805,20170816,20170815,210351500,3584.0,4234,187210,151750140.0,3584.0,49,3583.0,1
rb1805,20170816,20170815,210352000,3584.0,4234,187210,151750140.0,3584.0,49,3583.0,9
rb1805,20170816,20170815,210352500,3584.0,4234,187210,151750140.0,3584.0,49,3583.0,9
rb1805,20170816,20170815,210353000,3584.0,4234,187210,151750140.0,3584.0,50,3583.0,9
rb1805,20170816,20170815,210353500,3584.0,4234,187210,151750140.0,3584.0,50,3583.0,16
rb1805,20170816,20170815,210354000,3584.0,4236,187208,151821820.0,3584.0,49,3583.0,16
rb1805,20170816,20170815,210354500,3584.0,4236,187208,151821820.0,3584.0,51,3583.0,16
rb1805,20170816,20170815,210355000,3584.0,4236,187208,151821820.0,3584.0,51,3583.0,16
rb1805,20170816,20170815,210355500,3583.0,4268,187238,152968380.0,3583.0,34,3582.0,37
rb1805,20170816,20170815,210356000,3583.0,4288,187258,153684980.0,3583.0,24,3582.0,37
rb1805,20170816,20170815,210356500,3583.0,4292,187258,153828300.0,3583.0,22,3582.0,30
rb1805,20170816,20170815,210357000,3583.0,4292,187258,153828300.0,3583.0,22,3582.0,30
rb1805,20170816,20170815,210357500,3583.0,4292,187258,153828300.0,3583.0,23,3582.0,30
rb1805,20170816,20170815,210358000,3583.0,4292,187258,153828300.0,3583.0,23,3582.0,30
rb1805,20170816,20170815,210358500,3583.0,4304,187270,154258260.0,3583.0,26,3582.0,30
rb1805,20170816,20170815,210359000,3583.0,4304,187270,154258260.0,3583.0,33,3582.0,30
rb1805,20170816,20170815,210400000,3582.0,4306,187270,154329900.0,3583.0,33,3582.0,7
rb1805,20170816,20170815,210400500,3582.0,4334,187254,155332860.0,3583.0,33,3581.0,57
rb1805,20170816,20170815,210401000,3582.0,4334,187254,155332860.0,3583.0,33,3581.0,57
rb1805,20170816,20170815,210401500,3582.0,4334,187254,155332860.0,3583.0,33,3581.0,57
rb1805,20170816,20170815,210402000,3582.0,4334,187254,155332860.0,3583.0,34,3581.0,57
rb1805,20170816,20170815,210402500,3581.0,4336,187256,155404480.0,3582.0,6,3581.0,56
rb1805,20170816,20170815,210403000,3583.0,4350,187270,155905980.0,3583.0,25,3581.0,69
rb1805,20170816,20170815,210403500,3583.0,4350,187270,155905980.0,3583.0,25,3582.0,10
rb1805,20170816,20170815,210404000,3583.0,4350,187270,155905980.0,3583.0,25,3581.0,67
rb1805,20170816,20170815,210404500,3581.0,4352,187272,155977600.0,3583.0,25,3581.0,66
rb1805,20170816,20170815,210405000,3581.0,4352,187272,155977600.0,3583.0,25,3581.0,66
rb1805,20170816,20170815,210405500,3581.0,4352,187272,155977600.0,3583.0,25,3581.0,66
rb1805,20170816,20170815,210406000,3581.0,4352,187272,155977600.0,3583.0,25,3581.0,66
rb1805,20170816,20170815,210406500,3581.0,4352,187272,155977600.0,3583.0,25,3581.0,67
rb1805,20170816,20170815,210407000,3581.0,4354,187274,156049220.0,3583.0,25,3581.0,66
rb1805,20170816,20170815,210407500,3581.0,4354,187274,156049220.0,3583.0,27,3581.0,68
rb1805,20170816,20170815,210408000,3581.0,4354,187274,156049220.0,3582.0,9,3581.0,57
rb1805,20170816,20170815,210408500,3581.0,4364,187280,156407320.0,3582.0,6,3581.0,41
rb1805,20170816,20170815,210409000,3581.0,4366,187280,156478940.0,3582.0,20,3581.0,40
rb1805,20170816,20170815,210409500,3581.0,4376,187284,156837040.0,3582.0,20,3581.0,35
rb1805,20170816,20170815,210410000,3581.0,4376,187284,156837040.0,3582.0,20,3581.0,35
rb1805,20170816,20170815,210410500,3581.0,4376,187284,156837040.0,3582.0,21,3581.0,39
rb1805,20170816,20170815,210411000,3581.0,4376,187284,156837040.0,3582.0,21,3581.0,39
rb1805,20170816,20170815,210411500,3581.0,4378,187286,156908660.0,3582.0,21,3581.0,38
rb1805,20170816,20170815,210412000,3581.0,4378,187286,156908660.0,3582.0,21,3581.0,39
rb1805,20170816,20170815,210412500,3582.0,4380,187286,156980300.0,3582.0,20,3581.0,39
rb1805,20170816,20170815,210413000,3582.0,4382,187284,157051940.0,3582.0,19,3581.0,39
rb1805,20170816,20170815,210413500,3582.0,4384,187282,157123580.0,3582.0,18,3581.0,14
rb1805,20170816,20170815,210414000,3581.0,4386,187284,157195200.0,3582.0,17,3581.0,13
rb1805,20170816,20170815,210414500,3581.0,4386,187284,157195200.0,3582.0,18,3581.0,14
rb1805,20170816,20170815,210415000,3581.0,4416,187280,158269500.0,3581.0,4,3580.0,43
rb1805,20170816,20170815,210415500,3581.0,4416,187280,158269500.0,3581.0,4,3580.0,36
rb1805,20170816,20170815,210416000,3581.0,4416,187280,158269500.0,3581.0,4,3580.0,36
rb1805,20170816,20170815,210416500,3581.0,4420,187280,158412740.0,3581.0,2,3580.0,26
rb1805,20170816,20170815,210417000,3581.0,4420,187280,158412740.0,3581.0,2,3580.0,26
rb1805,20170816,20170815,210417500,3581.0,4420,187280,158412740.0,3581.0,9,3580.0,26
rb1805,20170816,20170815,210418000,3581.0,4420,187280,158412740.0,3581.0,12,3580.0,26
rb1805,20170816,20170815,210418500,3581.0,4424,187280,158555980.0,3581.0,10,3580.0,26
rb1805,20170816,20170815,210419000,3581.0,4424,187280,158555980.0,3581.0,11,3580.0,27
rb1805,20170816,20170815,210419500,3581.0,4424,187280,158555980.0,3581.0,23,3580.0,26
rb1805,20170816,20170815,210420000,3581.0,4424,187280,158555980.0,3581.0,23,3580.0,14
rb1805,20170816,20170815,210420500,3581.0,4424,187280,158555980.0,3581.0,23,3580.0,14
rb1805,20170816,20170815,210421000,3581.0,4424,187280,158555980.0,3581.0,23,3580.0,14
rb1805,20170816,20170815,210421500,3580.0,4436,187284,158985580.0,3581.0,21,3580.0,8
rb1805,20170816,20170815,210422000,3580.0,4436,187284,158985580.0,3581.0,21,3580.0,8
rb1805,20170816,20170815,210422500,3580.0,4454,187290,159629980.0,3580.0,22,3579.0,121
rb1805,20170816,20170815,210423000,3580.0,4454,187290,159629980.0,3580.0,10,3579.0,121
rb1805,20170816,20170815,210423500,3579.0,4468,187300,160131040.0,3580.0,10,3579.0,114
rb1805,20170816,20170815,210424000,3579.0,4480,187308,160560620.0,3580.0,14,3579.0,113
rb1805,20170816,20170815,210424500,3579.0,4480,187308,160560620.0,3580.0,14,3579.0,114
rb1805,20170816,20170815,210425000,3579.0,4494,187310,161061680.0,3580.0,14,3579.0,107
rb1805,20170816,20170815,210425500,3579.0,4504,187320,161419580.0,3580.0,14,3579.0,102
rb1805,20170816,20170815,210426000,3579.0,4506,187320,161491160.0,3580.0,14,3579.0,102
rb1805,20170816,20170815,210426500,3580.0,4510,187320,161634360.0,3580.0,12,3579.0,102
rb1805,20170816,20170815,210427000,3579.0,4512,187322,161705940.0,3580.0,12,3579.0,101
rb1805,20170816,20170815,210427500,3579.0,4512,187322,161705940.0,3580.0,13,3579.0,101
rb1805,20170816,20170815,210428000,3579.0,4516,187322,161849100.0,3580.0,13,3579.0,99
rb1805,20170816,20170815,210428500,3580.0,4542,187302,162779900.0,3581.0,13,3579.0,99
rb1805,20170816,20170815,210429000,3580.0,4544,187302,162851500.0,3581.0,16,3580.0,2
rb1805,20170816,20170815,210429500,3580.0,4550,187300,163066300.0,3580.0,2,3579.0,111
rb1805,20170816,20170815,210430000,3579.0,4552,187302,163137880.0,3580.0,13,3579.0,110
rb1805,20170816,20170815,210430500,3579.0,4552,187302,163137880.0,3580.0,12,3579.0,98
rb1805,20170816,20170815,210431000,3580.0,4554,187300,163209480.0,3580.0,11,3579.0,98
rb1805,20170816,20170815,210431500,3580.0,4554,187300,163209480.0,3580.0,11,3579.0,99
rb1805,20170816,20170815,210432000,3580.0,4554,187300,163209480.0,3580.0,26,3579.0,99
rb1805,20170816,20170815,210432500,3579.0,4740,187454,169866420.0,3580.0,33,3579.0,6
rb1805,20170816,20170815,210433000,3579.0,4758,187462,170510640.0,3579.0,36,3578.0,27
rb1805,20170816,20170815,210433500,3578.0,4774,187468,171083120.0,3579.0,33,3578.0,12
rb1805,20170816,20170815,210434000,3578.0,4798,187470,171941840.0,3578.0,16,3577.0,7
rb1805,20170816,20170815,210434500,3577.0,4808,187474,172299540.0,3578.0,12,3577.0,2
rb1805,20170816,20170815,210435000,3577.0,4814,187474,172514160.0,3577.0,7,3576.0,27
rb1805,20170816,20170815,210435500,3577.0,4832,187472,173157980.0,3577.0,10,3576.0,25
rb1805,20170816,20170815,210436000,3577.0,4832,187472,173157980.0,3577.0,10,3576.0,25
rb1805,20170816,20170815,210436500,3576.0,4836,187474,173301020.0,3577.0,10,3576.0,23
rb1805,20170816,20170815,210437000,3576.0,4864,187488,174302300.0,3577.0,10,3576.0,10
rb1805,20170816,20170815,210437500,3576.0,4880,187490,174874500.0,3577.0,8,3576.0,4
rb1805,20170816,20170815,210438000,3576.0,4904,187488,175732980.0,3578.0,22,3576.0,7
rb1805,20170816,20170815,210438500,3578.0,4908,187492,175876100.0,3578.0,20,3576.0,14
rb1805,20170816,20170815,210439000,3577.0,4910,187492,175947640.0,3578.0,20,3576.0,16
rb1805,20170816,20170815,210439500,3576.0,4912,187494,176019160.0,3578.0,20,3576.0,17
rb1805,20170816,20170815,210440000,3576.0,4912,187494,176019160.0,3578.0,20,3576.0,18
rb1805,20170816,20170815,210440500,3576.0,4934,187490,176805920.0,3578.0,19,3576.0,9
rb1805,20170816,20170815,210441000,3576.0,4936,187492,176877440.0,3577.0,3,3576.0,8
rb1805,20170816,20170815,210441500,3576.0,4954,187502,177521120.0,3576.0,13,3575.0,71
rb1805,20170816,20170815,210442000,3576.0,4954,187502,177521120.0,3576.0,11,3575.0,71
rb1805,20170816,20170815,210442500,3575.0,5000,187546,179165680.0,3576.0,8,3575.0,52
rb1805,20170816,20170815,210443000,3575.0,5010,187546,179523240.0,3576.0,6,3575.0,51
rb1805,20170816,20170815,210443500,3575.0,5014,187548,179666240.0,3576.0,7,3575.0,49
rb1805,20170816,20170815,210444000,3575.0,5016,187550,179737740.0,3576.0,7,3575.0,50
rb1805,20170816,20170815,210444500,3576.0,5022,187552,179952280.0,3576.0,9,3575.0,50
rb1805,20170816,20170815,210445000,3576.0,5034,187546,180381340.0,3576.0,8,3575.0,48
rb1805,20170816,20170815,210445500,3575.0,5044,187542,180738840.0,3576.0,8,3575.0,43
rb1805,20170816,20170815,210446000,3576.0,5048,187540,180881880.0,3576.0,6,3575.0,43
rb1805,20170816,20170815,210446500,3575.0,5118,187506,183384380.0,3576.0,13,3575.0,10
rb1805,20170816,20170815,210447000,3575.0,5138,187518,184099380.0,3575.0,6,3574.0,23
rb1805,20170816,20170815,210447500,3575.0,5140,187518,184170880.0,3576.0,24,3574.0,24
rb1805,20170816,20170815,210448000,3574.0,5142,187518,184242360.0,3575.0,12,3574.0,23
rb1805,20170816,20170815,210448500,3574.0,5224,187492,187172700.0,3574.0,1,3572.0,11
rb1805,20170816,20170815,210449000,3573.0,5276,187528,189030680.0,3574.0,11,3573.0,5
rb1805,20170816,20170815,210449500,3571.0,5332,187556,191030900.0,3573.0,21,3571.0,55
rb1805,20170816,20170815,210450000,3573.0,5400,187592,193459500.0,3573.0,29,3571.0,31
rb1805,20170816,20170815,210450500,3572.0,5428,187580,194459620.0,3572.0,6,3571.0,36
rb1805,20170816,20170815,210451000,3571.0,5450,187588,195245240.0,3572.0,15,3571.0,31
rb1805,20170816,20170815,210451500,3570.0,5558,187640,199101460.0,3571.0,16,3570.0,23
rb1805,20170816,20170815,210452000,3570.0,5736,187552,205453780.0,3572.0,21,3564.0,5
rb1805,20170816,20170815,210452500,3569.0,5840,187502,209161340.0,3570.0,1,3567.0,1
rb1805,20170816,20170815,210453000,3566.0,6076,187590,217567840.0,3566.0,1,3558.0,52
rb1805,20170816,20170815,210453500,3566.0,6134,187608,219634800.0,3566.0,39,3563.0,5
rb1805,20170816,20170815,210454000,3565.0,6272,187534,224556400.0,3570.0,28,3567.0,1
rb1805,20170816,20170815,210454500,3566.0,6524,187476,233537240.0,3569.0,1,3564.0,1
rb1805,20170816,20170815,210455000,3565.0,6530,187482,233751140.0,3567.0,2,3566.0,1
rb1805,20170816,20170815,210455500,3567.0,6578,187452,235463820.0,3569.0,3,3567.0,43
rb1805,20170816,20170815,210456000,3568.0,6602,187454,236320220.0,3569.0,5,3567.0,34
rb1805,20170816,20170815,210456500,3570.0,6644,187444,237819200.0,3570.0,12,3569.0,1
rb1805,20170816,20170815,210457000,3570.0,6652,187446,238104760.0,3570.0,12,3569.0,2
rb1805,20170816,20170815,210457500,3568.0,6662,187448,238461660.0,3570.0,17,3568.0,42
rb1805,20170816,20170815,210458000,3568.0,6686,187442,239318340.0,3570.0,10,3568.0,49
rb1805,20170816,20170815,210458500,3570.0,6740,187424,241246460.0,3572.0,18,3570.0,9
rb1805,20170816,20170815,210459000,3570.0,6746,187422,241460660.0,3572.0,19,3570.0,7
rb1805,20170816,20170815,210459500,3569.0,6762,187418,242031840.0,3571.0,9,3570.0,1
rb1805,20170816,20170815,210500000,3570.0,6770,187416,242317420.0,3570.0,7,3569.0,14
rb1805,20170816,20170815,210500500,3570.0,6786,187418,242888620.0,3571.0,17,3570.0,7
rb1805,20170816,20170815,210501000,3570.0,6812,187426,243816820.0,3571.0,18,3570.0,16
rb1805,20170816,20170815,210501500,3571.0,6850,187408,245173800.0,3572.0,20,3571.0,1
rb1805,20170816,20170815,210502000,3569.0,6916,187388,247530020.0,3570.0,6,3569.0,20
rb1805,20170816,20170815,210502500,3571.0,6984,187360,249958600.0,3573.0,36,3571.0,5
rb1805,20170816,20170815,210503000,3573.0,6986,187362,250030060.0,3573.0,38,3571.0,5
rb1805,20170816,20170815,210503500,3571.0,6994,187362,250315780.0,3572.0,1,3571.0,3
rb1805,20170816,20170815,210504000,3572.0,6996,187360,250387220.0,3573.0,35,3571.0,7
rb1805,20170816,20170815,210504500,3571.0,7004,187356,250672900.0,3573.0,35,3572.0,1
rb1805,20170816,20170815,210505000,3572.0,7020,187358,251244360.0,3573.0,35,3570.0,22
rb1805,20170816,20170815,210505500,3572.0,7020,187358,251244360.0,3573.0,39,3571.0,5
rb1805,20170816,20170815,210506000,3573.0,7030,187362,251601660.0,3573.0,32,3571.0,6
rb1805,20170816,20170815,210506500,3571.0,7076,187386,253245120.0,3572.0,1,3571.0,3
rb1805,20170816,20170815,210507000,3573.0,7090,187398,253745320.0,3574.0,15,3573.0,1
rb1805,20170816,20170815,210507500,3573.0,7092,187398,253816780.0,3573.0,12,3572.0,1
rb1805,20170816,20170815,210508000,3573.0,7092,187398,253816780.0,3574.0,28,3571.0,15
rb1805,20170816,20170815,210508500,3571.0,7118,187376,254745240.0,3572.0,3,3571.0,10
rb1805,20170816,20170815,210509000,3571.0,7172,187348,256674200.0,3574.0,13,3571.0,8
rb1805,20170816,20170815,210509500,3571.0,7172,187348,256674200.0,3574.0,59,3572.0,1
rb1805,20170816,20170815,210510000,3572.0,7174,187348,256745640.0,3572.0,9,3571.0,8
rb1805,20170816,20170815,210510500,3572.0,7194,187352,257460040.0,3573.0,7,3571.0,10
rb1805,20170816,20170815,210511000,3573.0,7196,187354,257531500.0,3573.0,6,3571.0,10
rb1805,20170816,20170815,210511500,3573.0,7196,187354,257531500.0,3573.0,6,3571.0,10
rb1805,20170816,20170815,210512000,3571.0,7210,187362,258031680.0,3574.0,69,3573.0,1
rb1805,20170816,20170815,210512500,3573.0,7212,187362,258103140.0,3573.0,25,3572.0,1
rb1805,20170816,20170815,210513000,3573.0,7234,187358,258889200.0,3573.0,10,3572.0,1
rb1805,20170816,20170815,210513500,3572.0,7236,187360,258960640.0,3573.0,10,3571.0,12
rb1805,20170816,20170815,210514000,3573.0,7242,187360,259175020.0,3573.0,7,3571.0,13
rb1805,20170816,20170815,210514500,3573.0,7246,187360,259317900.0,3573.0,6,3571.0,13
rb1805,20170816,20170815,210515000,3572.0,7254,187360,259603660.0,3572.0,6,3571.0,14
rb1805,20170816,20170815,210515500,3571.0,7262,187368,259889340.0,3572.0,6,3571.0,10
rb1805,20170816,20170815,210516000,3571.0,7288,187362,260817800.0,3571.0,3,3570.0,44
rb1805,20170816,20170815,210516500,3571.0,7288,187362,260817800.0,3571.0,11,3570.0,38
rb1805,20170816,20170815,210517000,3571.0,7290,187364,260889220.0,3571.0,10,3570.0,31
rb1805,20170816,20170815,210517500,3572.0,7350,187370,263032220.0,3573.0,12,3572.0,21
rb1805,20170816,20170815,210518000,3572.0,7394,187394,264603900.0,3572.0,12,3570.0,35
rb1805,20170816,20170815,210518500,3572.0,7400,187394,264818220.0,3572.0,2,3570.0,32
rb1805,20170816,20170815,210519000,3572.0,7400,187394,264818220.0,3572.0,35,3571.0,5
rb1805,20170816,20170815,210519500,3570.0,7474,187394,267460120.0,3571.0,16,3570.0,50
rb1805,20170816,20170815,210520000,3570.0,7574,187494,271030120.0,3570.0,2,3569.0,20
rb1805,20170816,20170815,210520500,3569.0,7594,187512,271743940.0,3570.0,2,3569.0,11
rb1805,20170816,20170815,210521000,3569.0,7606,187510,272172240.0,3570.0,1,3569.0,6
rb1805,20170816,20170815,210521500,3570.0,7622,187506,272743320.0,3571.0,8,3569.0,1
rb1805,20170816,20170815,210522000,3570.0,7630,187512,273028900.0,3570.0,6,3568.0,106
rb1805,20170816,20170815,210522500,3570.0,7642,187514,273457300.0,3571.0,25,3568.0,109
rb1805,20170816,20170815,210523000,3571.0,7646,187518,273600120.0,3571.0,24,3569.0,5
rb1805,20170816,20170815,210523500,3571.0,7646,187518,273600120.0,3570.0,79,3569.0,2
rb1805,20170816,20170815,210524000,3570.0,7652,187520,273814280.0,3570.0,77,3568.0,109
rb1805,20170816,20170815,210524500,3569.0,7654,187522,273885660.0,3570.0,77,3568.0,109
rb1805,20170816,20170815,210525000,3569.0,7670,187522,274456720.0,3569.0,10,3568.0,110
rb1805,20170816,20170815,210525500,3570.0,7696,187514,275384700.0,3570.0,80,3568.0,103
rb1805,20170816,20170815,210526000,3569.0,7700,187514,275527460.0,3569.0,1,3568.0,103
rb1805,20170816,20170815,210526500,3569.0,7700,187514,275527460.0,3569.0,6,3568.0,105
rb1805,20170816,20170815,210527000,3569.0,7772,187518,278096720.0,3570.0,69,3568.0,79
rb1805,20170816,20170815,210527500,3568.0,7902,187578,282735120.0,3569.0,17,3568.0,15
rb1805,20170816,20170815,210528000,3568.0,8020,187542,286944520.0,3568.0,66,3566.0,21
rb1805,20170816,20170815,210528500,3566.0,8156,187546,291793720.0,3566.0,3,3565.0,6
rb1805,20170816,20170815,210529000,3565.0,8160,187548,291936320.0,3566.0,4,3565.0,4
rb1805,20170816,20170815,210529500,3567.0,8238,187534,294717960.0,3567.0,2,3565.0,16
rb1805,20170816,20170815,210530000,3565.0,8248,187540,295074500.0,3567.0,1,3565.0,15
rb1805,20170816,20170815,210530500,3565.0,8262,187528,295573600.0,3567.0,8,3566.0,2
rb1805,20170816,20170815,210531000,3566.0,8272,187532,295930180.0,3566.0,4,3565.0,1
rb1805,20170816,20170815,210531500,3566.0,8272,187532,295930180.0,3566.0,5,3565.0,5
rb1805,20170816,20170815,210532000,3566.0,8280,187540,296215400.0,3566.0,4,3565.0,9
rb1805,20170816,20170815,210532500,3566.0,8282,187540,296286720.0,3566.0,17,3565.0,13
rb1805,20170816,20170815,210533000,3565.0,8292,187538,296643280.0,3566.0,14,3565.0,11
rb1805,20170816,20170815,210533500,3565.0,8308,187528,297213760.0,3566.0,6,3565.0,13
rb1805,20170816,20170815,210534000,3565.0,8324,187530,297784200.0,3566.0,3,3565.0,3
rb1805,20170816,20170815,210534500,3565.0,8336,187538,298212020.0,3566.0,11,3565.0,7
rb1805,20170816,20170815,210535000,3565.0,8358,187534,298996360.0,3565.0,16,3564.0,21
rb1805,20170816,20170815,210535500,3563.0,8474,187518,303131040.0,3563.0,158,3562.0,4
rb1805,20170816,20170815,210536000,3562.0,8800,187792,314746320.0,3564.0,1,3562.0,7
rb1805,20170816,20170815,210536500,3564.0,8836,187808,316029340.0,3565.0,30,3564.0,3
rb1805,20170816,20170815,210537000,3563.0,8854,187826,316670760.0,3564.0,7,3563.0,11
rb1805,20170816,20170815,210537500,3563.0,8858,187826,316813300.0,3564.0,2,3563.0,10
rb1805,20170816,20170815,210538000,3563.0,8882,187848,317668420.0,3564.0,2,3563.0,6
rb1805,20170816,20170815,210538500,3564.0,8920,187880,319022400.0,3563.0,2,3562.0,8
rb1805,20170816,20170815,210539000,3565.0,8942,187890,319806300.0,3565.0,53,3564.0,12
rb1805,20170816,20170815,210539500,3564.0,8988,187886,321445660.0,3564.0,8,3563.0,15
rb1805,20170816,20170815,210540000,3564.0,9054,187914,323797500.0,3565.0,58,3562.0,17
rb1805,20170816,20170815,210540500,3563.0,9074,187912,324510100.0,3564.0,1,3563.0,8
rb1805,20170816,20170815,210541000,3563.0,9132,187904,326576720.0,3564.0,1,3562.0,13
rb1805,20170816,20170815,210541500,3563.0,9140,187906,326861800.0,3565.0,67,3562.0,15
rb1805,20170816,20170815,210542000,3562.0,9166,187912,327788060.0,3565.0,66,3563.0,5
rb1805,20170816,20170815,210542500,3563.0,9338,188064,333919900.0,3566.0,2,3563.0,1
rb1805,20170816,20170815,210543000,3564.0,9340,188064,333991180.0,3566.0,2,3564.0,8
rb1805,20170816,20170815,210543500,3563.0,9374,188080,335202700.0,3563.0,15,3562.0,19
rb1805,20170816,20170815,210544000,3564.0,9412,188118,336556720.0,3566.0,19,3564.0,1
rb1805,20170816,20170815,210544500,3565.0,9424,188118,336984520.0,3565.0,3,3564.0,6
rb1805,20170816,20170815,210545000,3564.0,9428,188118,337127080.0,3566.0,18,3564.0,4
rb1805,20170816,20170815,210545500,3565.0,9430,188118,337198380.0,3565.0,2,3564.0,5
rb1805,20170816,20170815,210546000,3564.0,9438,188120,337483580.0,3565.0,1,3564.0,4
rb1805,20170816,20170815,210546500,3565.0,9446,188118,337768780.0,3566.0,14,3564.0,15
rb1805,20170816,20170815,210547000,3564.0,9456,188126,338125260.0,3566.0,13,3564.0,12
rb1805,20170816,20170815,210547500,3564.0,9456,188126,338125260.0,3566.0,13,3564.0,12
rb1805,20170816,20170815,210548000,3564.0,9460,188128,338267820.0,3566.0,14,3564.0,10
rb1805,20170816,20170815,210548500,3564.0,9484,188152,339123180.0,3564.0,19,3563.0,42
rb1805,20170816,20170815,210549000,3565.0,9538,188200,341047780.0,3565.0,1,3564.0,38
rb1805,20170816,20170815,210549500,3565.0,9538,188200,341047780.0,3564.0,8,3563.0,43
rb1805,20170816,20170815,210550000,3564.0,9566,188176,342045780.0,3565.0,6,3564.0,11
rb1805,20170816,20170815,210550500,3564.0,9584,188160,342687300.0,3565.0,6,3564.0,4
rb1805,20170816,20170815,210551000,3565.0,9596,188162,343115100.0,3566.0,14,3565.0,6
rb1805,20170816,20170815,210551500,3565.0,9610,188160,343614200.0,3566.0,22,3565.0,1
rb1805,20170816,20170815,210552000,3563.0,9622,188166,344041880.0,3565.0,4,3563.0,48
rb1805,20170816,20170815,210552500,3565.0,9636,188172,344540900.0,3565.0,1,3564.0,3
rb1805,20170816,20170815,210553000,3565.0,9640,188174,344683500.0,3565.0,1,3564.0,3
rb1805,20170816,20170815,210553500,3564.0,9650,188180,345039920.0,3565.0,2,3563.0,47
rb1805,20170816,20170815,210554000,3566.0,9666,188174,345610340.0,3566.0,11,3563.0,36
rb1805,20170816,20170815,210554500,3566.0,9676,188170,345966940.0,3565.0,12,3564.0,1
rb1805,20170816,20170815,210555000,3563.0,9680,188172,346109480.0,3564.0,1,3563.0,35
rb1805,20170816,20170815,210555500,3565.0,9742,188172,348319760.0,3566.0,29,3565.0,9
rb1805,20170816,20170815,210556000,3565.0,9770,188188,349317880.0,3565.0,24,3564.0,1
rb1805,20170816,20170815,210556500,3565.0,9770,188188,349317880.0,3565.0,11,3564.0,1
rb1805,20170816,20170815,210557000,3564.0,9778,188196,349603000.0,3565.0,24,3564.0,2
rb1805,20170816,20170815,210557500,3564.0,9782,188200,349745560.0,3564.0,2,3563.0,40
rb1805,20170816,20170815,210558000,3564.0,9784,188202,349816840.0,3565.0,31,3564.0,3
rb1805,20170816,20170815,210558500,3564.0,9814,188216,350886040.0,3564.0,18,3563.0,45
rb1805,20170816,20170815,210559000,3564.0,9814,188216,350886040.0,3564.0,213,3563.0,40
rb1805,20170816,20170815,210559500,3564.0,9820,188222,351099840.0,3564.0,211,3563.0,38
rb1805,20170816,20170815,210600000,3564.0,9830,188232,351456240.0,3564.0,210,3563.0,38
rb1805,20170816,20170815,210600500,3564.0,9834,188236,351598800.0,3564.0,208,3563.0,44
rb1805,20170816,20170815,210601000,3563.0,9910,188270,354306820.0,3564.0,209,3563.0,13
rb1805,20170816,20170815,210601500,3563.0,9942,188288,355446980.0,3563.0,7,3562.0,57
rb1805,20170816,20170815,210602000,3563.0,9952,188294,355803240.0,3563.0,15,3562.0,51
rb1805,20170816,20170815,210602500,3563.0,9970,188300,356444580.0,3563.0,6,3562.0,51
rb1805,20170816,20170815,210603000,3563.0,9974,188296,356587100.0,3563.0,5,3562.0,51
rb1805,20170816,20170815,210603500,3563.0,9974,188296,356587100.0,3563.0,5,3562.0,51
rb1805,20170816,20170815,210604000,3563.0,9976,188294,356658360.0,3563.0,4,3562.0,51
rb1805,20170816,20170815,210604500,3562.0,9984,188296,356943320.0,3563.0,76,3562.0,47
rb1805,20170816,20170815,210605000,3563.0,9996,188300,357370820.0,3563.0,73,3562.0,46
rb1805,20170816,20170815,210605500,3563.0,10060,188256,359651120.0,3563.0,42,3562.0,46
rb1805,20170816,20170815,210606000,3562.0,10072,188252,360078600.0,3563.0,40,3562.0,46
rb1805,20170816,20170815,210606500,3562.0,10074,188252,360149840.0,3563.0,40,3562.0,47
rb1805,20170816,20170815,210607000,3563.0,10082,188250,360434860.0,3563.0,49,3562.0,46
rb1805,20170816,20170815,210607500,3563.0,10144,188296,362643360.0,3563.0,46,3562.0,18
rb1805,20170816,20170815,210608000,3562.0,10206,188284,364851740.0,3562.0,7,3561.0,33
rb1805,20170816,20170815,210608500,3563.0,10228,188278,365635460.0,3563.0,42,3561.0,33
rb1805,20170816,20170815,210609000,3562.0,10236,188276,365920460.0,3562.0,2,3561.0,33
rb1805,20170816,20170815,210609500,3562.0,10238,188276,365991700.0,3562.0,2,3561.0,34
rb1805,20170816,20170815,210610000,3562.0,10258,188296,366704100.0,3563.0,40,3561.0,34
rb1805,20170816,20170815,210610500,3562.0,10258,188296,366704100.0,3563.0,41,3561.0,34
rb1805,20170816,20170815,210611000,3562.0,10258,188296,366704100.0,3563.0,41,3562.0,2
rb1805,20170816,20170815,210611500,3562.0,10258,188296,366704100.0,3563.0,34,3562.0,12
rb1805,20170816,20170815,210612000,3562.0,10262,188294,366846580.0,3563.0,36,3562.0,18
rb1805,20170816,20170815,210612500,3562.0,10262,188294,366846580.0,3563.0,36,3562.0,36
rb1805,20170816,20170815,210613000,3563.0,10334,188236,369411940.0,3564.0,232,3563.0,41
rb1805,20170816,20170815,210613500,3563.0,10336,188234,369483200.0,3564.0,225,3563.0,48
rb1805,20170816,20170815,210614000,3563.0,10336,188234,369483200.0,3564.0,225,3563.0,49
rb1805,20170816,20170815,210614500,3563.0,10336,188234,369483200.0,3564.0,232,3563.0,49
rb1805,20170816,20170815,210615000,3563.0,10346,188236,369839520.0,3564.0,232,3563.0,46
rb1805,20170816,20170815,210615500,3564.0,10366,188238,370552320.0,3564.0,219,3563.0,47
rb1805,20170816,20170815,210616000,3564.0,10390,188238,371407680.0,3564.0,207,3563.0,47
rb1805,20170816,20170815,210616500,3564.0,10414,188246,372263040.0,3564.0,195,3563.0,66
rb1805,20170816,20170815,210617000,3564.0,10432,188254,372904560.0,3564.0,182,3563.0,68
rb1805,20170816,20170815,210617500,3563.0,10572,188168,377892760.0,3563.0,1,3562.0,26
rb1805,20170816,20170815,210618000,3563.0,10576,188166,378035280.0,3564.0,192,3562.0,21
rb1805,20170816,20170815,210618500,3563.0,10576,188166,378035280.0,3564.0,192,3563.0,6
rb1805,20170816,20170815,210619000,3564.0,10598,188164,378819240.0,3564.0,187,3562.0,22
rb1805,20170816,20170815,210619500,3564.0,10600,188164,378890520.0,3564.0,179,3563.0,1
rb1805,20170816,20170815,210620000,3564.0,10600,188164,378890520.0,3564.0,179,3563.0,3
rb1805,20170816,20170815,210620500,3564.0,10608,188164,379175640.0,3564.0,172,3563.0,3
rb1805,20170816,20170815,210621000,3564.0,10644,188164,380458680.0,3564.0,154,3563.0,3
rb1805,20170816,20170815,210621500,3564.0,10686,188164,381955560.0,3564.0,133,3563.0,14
rb1805,20170816,20170815,210622000,3564.0,10730,188208,383523720.0,3564.0,111,3563.0,13
rb1805,20170816,20170815,210622500,3564.0,10750,188222,384236520.0,3564.0,101,3563.0,19
rb1805,20170816,20170815,210623000,3564.0,10756,188224,384450360.0,3564.0,98,3563.0,20
rb1805,20170816,20170815,210623500,3564.0,10762,188224,384664200.0,3564.0,97,3563.0,26
rb1805,20170816,20170815,210624000,3564.0,10766,188226,384806760.0,3564.0,95,3563.0,26
rb1805,20170816,20170815,210624500,3564.0,10766,188226,384806760.0,3564.0,95,3563.0,26
rb1805,20170816,20170815,210625000,3564.0,10770,188226,384949320.0,3564.0,93,3563.0,20
rb1805,20170816,20170815,210625500,3564.0,10804,188254,386161080.0,3564.0,76,3563.0,28
rb1805,20170816,20170815,210626000,3563.0,10824,188258,386873680.0,3564.0,77,3563.0,19
rb1805,20170816,20170815,210626500,3564.0,10830,188262,387087480.0,3564.0,76,3563.0,32
rb1805,20170816,20170815,210627000,3564.0,10832,188264,387158760.0,3564.0,75,3563.0,37
rb1805,20170816,20170815,210627500,3564.0,10882,188294,388940760.0,3564.0,50,3563.0,44
rb1805,20170816,20170815,210628000,3564.0,10982,188236,392504760.0,3565.0,41,3564.0,8
rb1805,20170816,20170815,210628500,3565.0,10990,188244,392789960.0,3565.0,43,3564.0,15
rb1805,20170816,20170815,210629000,3565.0,10994,188244,392932560.0,3565.0,35,3564.0,8
rb1805,20170816,20170815,210629500,3565.0,10994,188244,392932560.0,3565.0,38,3564.0,9
rb1805,20170816,20170815,210630000,3564.0,11004,188244,393288980.0,3565.0,37,3564.0,5
rb1805,20170816,20170815,210630500,3565.0,11032,188268,394287180.0,3565.0,17,3564.0,17
rb1805,20170816,20170815,210631000,3565.0,11066,188266,395499280.0,3566.0,21,3565.0,8
rb1805,20170816,20170815,210631500,3564.0,11070,188270,395641860.0,3566.0,20,3565.0,1
rb1805,20170816,20170815,210632000,3564.0,11070,188270,395641860.0,3566.0,26,3565.0,1
rb1805,20170816,20170815,210632500,3566.0,11272,188212,402849280.0,3570.0,1,3565.0,4
rb1805,20170816,20170815,210633000,3566.0,11292,188212,403562480.0,3568.0,7,3566.0,15
rb1805,20170816,20170815,210633500,3568.0,11346,188168,405488440.0,3569.0,8,3567.0,1
rb1805,20170816,20170815,210634000,3567.0,11350,188170,405631120.0,3567.0,2,3565.0,14
rb1805,20170816,20170815,210634500,3566.0,11356,188174,405845120.0,3568.0,7,3566.0,5
rb1805,20170816,20170815,210635000,3566.0,11358,188174,405916440.0,3567.0,6,3566.0,5
rb1805,20170816,20170815,210635500,3566.0,11368,188174,406273040.0,3567.0,7,3566.0,9
rb1805,20170816,20170815,210636000,3568.0,11388,188170,406986500.0,3568.0,4,3567.0,1
rb1805,20170816,20170815,210636500,3566.0,11410,188166,407771040.0,3567.0,7,3565.0,17
rb1805,20170816,20170815,210637000,3567.0,11422,188170,408199020.0,3568.0,17,3565.0,17
rb1805,20170816,20170815,210637500,3567.0,11424,188170,408270360.0,3567.0,7,3566.0,1
rb1805,20170816,20170815,210638000,3567.0,11442,188172,408912440.0,3568.0,34,3567.0,2
rb1805,20170816,20170815,210638500,3567.0,11450,188172,409197800.0,3567.0,2,3566.0,2
rb1805,20170816,20170815,210639000,3568.0,11458,188176,409483180.0,3568.0,15,3566.0,2
rb1805,20170816,20170815,210639500,3568.0,11458,188176,409483180.0,3568.0,17,3567.0,1
rb1805,20170816,20170815,210640000,3567.0,11460,188176,409554520.0,3568.0,16,3566.0,3
rb1805,20170816,20170815,210640500,3567.0,11460,188176,409554520.0,3568.0,16,3567.0,5
rb1805,20170816,20170815,210641000,3567.0,11470,188166,409911220.0,3568.0,15,3567.0,1
rb1805,20170816,20170815,210641500,3568.0,11472,188166,409982580.0,3568.0,16,3567.0,2
rb1805,20170816,20170815,210642000,3567.0,11484,188154,410410620.0,3568.0,27,3566.0,14
rb1805,20170816,20170815,210642500,3567.0,11486,188152,410481960.0,3568.0,26,3566.0,14
rb1805,20170816,20170815,210643000,3566.0,11488,188152,410553280.0,3568.0,27,3566.0,13
rb1805,20170816,20170815,210643500,3567.0,11492,188150,410695940.0,3567.0,1,3566.0,12
rb1805,20170816,20170815,210644000,3568.0,11546,188152,412622620.0,3569.0,45,3568.0,6
rb1805,20170816,20170815,210644500,3566.0,11562,188160,413193440.0,3567.0,1,3566.0,14
rb1805,20170816,20170815,210645000,3568.0,11578,188154,413764240.0,3568.0,3,3567.0,1
rb1805,20170816,20170815,210645500,3568.0,11584,188150,413978300.0,3568.0,4,3566.0,11
rb1805,20170816,20170815,210646000,3568.0,11588,188146,414121020.0,3568.0,21,3567.0,1
rb1805,20170816,20170815,210646500,3567.0,11590,188146,414192360.0,3568.0,150,3566.0,11
rb1805,20170816,20170815,210647000,3568.0,11592,188144,414263720.0,3568.0,149,3567.0,1
rb1805,20170816,20170815,210647500,3567.0,11622,188124,415334080.0,3568.0,136,3566.0,6
rb1805,20170816,20170815,210648000,3567.0,11622,188124,415334080.0,3568.0,145,3566.0,7
rb1805,20170816,20170815,210648500,3566.0,11624,188122,415405400.0,3567.0,38,3566.0,6
rb1805,20170816,20170815,210649000,3566.0,11636,188118,415833320.0,3567.0,38,3565.0,28
rb1805,20170816,20170815,210649500,3567.0,11644,188116,416118640.0,3566.0,1,3565.0,37
rb1805,20170816,20170815,210650000,3566.0,11646,188116,416189960.0,3567.0,35,3566.0,4
rb1805,20170816,20170815,210650500,3567.0,11650,188116,416332620.0,3567.0,34,3566.0,7
rb1805,20170816,20170815,210651000,3566.0,11664,188114,416831860.0,3566.0,1,3565.0,38
rb1805,20170816,20170815,210651500,3567.0,11668,188112,416974520.0,3567.0,33,3566.0,2
rb1805,20170816,20170815,210652000,3568.0,11770,188012,420613220.0,3569.0,154,3568.0,4
rb1805,20170816,20170815,210652500,3567.0,11780,188006,420970000.0,3568.0,11,3567.0,1
rb1805,20170816,20170815,210653000,3567.0,11788,188014,421255360.0,3568.0,7,3565.0,38
rb1805,20170816,20170815,210653500,3567.0,11788,188014,421255360.0,3568.0,17,3566.0,10
rb1805,20170816,20170815,210654000,3567.0,11788,188014,421255360.0,3568.0,25,3566.0,10
rb1805,20170816,20170815,210654500,3567.0,11788,188014,421255360.0,3567.0,1,3566.0,10
rb1805,20170816,20170815,210655000,3568.0,11800,188006,421683500.0,3568.0,18,3567.0,2
rb1805,20170816,20170815,210655500,3568.0,11800,188006,421683500.0,3568.0,4,3566.0,10
rb1805,20170816,20170815,210656000,3567.0,11804,188010,421826180.0,3568.0,8,3567.0,4
rb1805,20170816,20170815,210656500,3567.0,11804,188010,421826180.0,3568.0,8,3567.0,4
rb1805,20170816,20170815,210657000,3567.0,11804,188010,421826180.0,3568.0,21,3567.0,4
rb1805,20170816,20170815,210657500,3567.0,11806,188010,421897520.0,3568.0,22,3567.0,3
rb1805,20170816,20170815,210658000,3567.0,11812,188014,422111540.0,3568.0,23,3566.0,26
rb1805,20170816,20170815,210658500,3568.0,11814,188014,422182900.0,3568.0,24,3566.0,27
rb1805,20170816,20170815,210659000,3568.0,11816,188014,422254260.0,3568.0,23,3566.0,27
rb1805,20170816,20170815,210659500,3568.0,11816,188014,422254260.0,3568.0,23,3566.0,33
rb1805,20170816,20170815,210700000,3568.0,11816,188014,422254260.0,3568.0,28,3567.0,7
rb1805,20170816,20170815,210700500,3567.0,11828,188006,422682300.0,3568.0,31,3567.0,1
rb1805,20170816,20170815,210701000,3567.0,11828,188006,422682300.0,3568.0,30,3567.0,2
rb1805,20170816,20170815,210701500,3568.0,11830,188008,422753660.0,3568.0,29,3567.0,3
rb1805,20170816,20170815,210702000,3568.0,11830,188008,422753660.0,3568.0,29,3567.0,6
rb1805,20170816,20170815,210702500,3568.0,11830,188008,422753660.0,3568.0,29,3567.0,6
rb1805,20170816,20170815,210703000,3568.0,11832,188008,422825020.0,3568.0,28,3567.0,3
rb1805,20170816,20170815,210703500,3568.0,11840,188006,423110400.0,3568.0,27,3567.0,1
rb1805,20170816,20170815,210704000,3567.0,11842,188006,423181740.0,3568.0,27,3566.0,53
rb1805,20170816,20170815,210704500,3567.0,11842,188006,423181740.0,3568.0,28,3567.0,1
rb1805,20170816,20170815,210705000,3567.0,11844,188004,423253080.0,3568.0,28,3566.0,52
rb1805,20170816,20170815,210705500,3568.0,11920,188030,425964760.0,3569.0,157,3568.0,62
rb1805,20170816,20170815,210706000,3568.0,12046,188116,430460440.0,3568.0,13,3567.0,3
rb1805,20170816,20170815,210706500,3568.0,12046,188116,430460440.0,3568.0,5,3567.0,4
rb1805,20170816,20170815,210707000,3568.0,12048,188116,430531800.0,3568.0,9,3567.0,5
rb1805,20170816,20170815,210707500,3568.0,12050,188114,430603160.0,3568.0,8,3567.0,5
rb1805,20170816,20170815,210708000,3567.0,12060,188108,430959860.0,3567.0,5,3566.0,43
rb1805,20170816,20170815,210708500,3567.0,12064,188104,431102540.0,3568.0,9,3566.0,37
rb1805,20170816,20170815,210709000,3567.0,12064,188104,431102540.0,3568.0,9,3566.0,38
rb1805,20170816,20170815,210709500,3568.0,12068,188104,431245260.0,3568.0,13,3566.0,38
rb1805,20170816,20170815,210710000,3568.0,12072,188106,431387980.0,3568.0,11,3567.0,6
rb1805,20170816,20170815,210710500,3567.0,12084,188096,431816020.0,3568.0,11,3566.0,40
rb1805,20170816,20170815,210711000,3567.0,12084,188096,431816020.0,3568.0,11,3566.0,40
rb1805,20170816,20170815,210711500,3567.0,12084,188096,431816020.0,3567.0,8,3566.0,41
rb1805,20170816,20170815,210712000,3567.0,12086,188098,431887360.0,3567.0,7,3566.0,50
rb1805,20170816,20170815,210712500,3567.0,12090,188102,432030040.0,3567.0,6,3566.0,41
rb1805,20170816,20170815,210713000,3567.0,12090,188102,432030040.0,3567.0,7,3566.0,34
rb1805,20170816,20170815,210713500,3567.0,12090,188102,432030040.0,3567.0,7,3566.0,31
rb1805,20170816,20170815,210714000,3566.0,12092,188100,432101360.0,3567.0,7,3566.0,30
rb1805,20170816,20170815,210714500,3566.0,12144,188124,433955680.0,3567.0,7,3566.0,4
rb1805,20170816,20170815,210715000,3566.0,12156,188128,434383600.0,3566.0,1,3565.0,42
rb1805,20170816,20170815,210715500,3566.0,12156,188128,434383600.0,3566.0,6,3565.0,39
rb1805,20170816,20170815,210716000,3566.0,12156,188128,434383600.0,3566.0,13,3565.0,30
rb1805,20170816,20170815,210716500,3566.0,12156,188128,434383600.0,3566.0,13,3565.0,30
rb1805,20170816,20170815,210717000,3566.0,12158,188128,434454920.0,3566.0,13,3565.0,30
rb1805,20170816,20170815,210717500,3566.0,12162,188132,434597560.0,3566.0,11,3565.0,32
rb1805,20170816,20170815,210718000,3566.0,12228,188116,436950480.0,3566.0,11,3564.0,23
rb1805,20170816,20170815,210718500,3566.0,12230,188116,437021800.0,3566.0,10,3565.0,2
rb1805,20170816,20170815,210719000,3565.0,12234,188116,437164400.0,3565.0,2,3564.0,23
rb1805,20170816,20170815,210719500,3564.0,12242,188114,437449520.0,3565.0,2,3564.0,10
rb1805,20170816,20170815,210720000,3564.0,12246,188114,437592080.0,3565.0,6,3564.0,8
rb1805,20170816,20170815,210720500,3564.0,12312,188084,439945380.0,3566.0,8,3564.0,15
rb1805,20170816,20170815,210721000,3564.0,12312,188084,439945380.0,3565.0,4,3564.0,6
rb1805,20170816,20170815,210721500,3564.0,12324,188080,440373060.0,3564.0,5,3563.0,42
rb1805,20170816,20170815,210722000,3564.0,12356,188070,441513540.0,3565.0,7,3564.0,4
rb1805,20170816,20170815,210722500,3564.0,12360,188068,441656100.0,3565.0,7,3564.0,4
rb1805,20170816,20170815,210723000,3565.0,12362,188070,441727400.0,3565.0,4,3564.0,6
rb1805,20170816,20170815,210723500,3565.0,12362,188070,441727400.0,3565.0,6,3564.0,7
rb1805,20170816,20170815,210724000,3564.0,12376,188080,442226360.0,3564.0,15,3563.0,38
rb1805,20170816,20170815,210724500,3565.0,12398,188082,443010620.0,3565.0,1,3563.0,27
rb1805,20170816,20170815,210725000,3565.0,12400,188084,443081920.0,3565.0,6,3564.0,2
rb1805,20170816,20170815,210725500,3563.0,12410,188090,443438260.0,3564.0,3,3563.0,15
rb1805,20170816,20170815,210726000,3563.0,12460,188062,445219740.0,3564.0,8,3562.0,89
rb1805,20170816,20170815,210726500,3564.0,12520,188060,447357220.0,3564.0,6,3562.0,60
rb1805,20170816,20170815,210727000,3562.0,12534,188060,447856000.0,3564.0,13,3562.0,56
rb1805,20170816,20170815,210727500,3562.0,12538,188056,447998480.0,3564.0,26,3562.0,55
rb1805,20170816,20170815,210728000,3562.0,12558,188056,448710880.0,3563.0,1,3562.0,45
rb1805,20170816,20170815,210728500,3563.0,12560,188056,448782140.0,3564.0,27,3562.0,45
rb1805,20170816,20170815,210729000,3562.0,12570,188058,449138380.0,3564.0,12,3562.0,42
rb1805,20170816,20170815,210729500,3562.0,12576,188058,449352100.0,3564.0,12,3562.0,41
rb1805,20170816,20170815,210730000,3562.0,12578,188058,449423340.0,3564.0,25,3562.0,40
rb1805,20170816,20170815,210730500,3562.0,12580,188060,449494580.0,3564.0,25,3563.0,5
rb1805,20170816,20170815,210731000,3563.0,12584,188064,449637100.0,3564.0,25,3563.0,3
rb1805,20170816,20170815,210731500,3563.0,12590,188062,449850880.0,3563.0,4,3562.0,41
rb1805,20170816,20170815,210732000,3562.0,12646,188090,451845600.0,3563.0,32,3562.0,13
rb1805,20170816,20170815,210732500,3562.0,12646,188090,451845600.0,3563.0,2,3562.0,14
rb1805,20170816,20170815,210733000,3562.0,12646,188090,451845600.0,3563.0,2,3562.0,14
rb1805,20170816,20170815,210733500,3562.0,12646,188090,451845600.0,3563.0,2,3562.0,15
rb1805,20170816,20170815,210734000,3562.0,12646,188090,451845600.0,3563.0,2,3562.0,15
rb1805,20170816,20170815,210734500,3563.0,12648,188088,451916860.0,3563.0,8,3562.0,15
rb1805,20170816,20170815,210735000,3562.0,12678,188090,452985460.0,3562.0,3,3561.0,52
rb1805,20170816,20170815,210735500,3562.0,12680,188090,453056700.0,3562.0,4,3561.0,52
rb1805,20170816,20170815,210736000,3561.0,12690,188086,453412800.0,3563.0,90,3561.0,63
rb1805,20170816,20170815,210736500,3561.0,12698,188088,453697720.0,3562.0,1,3561.0,61
rb1805,20170816,20170815,210737000,3561.0,12728,188088,454766080.0,3562.0,25,3561.0,49
rb1805,20170816,20170815,210737500,3561.0,12806,188074,457543860.0,3562.0,27,3561.0,20
rb1805,20170816,20170815,210738000,3561.0,12810,188076,457686300.0,3562.0,29,3561.0,18
rb1805,20170816,20170815,210738500,3561.0,12814,188080,457828740.0,3562.0,29,3561.0,16
rb1805,20170816,20170815,210739000,3561.0,12824,188074,458184920.0,3562.0,25,3561.0,15
rb1805,20170816,20170815,210739500,3561.0,12846,188096,458968340.0,3562.0,14,3561.0,10
rb1805,20170816,20170815,210740000,3561.0,12850,188098,459110800.0,3562.0,13,3561.0,9
rb1805,20170816,20170815,210740500,3561.0,12860,188106,459466900.0,3562.0,14,3561.0,4
rb1805,20170816,20170815,210741000,3561.0,12898,188102,460819980.0,3561.0,77,3560.0,73
rb1805,20170816,20170815,210741500,3560.0,13044,188216,466017580.0,3560.0,18,3559.0,72
rb1805,20170816,20170815,210742000,3561.0,13166,188198,470361320.0,3561.0,49,3560.0,41
rb1805,20170816,20170815,210742500,3560.0,13206,188164,471785560.0,3561.0,37,3560.0,29
rb1805,20170816,20170815,210743000,3560.0,13220,188170,472284040.0,3561.0,33,3560.0,12
rb1805,20170816,20170815,210743500,3560.0,13242,188182,473067260.0,3560.0,8,3559.0,83
rb1805,20170816,20170815,210744000,3560.0,13256,188182,473565660.0,3560.0,2,3559.0,73
rb1805,20170816,20170815,210744500,3559.0,13298,188182,475060440.0,3560.0,3,3559.0,53
rb1805,20170816,20170815,210745000,3559.0,13316,188186,475701220.0,3561.0,41,3559.0,50
rb1805,20170816,20170815,210745500,3559.0,13330,188198,476199480.0,3561.0,42,3559.0,44
rb1805,20170816,20170815,210746000,3559.0,13330,188198,476199480.0,3561.0,43,3560.0,3
rb1805,20170816,20170815,210746500,3559.0,13374,188192,477766020.0,3560.0,2,3559.0,48
rb1805,20170816,20170815,210747000,3560.0,13382,188190,478050820.0,3560.0,4,3559.0,48
rb1805,20170816,20170815,210747500,3561.0,13422,188212,479475140.0,3561.0,11,3559.0,51
rb1805,20170816,20170815,210748000,3561.0,13424,188212,479546360.0,3561.0,11,3559.0,66
rb1805,20170816,20170815,210748500,3559.0,13438,188212,480044640.0,3561.0,15,3559.0,60
rb1805,20170816,20170815,210749000,3559.0,13438,188212,480044640.0,3561.0,15,3559.0,70
rb1805,20170816,20170815,210749500,3559.0,13438,188212,480044640.0,3560.0,1,3559.0,71
rb1805,20170816,20170815,210750000,3561.0,13456,188222,480685360.0,3561.0,13,3559.0,66
rb1805,20170816,20170815,210750500,3560.0,13460,188224,480827760.0,3561.0,12,3559.0,66
rb1805,20170816,20170815,210751000,3561.0,13462,188224,480898980.0,3561.0,11,3560.0,1
rb1805,20170816,20170815,210751500,3560.0,13464,188222,480970180.0,3560.0,2,3559.0,67
rb1805,20170816,20170815,210752000,3561.0,13476,188224,481397440.0,3561.0,8,3560.0,22
rb1805,20170816,20170815,210752500,3560.0,13480,188220,481539840.0,3561.0,8,3560.0,16
rb1805,20170816,20170815,210753000,3560.0,13534,188194,483462240.0,3561.0,9,3559.0,58
rb1805,20170816,20170815,210753500,3561.0,13552,188188,484103220.0,3562.0,17,3561.0,13
rb1805,20170816,20170815,210754000,3561.0,13554,188186,484174440.0,3561.0,10,3560.0,7
rb1805,20170816,20170815,210754500,3561.0,13582,188186,485171520.0,3562.0,21,3561.0,2
rb1805,20170816,20170815,210755000,3561.0,13586,188184,485313960.0,3561.0,3,3560.0,7
rb1805,20170816,20170815,210755500,3561.0,13592,188190,485527620.0,3562.0,21,3561.0,11
rb1805,20170816,20170815,210756000,3561.0,13614,188196,486311040.0,3561.0,2,3560.0,8
rb1805,20170816,20170815,210756500,3562.0,13622,188196,486595940.0,3562.0,22,3561.0,6
rb1805,20170816,20170815,210757000,3561.0,13654,188210,487735420.0,3562.0,18,3560.0,23
rb1805,20170816,20170815,210757500,3561.0,13654,188210,487735420.0,3562.0,18,3561.0,9
rb1805,20170816,20170815,210758000,3562.0,13668,188198,488234100.0,3562.0,11,3561.0,9
rb1805,20170816,20170815,210758500,3562.0,13668,188198,488234100.0,3562.0,11,3561.0,9
rb1805,20170816,20170815,210759000,3562.0,13668,188198,488234100.0,3562.0,11,3561.0,10
rb1805,20170816,20170815,210759500,3562.0,13668,188198,488234100.0,3562.0,21,3561.0,10
rb1805,20170816,20170815,210800000,3561.0,13682,188206,488732640.0,3562.0,21,3561.0,8
rb1805,20170816,20170815,210800500,3561.0,13690,188208,489017540.0,3562.0,20,3561.0,10
rb1805,20170816,20170815,210801000,3561.0,13696,188210,489231200.0,3562.0,25,3561.0,14
rb1805,20170816,20170815,210801500,3562.0,13698,188212,489302440.0,3562.0,14,3561.0,10
rb1805,20170816,20170815,210802000,3561.0,13708,188218,489658600.0,3562.0,11,3561.0,11
rb1805,20170816,20170815,210802500,3562.0,13732,188206,490513480.0,3563.0,59,3562.0,23
rb1805,20170816,20170815,210803000,3562.0,13756,188182,491368360.0,3563.0,62,3562.0,13
rb1805,20170816,20170815,210803500,3563.0,13794,188184,492721840.0,3563.0,61,3561.0,8
rb1805,20170816,20170815,210804000,3561.0,13800,188180,492935540.0,3563.0,61,3562.0,1
rb1805,20170816,20170815,210804500,3563.0,13804,188180,493078020.0,3563.0,60,3562.0,2
rb1805,20170816,20170815,210805000,3563.0,13816,188190,493505560.0,3563.0,55,3562.0,1
rb1805,20170816,20170815,210805500,3563.0,13828,188192,493932980.0,3563.0,53,3561.0,10
rb1805,20170816,20170815,210806000,3563.0,13830,188192,494004240.0,3563.0,62,3561.0,16
rb1805,20170816,20170815,210806500,3563.0,13830,188192,494004240.0,3563.0,65,3562.0,1
rb1805,20170816,20170815,210807000,3563.0,13832,188192,494075500.0,3563.0,64,3562.0,2
rb1805,20170816,20170815,210807500,3562.0,13840,188188,494360480.0,3562.0,7,3561.0,12
rb1805,20170816,20170815,210808000,3563.0,13862,188192,495144180.0,3563.0,47,3561.0,17
rb1805,20170816,20170815,210808500,3563.0,13862,188192,495144180.0,3563.0,47,3562.0,2
rb1805,20170816,20170815,210809000,3563.0,13866,188196,495286700.0,3563.0,45,3562.0,2
rb1805,20170816,20170815,210809500,3563.0,13868,188198,495357960.0,3563.0,44,3562.0,2
rb1805,20170816,20170815,210810000,3563.0,13868,188198,495357960.0,3563.0,44,3562.0,3
rb1805,20170816,20170815,210810500,3562.0,13874,188198,495571680.0,3562.0,2,3561.0,8
rb1805,20170816,20170815,210811000,3562.0,13878,188196,495714160.0,3562.0,2,3561.0,14
rb1805,20170816,20170815,210811500,3562.0,13882,188200,495856640.0,3562.0,23,3561.0,9
rb1805,20170816,20170815,210812000,3561.0,13902,188184,496568840.0,3561.0,4,3560.0,47
rb1805,20170816,20170815,210812500,3561.0,13902,188184,496568840.0,3561.0,4,3560.0,45
rb1805,20170816,20170815,210813000,3561.0,13902,188184,496568840.0,3561.0,9,3560.0,45
rb1805,20170816,20170815,210813500,3561.0,13904,188184,496640060.0,3561.0,9,3560.0,40
rb1805,20170816,20170815,210814000,3561.0,13922,188182,497281040.0,3562.0,21,3561.0,4
rb1805,20170816,20170815,210814500,3561.0,13930,188182,497565920.0,3562.0,21,3560.0,40
rb1805,20170816,20170815,210815000,3561.0,13930,188182,497565920.0,3562.0,21,3561.0,1
rb1805,20170816,20170815,210815500,3561.0,13932,188182,497637140.0,3561.0,3,3560.0,40
rb1805,20170816,20170815,210816000,3561.0,13932,188182,497637140.0,3562.0,21,3560.0,40
rb1805,20170816,20170815,210816500,3560.0,13936,188186,497779540.0,3562.0,21,3561.0,2
rb1805,20170816,20170815,210817000,3560.0,13936,188186,497779540.0,3562.0,21,3561.0,3
rb1805,20170816,20170815,210817500,3561.0,13942,188186,497993200.0,3561.0,7,3560.0,38
rb1805,20170816,20170815,210818000,3560.0,13944,188188,498064400.0,3562.0,21,3560.0,38
rb1805,20170816,20170815,210818500,3560.0,13944,188188,498064400.0,3562.0,21,3560.0,33
rb1805,20170816,20170815,210819000,3562.0,13946,188188,498135640.0,3562.0,18,3560.0,35
rb1805,20170816,20170815,210819500,3562.0,13948,188190,498206880.0,3562.0,17,3560.0,32
rb1805,20170816,20170815,210820000,3562.0,13948,188190,498206880.0,3562.0,17,3561.0,2
rb1805,20170816,20170815,210820500,3561.0,13950,188190,498278100.0,3562.0,17,3561.0,1
rb1805,20170816,20170815,210821000,3561.0,13976,188182,499203740.0,3562.0,19,3561.0,2
rb1805,20170816,20170815,210821500,3561.0,13980,188186,499346180.0,3562.0,19,3560.0,26
rb1805,20170816,20170815,210822000,3561.0,13980,188186,499346180.0,3562.0,19,3560.0,48
rb1805,20170816,20170815,210822500,3561.0,13980,188186,499346180.0,3562.0,24,3560.0,51
rb1805,20170816,20170815,210823000,3562.0,13984,188188,499488620.0,3562.0,24,3560.0,50
rb1805,20170816,20170815,210823500,3562.0,13988,188190,499631080.0,3562.0,23,3561.0,3
rb1805,20170816,20170815,210824000,3562.0,13988,188190,499631080.0,3562.0,23,3561.0,10
rb1805,20170816,20170815,210824500,3562.0,13988,188190,499631080.0,3562.0,24,3561.0,19
rb1805,20170816,20170815,210825000,3562.0,14036,188190,501340840.0,3563.0,47,3561.0,22
rb1805,20170816,20170815,210825500,3563.0,14038,188190,501412100.0,3563.0,49,3561.0,22
rb1805,20170816,20170815,210826000,3563.0,14040,188192,501483360.0,3563.0,48,3561.0,26
rb1805,20170816,20170815,210826500,3563.0,14040,188192,501483360.0,3563.0,48,3562.0,9
rb1805,20170816,20170815,210827000,3561.0,14060,188172,502195740.0,3563.0,48,3561.0,12
rb1805,20170816,20170815,210827500,3561.0,14060,188172,502195740.0,3562.0,3,3561.0,17
rb1805,20170816,20170815,210828000,3561.0,14094,188170,503406480.0,3562.0,11,3560.0,46
rb1805,20170816,20170815,210828500,3561.0,14094,188170,503406480.0,3562.0,11,3560.0,46
rb1805,20170816,20170815,210829000,3561.0,14094,188170,503406480.0,3562.0,11,3561.0,1
rb1805,20170816,20170815,210829500,3561.0,14094,188170,503406480.0,3562.0,16,3561.0,1
rb1805,20170816,20170815,210830000,3562.0,14098,188172,503548960.0,3562.0,14,3560.0,48
rb1805,20170816,20170815,210830500,3562.0,14100,188174,503620200.0,3562.0,13,3560.0,48
rb1805,20170816,20170815,210831000,3561.0,14102,188176,503691420.0,3561.0,1,3560.0,48
rb1805,20170816,20170815,210831500,3561.0,14108,188178,503905080.0,3561.0,1,3560.0,41
rb1805,20170816,20170815,210832000,3561.0,14114,188180,504118740.0,3561.0,9,3560.0,41
rb1805,20170816,20170815,210832500,3561.0,14114,188180,504118740.0,3561.0,13,3560.0,41
rb1805,20170816,20170815,210833000,3561.0,14114,188180,504118740.0,3561.0,13,3560.0,41
rb1805,20170816,20170815,210833500,3561.0,14114,188180,504118740.0,3561.0,13,3560.0,41
rb1805,20170816,20170815,210834000,3561.0,14114,188180,504118740.0,3561.0,13,3560.0,42
rb1805,20170816,20170815,210834500,3561.0,14124,188180,504474800.0,3561.0,10,3560.0,41
rb1805,20170816,20170815,210835000,3561.0,14136,188170,504902120.0,3561.0,4,3560.0,54
rb1805,20170816,20170815,210835500,3561.0,14142,188164,505115780.0,3561.0,6,3560.0,56
rb1805,20170816,20170815,210836000,3561.0,14154,188164,505543100.0,3562.0,8,3561.0,8
rb1805,20170816,20170815,210836500,3562.0,14166,188164,505970520.0,3562.0,3,3561.0,9
rb1805,20170816,20170815,210837000,3560.0,14226,188164,508106700.0,3561.0,9,3560.0,33
rb1805,20170816,20170815,210837500,3560.0,14226,188164,508106700.0,3562.0,11,3560.0,33
rb1805,20170816,20170815,210838000,3560.0,14228,188164,508177900.0,3562.0,11,3561.0,1
rb1805,20170816,20170815,210838500,3561.0,14230,188162,508249120.0,3561.0,6,3560.0,37
rb1805,20170816,20170815,210839000,3560.0,14236,188164,508462720.0,3561.0,3,3560.0,34
rb1805,20170816,20170815,210839500,3561.0,14240,188164,508605160.0,3561.0,4,3560.0,34
rb1805,20170816,20170815,210840000,3561.0,14240,188164,508605160.0,3561.0,4,3560.0,34
rb1805,20170816,20170815,210840500,3560.0,14270,188160,509673160.0,3561.0,9,3560.0,22
rb1805,20170816,20170815,210841000,3560.0,14318,188168,511381940.0,3560.0,22,3559.0,71
rb1805,20170816,20170815,210841500,3560.0,14320,188166,511453140.0,3560.0,1,3559.0,71
rb1805,20170816,20170815,210842000,3560.0,14320,188166,511453140.0,3560.0,4,3559.0,71
rb1805,20170816,20170815,210842500,3561.0,14354,188158,512663800.0,3560.0,1,3559.0,71
rb1805,20170816,20170815,210843000,3560.0,14356,188156,512735000.0,3561.0,4,3559.0,71
rb1805,20170816,20170815,210843500,3560.0,14356,188156,512735000.0,3561.0,5,3560.0,3
rb1805,20170816,20170815,210844000,3560.0,14356,188156,512735000.0,3561.0,6,3560.0,17
rb1805,20170816,20170815,210844500,3560.0,14356,188156,512735000.0,3561.0,6,3560.0,17
rb1805,20170816,20170815,210845000,3560.0,14360,188156,512877400.0,3561.0,6,3560.0,16
rb1805,20170816,20170815,210845500,3561.0,14362,188154,512948620.0,3561.0,5,3560.0,17
rb1805,20170816,20170815,210846000,3561.0,14364,188154,513019840.0,3561.0,4,3560.0,17
rb1805,20170816,20170815,210846500,3561.0,14372,188160,513304720.0,3562.0,8,3561.0,81
rb1805,20170816,20170815,210847000,3561.0,14376,188162,513447180.0,3562.0,4,3561.0,85
rb1805,20170816,20170815,210847500,3561.0,14478,188264,517079400.0,3562.0,8,3561.0,34
rb1805,20170816,20170815,210848000,3561.0,14498,188284,517791640.0,3562.0,7,3561.0,27
rb1805,20170816,20170815,210848500,3561.0,14498,188284,517791640.0,3562.0,8,3561.0,29
rb1805,20170816,20170815,210849000,3562.0,14508,188290,518147840.0,3562.0,3,3561.0,29
rb1805,20170816,20170815,210849500,3561.0,14510,188292,518219060.0,3562.0,3,3561.0,28
rb1805,20170816,20170815,210850000,3562.0,14514,188294,518361520.0,3562.0,6,3561.0,30
rb1805,20170816,20170815,210850500,3562.0,14518,188294,518504000.0,3562.0,4,3561.0,30
rb1805,20170816,20170815,210851000,3560.0,14618,188366,522064600.0,3562.0,4,3560.0,8
rb1805,20170816,20170815,210851500,3560.0,14618,188366,522064600.0,3562.0,6,3560.0,8
rb1805,20170816,20170815,210852000,3560.0,14618,188366,522064600.0,3562.0,6,3561.0,3
rb1805,20170816,20170815,210852500,3562.0,14620,188364,522135840.0,3562.0,3,3561.0,2
rb1805,20170816,20170815,210853000,3562.0,14620,188364,522135840.0,3562.0,1,3561.0,5
rb1805,20170816,20170815,210853500,3562.0,14622,188364,522207080.0,3563.0,50,3562.0,1
rb1805,20170816,20170815,210854000,3561.0,14624,188366,522278300.0,3563.0,50,3561.0,21
rb1805,20170816,20170815,210854500,3561.0,14630,188372,522491960.0,3562.0,5,3561.0,18
rb1805,20170816,20170815,210855000,3562.0,14642,188370,522919400.0,3563.0,50,3562.0,7
rb1805,20170816,20170815,210855500,3562.0,14644,188370,522990640.0,3563.0,50,3562.0,1
rb1805,20170816,20170815,210856000,3562.0,14644,188370,522990640.0,3563.0,53,3562.0,5
rb1805,20170816,20170815,210856500,3562.0,14644,188370,522990640.0,3563.0,53,3562.0,8
rb1805,20170816,20170815,210857000,3562.0,14660,188372,523560560.0,3563.0,63,3562.0,7
rb1805,20170816,20170815,210857500,3562.0,14662,188372,523631800.0,3563.0,58,3562.0,6
rb1805,20170816,20170815,210858000,3562.0,14680,188378,524272960.0,3562.0,11,3561.0,25
rb1805,20170816,20170815,210858500,3561.0,14690,188380,524629140.0,3562.0,7,3561.0,27
rb1805,20170816,20170815,210859000,3562.0,14698,188382,524914100.0,3562.0,3,3561.0,27
rb1805,20170816,20170815,210859500,3562.0,14698,188382,524914100.0,3562.0,4,3561.0,27
rb1805,20170816,20170815,210900000,3562.0,14708,188388,525270300.0,3563.0,55,3561.0,38
rb1805,20170816,20170815,210900500,3561.0,14710,188390,525341520.0,3563.0,55,3561.0,40
rb1805,20170816,20170815,210901000,3561.0,14712,188392,525412740.0,3563.0,55,3562.0,9
rb1805,20170816,20170815,210901500,3561.0,14718,188398,525626400.0,3563.0,58,3562.0,6
rb1805,20170816,20170815,210902000,3561.0,14722,188402,525768840.0,3563.0,53,3562.0,4
rb1805,20170816,20170815,210902500,3562.0,14728,188406,525982580.0,3563.0,52,3562.0,23
rb1805,20170816,20170815,210903000,3562.0,14734,188412,526196300.0,3563.0,52,3562.0,20
rb1805,20170816,20170815,210903500,3562.0,14736,188414,526267540.0,3563.0,52,3562.0,22
rb1805,20170816,20170815,210904000,3562.0,14736,188414,526267540.0,3563.0,53,3562.0,23
rb1805,20170816,20170815,210904500,3562.0,14736,188414,526267540.0,3563.0,53,3562.0,23
rb1805,20170816,20170815,210905000,3562.0,14736,188414,526267540.0,3563.0,53,3562.0,23
rb1805,20170816,20170815,210905500,3562.0,14890,188524,531754100.0,3564.0,8,3561.0,28
rb1805,20170816,20170815,210906000,3562.0,14890,188524,531754100.0,3564.0,11,3562.0,17
rb1805,20170816,20170815,210906500,3564.0,14896,188522,531967940.0,3564.0,5,3562.0,16
rb1805,20170816,20170815,210907000,3564.0,14908,188512,532395620.0,3565.0,20,3564.0,1
rb1805,20170816,20170815,210907500,3564.0,14910,188512,532466900.0,3565.0,23,3564.0,1
rb1805,20170816,20170815,210908000,3564.0,14910,188512,532466900.0,3565.0,23,3564.0,1
rb1805,20170816,20170815,210908500,3564.0,14910,188512,532466900.0,3565.0,23,3564.0,1
rb1805,20170816,20170815,210909000,3564.0,14912,188512,532538180.0,3565.0,23,3564.0,1
rb1805,20170816,20170815,210909500,3564.0,14916,188514,532680760.0,3565.0,22,3564.0,1
rb1805,20170816,20170815,210910000,3564.0,14918,188516,532752040.0,3565.0,22,3563.0,4
rb1805,20170816,20170815,210910500,3565.0,14920,188514,532823340.0,3565.0,21,3563.0,8
rb1805,20170816,20170815,210911000,3564.0,14924,188514,532965900.0,3564.0,8,3563.0,15
rb1805,20170816,20170815,210911500,3564.0,14942,188524,533607420.0,3565.0,21,3563.0,16
rb1805,20170816,20170815,210912000,3564.0,14942,188524,533607420.0,3565.0,22,3564.0,1
rb1805,20170816,20170815,210912500,3563.0,14948,188526,533821260.0,3565.0,21,3564.0,1
rb1805,20170816,20170815,210913000,3565.0,14950,188524,533892560.0,3565.0,20,3564.0,1
rb1805,20170816,20170815,210913500,3565.0,14950,188524,533892560.0,3565.0,17,3564.0,12
rb1805,20170816,20170815,210914000,3565.0,14950,188524,533892560.0,3565.0,20,3564.0,13
rb1805,20170816,20170815,210914500,3565.0,14954,188524,534035160.0,3565.0,17,3564.0,14
rb1805,20170816,20170815,210915000,3565.0,14956,188524,534106460.0,3565.0,16,3564.0,14
rb1805,20170816,20170815,210915500,3565.0,14960,188526,534249060.0,3565.0,15,3564.0,14
rb1805,20170816,20170815,210916000,3565.0,14962,188526,534320360.0,3565.0,14,3564.0,15
rb1805,20170816,20170815,210916500,3565.0,14962,188526,534320360.0,3565.0,14,3564.0,15
rb1805,20170816,20170815,210917000,3564.0,14968,188530,534534200.0,3565.0,11,3564.0,12
rb1805,20170816,20170815,210917500,3565.0,14992,188536,535389800.0,3566.0,25,3565.0,9
rb1805,20170816,20170815,210918000,3565.0,15014,188558,536174100.0,3566.0,28,3565.0,4
rb1805,20170816,20170815,210918500,3565.0,15014,188558,536174100.0,3566.0,28,3565.0,4
rb1805,20170816,20170815,210919500,3565.0,15014,188558,536174100.0,3566.0,28,3565.0,4
rb1805,20170816,20170815,210920000,3565.0,15016,188558,536245400.0,3566.0,28,3565.0,3
rb1805,20170816,20170815,210920500,3565.0,15022,188564,536459300.0,3566.0,28,3564.0,43
rb1805,20170816,20170815,210921000,3565.0,15024,188566,536530600.0,3565.0,1,3564.0,53
rb1805,20170816,20170815,210921500,3565.0,15030,188568,536744520.0,3566.0,29,3565.0,1
rb1805,20170816,20170815,210922000,3566.0,15032,188570,536815840.0,3566.0,28,3564.0,53
rb1805,20170816,20170815,210922500,3566.0,15038,188568,537029800.0,3566.0,25,3565.0,1
rb1805,20170816,20170815,210923000,3566.0,15038,188568,537029800.0,3566.0,25,3565.0,8
rb1805,20170816,20170815,210923500,3566.0,15040,188566,537101120.0,3566.0,22,3565.0,10
rb1805,20170816,20170815,210924000,3566.0,15040,188566,537101120.0,3566.0,24,3565.0,11
rb1805,20170816,20170815,210924500,3566.0,15042,188564,537172440.0,3566.0,27,3565.0,4
rb1805,20170816,20170815,210925000,3566.0,15044,188562,537243760.0,3566.0,26,3565.0,5
rb1805,20170816,20170815,210925500,3565.0,15054,188572,537600260.0,3565.0,1,3564.0,51
rb1805,20170816,20170815,210926000,3565.0,15056,188574,537671560.0,3565.0,20,3564.0,51
rb1805,20170816,20170815,210926500,3565.0,15058,188574,537742860.0,3565.0,20,3564.0,44
rb1805,20170816,20170815,210927000,3565.0,15078,188554,538455860.0,3565.0,21,3564.0,45
rb1805,20170816,20170815,210927500,3565.0,15078,188554,538455860.0,3565.0,21,3564.0,44
rb1805,20170816,20170815,210928000,3565.0,15080,188554,538527160.0,3565.0,23,3564.0,44
rb1805,20170816,20170815,210928500,3565.0,15122,188556,540024460.0,3566.0,83,3565.0,29
rb1805,20170816,20170815,210929000,3565.0,15182,188596,542163460.0,3566.0,83,3565.0,9
rb1805,20170816,20170815,210929500,3565.0,15200,188596,542805160.0,3565.0,1,3564.0,44
rb1805,20170816,20170815,210930000,3564.0,15206,188596,543019020.0,3566.0,86,3564.0,42
rb1805,20170816,20170815,210930500,3565.0,15212,188594,543232900.0,3565.0,7,3564.0,41
rb1805,20170816,20170815,210931000,3565.0,15214,188594,543304200.0,3565.0,7,3564.0,41
rb1805,20170816,20170815,210931500,3565.0,15216,188592,543375500.0,3565.0,6,3564.0,42
rb1805,20170816,20170815,210932000,3565.0,15218,188592,543446800.0,3565.0,16,3564.0,42
rb1805,20170816,20170815,210932500,3565.0,15218,188592,543446800.0,3565.0,16,3564.0,42
rb1805,20170816,20170815,210933000,3564.0,15220,188594,543518080.0,3565.0,16,3564.0,41
rb1805,20170816,20170815,210934000,3565.0,15222,188594,543589380.0,3565.0,15,3564.0,42
rb1805,20170816,20170815,210934500,3565.0,15222,188594,543589380.0,3565.0,15,3564.0,42
rb1805,20170816,20170815,210935000,3565.0,15222,188594,543589380.0,3565.0,17,3564.0,42
rb1805,20170816,20170815,210935500,3565.0,15224,188594,543660680.0,3565.0,16,3564.0,42
rb1805,20170816,20170815,210936000,3565.0,15224,188594,543660680.0,3565.0,18,3564.0,42
rb1805,20170816,20170815,210936500,3565.0,15226,188596,543731980.0,3565.0,19,3564.0,42
rb1805,20170816,20170815,210937000,3565.0,15226,188596,543731980.0,3565.0,20,3564.0,42
rb1805,20170816,20170815,210937500,3565.0,15228,188596,543803280.0,3565.0,21,3564.0,42
rb1805,20170816,20170815,210938000,3565.0,15236,188592,544088480.0,3565.0,22,3564.0,42
rb1805,20170816,20170815,210938500,3565.0,15240,188594,544231060.0,3565.0,22,3564.0,43
rb1805,20170816,20170815,210939000,3565.0,15240,188594,544231060.0,3565.0,22,3564.0,46
rb1805,20170816,20170815,210939500,3565.0,15260,188596,544944060.0,3565.0,12,3564.0,42
rb1805,20170816,20170815,210940000,3564.0,15344,188532,547937820.0,3564.0,1,3563.0,20
rb1805,20170816,20170815,210940500,3564.0,15344,188532,547937820.0,3564.0,1,3563.0,20
rb1805,20170816,20170815,210941000,3564.0,15344,188532,547937820.0,3564.0,4,3563.0,20
rb1805,20170816,20170815,210941500,3564.0,15348,188530,548080360.0,3564.0,7,3563.0,19
rb1805,20170816,20170815,210942000,3564.0,15348,188530,548080360.0,3564.0,11,3563.0,19
rb1805,20170816,20170815,210942500,3564.0,15354,188530,548294180.0,3564.0,8,3563.0,18
rb1805,20170816,20170815,210943000,3564.0,15356,188530,548365460.0,3564.0,8,3563.0,18
rb1805,20170816,20170815,210943500,3564.0,15366,188540,548721860.0,3564.0,2,3563.0,18
rb1805,20170816,20170815,210944000,3564.0,15368,188542,548793140.0,3564.0,1,3563.0,18
rb1805,20170816,20170815,210944500,3564.0,15368,188542,548793140.0,3564.0,6,3563.0,18
rb1805,20170816,20170815,210945000,3564.0,15368,188542,548793140.0,3564.0,9,3563.0,18
rb1805,20170816,20170815,210945500,3563.0,15406,188532,550147080.0,3563.0,6,3562.0,27
rb1805,20170816,20170815,210946000,3562.0,15410,188530,550289560.0,3563.0,1,3562.0,21
rb1805,20170816,20170815,210946500,3562.0,15412,188528,550360800.0,3563.0,1,3562.0,20
rb1805,20170816,20170815,210947000,3563.0,15414,188530,550432060.0,3564.0,11,3562.0,18
rb1805,20170816,20170815,210947500,3563.0,15414,188530,550432060.0,3564.0,13,3563.0,1
rb1805,20170816,20170815,210948000,3562.0,15418,188530,550574560.0,3563.0,4,3562.0,17
rb1805,20170816,20170815,210948500,3563.0,15420,188528,550645820.0,3563.0,3,3562.0,15
rb1805,20170816,20170815,210949000,3564.0,15422,188530,550717100.0,3564.0,12,3562.0,15
rb1805,20170816,20170815,210949500,3564.0,15428,188528,550930940.0,3564.0,11,3562.0,15
